6025 6775
520 541 618 616 1009
684 567 706 626 ·‚
1068 534 1098 610 1.
1150 531 1444 613 cunourcou
1466 528 1718 624 cauturus.
1767 529 1895 607 rans
1920 531 1969 636 n.
2428 547 2528 619 1010

518 732 718 806 progressos
741 730 815 782 esse
831 717 1008 801 posteros,
1033 728 1099 776 nee
1119 708 1274 798 primum
1297 720 1399 777 natos
1421 728 1495 776 esse
1545 704 1637 774 dunt
1653 702 1762 794 igitur
1777 706 1821 773 ad
1841 699 1968 796 Alpes,
1992 704 2044 776 ibi
2060 704 2306 799 diePaseatos,
2332 737 2411 784 cum
2428 716 2526 787 iussu

516 816 555 883 in
569 812 722 906 scopulis
741 811 857 882 nostri
876 809 1003 895 maris,
1026 821 1066 878 ut
1086 808 1230 901 quidam
1253 806 1372 898 inepte
1390 807 1495 877 fahu·
1545 803 1744 878 stilliconis
1771 806 1915 900 quidam
1950 831 1991 876 ex
2027 808 2103 877 eius
2131 810 2281 883 ducibus
2308 816 2433 885 fraude
2464 840 2524 887 eos
2639 856 2641 859 ·

517 917 648 989 letatur,
1544 906 1688 976 adortus
1704 922 1808 991 esset,
1835 904 1936 978 Gotti
1951 908 2094 979 suerunt
2112 911 2272 983 victores.
2325 911 2520 1009 Aliquanto

616 1015 822 1085 Alexander
835 1034 910 1081 non
926 1007 1048 1100 procul
1061 1008 1107 1078 ab
1123 1006 1379 1093 insulaPeuee,
1402 1030 1494 1099 quae
1545 1019 1623 1097 post
1635 1004 1818 1077 Honorius
1833 1031 1894 1079 sen
1916 1032 1997 1078 vere
2016 1033 2079 1080 seu
2100 1010 2187 1081 falso
2212 1013 2393 1106 suspicans
2407 1017 2523 1087 Stilli-

514 1117 698 1188 notissima
720 1127 789 1200 est,
820 1111 1004 1208 paululum
1027 1132 1131 1199 supra
1148 1105 1367 1202 Byzantium¹
1386 1107 1494 1176 dimi·
1544 1130 1668 1178 eonem
1686 1107 1877 1199 imperium
1901 1111 1945 1179 ad
1967 1134 2003 1179 se
2025 1112 2276 1182 translaturum
2300 1138 2392 1201 esse,
2424 1118 2524 1187 iubet

514 1219 607 1287 eavit
629 1240 709 1285 cum
738 1236 819 1305 rege
842 1210 965 1283 Getico
989 1203 1146 1301 Syrmo,
1188 1210 1284 1278 unde
1309 1207 1491 1302 Syrmium
1543 1230 1624 1279 eum
1639 1221 1672 1277 et
1688 1207 1801 1277 iilium
1816 1209 1890 1277 eius
1904 1206 2120 1281 Eucherium
2136 1213 2298 1288 interfici.

514 1318 648 1403 dictum
672 1328 734 1386 est.
792 1310 988 1405 Aliquanto
1013 1321 1093 1399 post
1114 1304 1347 1402 Lysimachus
1370 1333 1390 1378 a
1411 1331 1492 1399 rege
1643 1305 1733 1378 Cum
1749 1308 1857 1398 igitur
1866 1308 1968 1380 ltalia
1984 1314 2072 1382 duce
2089 1315 2210 1384 orbata
2225 1328 2327 1400 esset,
2353 1312 2518 1388 Alaricus

513 1416 640 1488 Getico
664 1417 737 1486 acie
759 1413 873 1484 victus
902 1424 936 1482 et
967 1422 1088 1499 eaptus
1121 1422 1191 1494 est,
1232 1422 1267 1483 et
1298 1409 1491 1479 liberaliter
1542 1408 1669 1479 omissa
1691 1407 1810 1479 Gallia
1838 1413 1954 1500 pergit
1979 1409 2154 1495 Romam,
2196 1429 2231 1487 et
2258 1416 2521 1487 circumsessam

511 1518 677 1586 dimissus
693 1513 892 1591 concessit,
906 1523 946 1579 ut
966 1511 1010 1577 ad
1031 1507 1157 1579 latrum
1176 1505 1287 1580 Getae
1306 1513 1403 1579 sedes
1424 1505 1490 1578 ha·
1540 1507 1687 1578 biennio
1702 1510 1794 1601 capit
1810 1506 2118 1604 CalendisAprilis
2136 1536 2231 1585 anno
2246 1517 2381 1587 decimo
2396 1517 2520 1589 oct'avo

511 1619 653 1700 herent,
680 1629 715 1687 et
734 1615 806 1703 regi
824 1609 996 1681 Getarum
1011 1609 1120 1678 filiam
1139 1611 1238 1681 dedit
1260 1634 1424 1696 uxorem,
1450 1622 1490 1680 ut
1540 1606 1716 1692 Honorii,
1750 1632 1845 1679 anno
1861 1605 1997 1682 Christi
2017 1616 2364 1706 quadringentesimo
2382 1620 2518 1690 decimo

510 1730 632 1794 narrat
644 1714 847 1785 Pausanias.
899 1709 1004 1779 Tunc
1017 1709 1127 1797 igitur
1139 1711 1318 1800 regionem
1335 1711 1489 1780 vicinam
1539 1722 1685 1803 quarto,
1717 1730 1813 1777 anno
1836 1707 1972 1785 Romae
1995 1714 2185 1785 millesimo
2209 1719 2397 1788 centesimo
2421 1742 2519 1789 sexa-

509 1816 681 1911 Byaantio
707 1817 753 1885 ad
779 1812 907 1882 istrum
939 1823 1148 1890 tenuerunt,
1182 1827 1215 1884 et
1240 1809 1385 1882 Graecis
1411 1810 1487 1882 noti
1539 1812 1671 1900 gesimo
1710 1822 1859 1901 quarto,
1909 1831 2005 1881 anno
2042 1827 2123 1907 post
2160 1815 2328 1908 Radagisi
2367 1817 2517 1890 mortem

508 1919 670 2001 fuerunt,
695 1928 729 1985 et
750 1912 921 2006 paulatim
942 1911 1047 1981 latius
1070 1911 1244 1983 dominati
1266 1925 1361 1985 sunt.
1410 1910 1488 1982 No·
1540 1912 1680 2003 quinto.

508 2018 623 2088 minat
648 2018 742 2085 euim
767 2014 895 2084 Strabo
919 2014 1043 2080 ducem
1060 2010 1231 2080 Getamm
1248 2011 1486 2093 Warfestum,
1640 2008 1735 2081 Urbs
1749 2033 1823 2081 non
1837 2024 1888 2080 cst
1905 2011 2039 2096 deleta,
2064 2016 2256 2088 multitudo
2278 2017 2402 2102 etiam,
2426 2042 2516 2110 quae
2544 2082 2546 2087 .

508 2118 570 2210 qui
588 2112 776 2186 Thracium
793 2112 966 2186 Romanis
979 2113 1198 2201 temporibus
1213 2113 1402 2204 populatus
1425 2125 1487 2183 est.
1537 2111 1576 2179 in
1595 2105 1797 2181 Christiana
1824 2113 1953 2200 templa
1975 2115 2201 2204 confugerat,
2237 2142 2310 2187 non
2333 2119 2515 2188 interfecta
2624 2167 2629 2175 -

506 2216 647 2287 Deinde
662 2214 884 2285 notissimum
901 2224 972 2294 est,
994 2208 1177 2306 Romanos
1195 2212 1424 2301 imperatores
1447 2213 1486 2281 in
1537 2224 1607 2295 est,
1632 2214 1692 2282 sed
1717 2236 1757 2280 ex
1782 2211 1921 2302 templis
1947 2224 2044 2282 etex
2066 2215 2145 2282 aliis
2167 2212 2340 2286 thesauris
2365 2218 2516 2308 publicis

455 2369 459 2382 ,
508 2317 622 2385 vicina
646 2340 707 2384 ora
729 2312 937 2382 Pannoniae
961 2336 1040 2379 cum
1065 2309 1168 2382 Getis
1191 2325 1225 2381 et
1242 2309 1362 2382 Gottis
1383 2336 1484 2404 saepe
1537 2326 1572 2382 et
1588 2312 1736 2402 privatis
1758 2311 1883 2400 ingens
1904 2315 2033 2401 praeda
2059 2329 2222 2403 congesta
2246 2330 2314 2397 est,
2348 2331 2382 2385 et
2399 2318 2516 2387 Placi-

507 2415 700 2485 dimicasse.
750 2405 1354 2483 NarrantethodieGottostenere
1373 2410 1484 2486 Cher·
1535 2412 1594 2481 dia
1629 2409 1734 2482 Galla
1766 2413 1837 2480 filia
1869 2411 1976 2501 primi
2003 2410 2218 2505 Theodosii,
2259 2416 2513 2507 imperatorum

507 2539 669 2586 sonesum
679 2512 887 2596 Tauricam,
912 2532 1003 2602 quae
1020 2533 1093 2592 non
1108 2511 1231 2602 procul
1249 2515 1346 2585 abest
1359 2512 1484 2585 aCon-
1535 2513 1680 2582 Arcadii
1703 2526 1737 2583 et
1756 2510 1908 2581 Honorii
1930 2534 2032 2582 soror
2049 2529 2149 2605 capta
2174 2530 2225 2585 est
2248 2530 2282 2585 et
2303 2511 2512 2607 desponsata

505 2615 754 2705 stantinopoli,
781 2627 816 2682 et
829 2611 950 2699 lingua
964 2632 1023 2679 eos
1038 2624 1157 2682 nostra
1179 2614 1278 2707 loqui
1294 2615 1483 2688 affirmant.
1534 2627 1682 2703 cognato
1714 2609 1848 2682 Alarici
1879 2608 2090 2705 Adaulpho:
2132 2639 2215 2684 nam
2246 2613 2409 2686 Alaricus
2441 2617 2512 2684 iam

504 2713 576 2785 Diu
592 2716 700 2804 igitur
719 2712 890 2781 Getarum
911 2712 1027 2779 sedem
1050 2713 1156 2782 fuisse
1178 2737 1235 2784 eas
1257 2716 1483 2803 regiones-ad
1532 2736 1638 2783 senex
1663 2728 1750 2786 erat.

505 2813 638 2911 Tyram
657 2828 691 2883 et
704 2814 747 2881 ad
764 2813 894 2881 Istrum
909 2825 1062 2893 constat,
1088 2838 1176 2905 quae
1192 2839 1289 2887 nnnc
1301 2830 1386 2889 sunt
1400 2839 1483 2910 par·
1635 2811 1685 2883 Ut
1700 2826 1817 2881 antem
1839 2813 2012 2905 'reliquam
2027 2812 2164 2883 ltaliam
2180 2830 2363 2905 occuparet
2380 2831 2415 2886 et
2429 2841 2511 2907 spo-

503 2916 566 2987 tim
587 2908 795 2997 Walaehia,
816 2911 944 3002 partim
959 2911 1137 3001 Bulgaria.
1532 2912 1635 2983 liaret
1658 2908 1839 2996 Alaricus,
1875 2913 1977 2982 duxit
1999 2915 2187 2984 exercitum
2209 2917 2247 2987 iu
2270 2913 2511 3006 Campaniam,

605 3014 736 3084 Valens
755 3014 946 3104 imperator
961 3038 1034 3082 uon
1055 3015 1211 3103 procula
1227 3014 1481 3087 Constantino-
1532 3026 1567 3083 et
1585 3015 1630 3082 ad
1647 3009 1805 3081 Siciliam
1820 3035 1932 3105 usqne
1951 3014 2111 3105 accessit,
2143 3015 2206 3085 ubi
2232 3018 2270 3084 in
2294 3016 2419 3086 ultima
2438 3015 2509 3086 lta·

503 3118 576 3209 poli
593 3117 639 3185 ab
655 3114 704 3182 eis
720 3113 833 3182 victus
847 3125 909 3182 est.
959 3111 1098 3187 Deinde
1111 3118 1274 3208 repressit
1291 3113 1480 3187 eosTheo·
1530 3113 1600 3183 liae
1621 3134 1683 3182 ora
1707 3112 1830 3180 morbo
1854 3112 2028 3182 extinctus
2050 3129 2100 3184 est
2123 3140 2183 3184 rex
2200 3113 2375 3189 Gotticus.
2424 3115 2510 3186 Post
2577 3105 2580 3111 ¹

503 3217 634 3286 dosius.
675 3212 819 3285 Auxilia
836 3213 941 3283 etiam
958 3237 1078 3284 eorum
1095 3216 1164 3285 sibi
1179 3213 1343 3289 adiunxit
1357 3229 1478 3289 contra
1531 3237 1611 3282 eum
1628 3214 1740 3282 factus
1758 3225 1808 3281 est
1824 3208 2037 3303 Adaulphus
2055 3239 2138 3296 rer,
2163 3215 2239 3330 qui·
2250 3217 2439 3286 exereitum
2467 3217 2506 3285 iu

501 3317 699 3388 Maximum
723 3328 757 3385 et
775 3312 996 3403 Eugenium,
1032 3328 1066 3383 et
1090 3318 1265 3407 stipendia
1292 3318 1343 3388 eis
1371 3319 1479 3393 dedit.
1530 3311 1669 3391 ltaliam
1692 3311 1850 3398 reduxit,
1873 3313 1938 3381 ubi
1955 3313 2132 3384 Placidiae
2148 3316 2398 3389 intercessione
2415 3316 2507 3385 leni-

500 3416 598 3488 Haee
622 3441 702 3486 cum
727 3417 857 3486 deinde
873 3413 1047 3484 Arcadius
1072 3429 1105 3485 et
1121 3415 1304 3487 Honorius
1324 3422 1479 3509 pendere
1529 3427 1586 3485 tus
1616 3437 1690 3483 non
1722 3413 1853 3484 delevit
1884 3416 2028 3496 urbem,
2071 3431 2109 3486 ut
2140 3418 2280 3488 inerant
2308 3414 2507 3488 hortatores

500 3519 649 3608 nollent,
675 3519 808 3613 bellurn
822 3529 942 3587 eontra
959 3539 1018 3584 eos
1031 3531 1229 3587 moverunt.
1261 3514 1349 3590 Erat
1361 3532 1478 3589 autem
1529 3511 1651 3598 Gotti,
1677 3526 1711 3584 et
1727 3538 1810 3606 pace
1830 3515 1920 3584 faeta
1944 3539 2023 3585 cum
2040 3515 2202 3587 Honorio
2226 3533 2368 3608 propter
2388 3519 2506 3586 affini·

501 3617 640 3709 Stillico
671 3630 770 3687 onus
792 3641 833 3685 ex
856 3630 958 3706 gente
981 3614 1138 3701 Heneta,
1178 3617 1321 3687 inimica
1346 3615 1478 3694 Gottis.
1527 3627 1634 3685 tatem
1653 3614 1809 3684 discessit
1823 3614 1861 3682 in
1878 3611 2051 3702 Galliam,
2084 3631 2116 3687 et
2135 3619 2217 3686 inde
2233 3620 2270 3686 iu
2286 3618 2506 3708 Hispaniam,

499 3717 583 3788 ldeo
598 3730 718 3788 contra
737 3716 865 3786 Gottos
881 3731 914 3787 et
928 3715 1081 3784 Francos
1097 3718 1241 3789 attraxit
1264 3718 1303 3786 in
1319 3716 1476 3788 Galliam
1527 3715 1627 3785 cuius
1642 3738 1766 3805 magua
1784 3737 1864 3805 pars
1884 3715 1954 3783 iam
1975 3717 2156 3803 aSuevis,
2183 3714 2351 3787 Vandalis
2368 3732 2402 3788 et
2417 3714 2506 3787 Ala-

497 3816 730 3909 Burgundos,
755 3815 900 3900 Suevos,
927 3817 1061 3885 Alanos
1077 3826 1112 3886 ct
1128 3819 1214 3887 alias
1229 3833 1348 3909 gentes
1363 3819 1475 3890 littori
1526 3816 1583 3885 nis
1597 3830 1765 3908 occupata
1782 3828 1873 3899 erat,
1897 3817 1958 3908 qui
1971 3841 2010 3885 ex
2022 3815 2141 3887 Gallia
2157 3814 2393 3890 aConstantio
2408 3820 2503 3910 pulsi

497 3916 634 3989 Bahico
650 3920 794 3986 vicinas.
833 3916 909 3986 Hae
926 3919 1068 3987 luerunt
1083 3920 1282 3989 occasiones
1298 3921 1474 3990 bellorum
1525 3929 1635 3988 erant.
1685 3918 1794 3986 Anno
1808 3930 1923 3986 autem
1938 3917 2043 3987 tertio
2061 3931 2141 4010 post
2163 3918 2351 3988 discessum
2375 3945 2415 3987 ex
2430 3918 2502 3988 lta·

499 4017 724 4091 Gotticornm
755 4032 789 4088 et
813 4017 1109 4103 Vandalieornm‚
1150 4021 1281 4113 quibus
1303 4019 1343 4089 in
1366 4015 1474 4092 Osci·
1523 4017 1571 4086 lia
1593 4013 1804 4108 Adaulphus
1826 4017 1863 4082 in
1883 4015 2055 4104 llispania
2076 4041 2096 4085 a
2118 4016 2190 4085 suis
2213 4014 2415 4087 interiectus
2437 4034 2501 4090 est.

498 4121 602 4191 dente
618 4121 806 4209 imperium
822 4118 1050 4187 dilaceratum
1066 4133 1127 4190 est.
1523 4116 1703 4186 Adversus
1733 4112 1829 4183 herne
1857 4113 1952 4182 misit
1976 4111 2160 4185 Honorius
2181 4117 2304 4185 ducem
2326 4114 2501 4187 Constan-

597 4215 705 4288 Anno
727 4230 842 4289 autem
859 4215 1010 4286 Honorii
1034 4204 1171 4294 decimo
1193 4233 1338 4305 octavo,
1375 4244 1470 4290 anno
1522 4217 1613 4288 tium
1637 4215 1822 4307 patricium
1845 4210 2071 4300 Romanurn,
2101 4216 2162 4308 qui
2186 4215 2340 4286 Galliam
2359 4215 2499 4286 Narbo·
2576 4284 2580 4293 ,

496 4312 628 4388 Christi
645 4318 989 4410 quadringentesimo
1005 4317 1308 4408 nonoRadagisus
1323 4322 1471 4389 ducenta
1522 4339 1670 4386 nensem
1693 4329 1726 4384 et
1751 4314 1900 4382 vicinam
1924 4327 2057 4403 partem
2082 4320 2240 4404 regebat,
2272 4330 2305 4387 et
2328 4318 2499 4388 foeliciter

496 4415 809 4487 milliaGottorum
823 4418 860 4486 iu
878 4415 1014 4486 ltaliam
1029 4418 1138 4489 duxit.
1173 4419 1243 4489 Sed
1258 4444 1339 4489 cunr
1355 4431 1472 4489 trans-
1521 4420 1605 4487 inde
1629 4414 1809 4486 Vandalos
1833 4414 2022 4505 expulerat·
2087 4413 2194 4486 Hunc
2221 4417 2323 4486 iussit
2343 4431 2499 4508 repetere

496 4518 580 4587 isset
594 4512 797 4608 Apeninum
811 4521 856 4587 ad
876 4517 1058 4600 Fesulam,
1084 4517 1276 4589 multitudo
1292 4521 1383 4589 lame
1397 4521 1470 4590 dis·
1520 4516 1725 4603 Placidiam,
1750 4516 1846 4607 spem
1862 4515 1893 4583 ei
1909 4528 1943 4585 et
1958 4515 2113 4605 coniugii
2131 4532 2164 4589 et
2179 4518 2318 4609 imperii
2334 4519 2474 4591 iaciens.

496 4614 844 4709 sipataaStillicone
856 4617 1010 4690 Consule
1030 4641 1194 4709 oppressa
1218 4634 1251 4690 et
1274 4621 1387 4691 deleta
1406 4636 1468 4692 est.
1620 4615 1735 4688 Erant
1765 4628 1881 4686 autem
1915 4616 1953 4683 in
1976 4613 2149 4707 Hispania
2181 4618 2377 4688 discordlae
2404 4618 2506 4688 inter'

494 4715 694 4808 Radagisus
732 4716 871 4806 lugiens
907 4734 1029 4812 captus
1062 4731 1096 4788 et
1133 4710 1370 4809 strangulatus
1407 4736 1470 4808 est,
1521 4715 1650 4788 Gottos
1671 4716 1918 4800 etVandalos,
1942 4713 2223 4788 etConstautius
2248 4719 2401 4787 malebat
2421 4719 2497 4788 ioe-

494 4820 715 4907 eaptivorum
744 4838 865 4907 greges
894 4820 1040 4907 siugulis
1071 4820 1186 4889 aureis
1217 4822 1351 4892 venditi
1373 4836 1468 4896 sunt.
1504 4819 1696 4889 derasum
1714 4817 1833 4889 Gottis
1846 4817 2029 4903 renovari,
2053 4842 2100 4885 ne
2115 4843 2248 4889 novum
2263 4818 2396 4887 bellum
2407 4815 2496 4886 Gal-

492 4913 573 4988 Etsi
587 4932 703 4989 autem
721 4912 808 4987 haee
824 4917 923 4988 initia
933 4917 1051 4993 Gottis
1066 4920 1103 4989 in
1122 4918 1223 4993 Italia
1236 4945 1311 4991 non
1323 4923 1470 4994 suerunt
1517 4919 1587 4989 liae
1611 4933 1647 4991 et
1669 4917 1790 4991 ltaliae
1810 4913 2012 4991 attraheret.
2078 4917 2213 4990 Reddit
2241 4919 2350 5008 igitur
2371 4919 2495 4989 volens

492 5019 604 5103 laeta,
628 5029 669 5088 ut
686 5019 904 5112 plaerunque
917 5015 1012 5089 Deus
1028 5023 1157 5093 scelera
1179 5022 1364 5115 utriusque
1386 5046 1468 5114 par·
1517 5017 1729 5105 Placidiam,
1754 5042 1860 5111 quam
1875 5015 2058 5089 Honorius
2072 5020 2170 5089 dedit
2182 5017 2390 5089 Constantio
2405 5043 2495 5088 uxo·

493 5118 540 5191 tis
567 5119 675 5188 variis
701 5119 877 5189 bellorum
905 5118 1042 5190 vicibus
1068 5123 1189 5213 punite
1237 5135 1354 5193 tamen
1392 5148 1467 5193 non
1517 5144 1610 5205 rem,
1635 5132 1670 5189 et
1690 5120 1805 5210 ipsum
1827 5132 2023 5188 consortem
2043 5119 2183 5209 imperii
2206 5120 2301 5190 iecit.
2359 5115 2414 5188 Ex
2436 5115 2493 5191 his

493 5243 576 5289 mox
596 5214 906 5289 tinisiuithorum
925 5218 1112 5292 bellorum.
1160 5221 1350 5317 Reliquiae
1370 5248 1468 5294 crea·
1516 5220 1681 5290 videlicet
1695 5243 1736 5289 ex
1749 5215 1958 5292 Constantio
1981 5231 2015 5287 et
2031 5217 2189 5291 Placidia
2211 5220 2283 5290 iilia
2296 5214 2492 5290 Theodosii

493 5333 577 5391 runt
592 5342 709 5407 regem
726 5314 927 5403 Alaricum,
952 5319 1013 5413 qni
1030 5321 1153 5392 ductor
1166 5326 1282 5398 iuerat
1296 5324 1468 5396 exereitus
1515 5322 1624 5412 primi
1646 5333 1749 5390 natus
1781 5331 1831 5390 est
1856 5315 2128 5390 Valentinianus
2159 5321 2299 5405 tertius,
2346 5321 2492 5390 ultimus

490 5423 586 5511 apud
611 5415 855 5490 Theodosium
878 5434 999 5491 eontra
1018 5415 1228 5508 Eugenium.
1289 5423 1380 5496 Cum
1409 5421 1467 5496 his
1516 5421 1708 5515 inperator
1721 5415 1926 5490 Occidentis
1943 5438 2054 5513 nsque
2069 5415 2114 5489 ad
2125 5418 2491 5510 'Carolanagunm

490 5520 678 5610 paciscitur
702 5518 859 5607 Stillico,
887 5534 926 5592 ut
950 5521 988 5589 in
1011 5517 1148 5589 Gallias
1172 5523 1370 5612 discedant,
1402 5529 1466 5599 ubi
1617 5522 1757 5593 Walliu
1782 5520 1820 5589 iu
1837 5518 2009 5610 Hispania
2034 5520 2167 5591 bellum
2182 5519 2353 5591 Vandalis
2374 5519 2490 5589 infert.

490 5620 679 5693 simulabat
692 5644 729 5694 se
744 5620 957 5695 eosFrancis
968 5619 1215 5715 oppositurum
1229 5650 1311 5699 esse.
1343 5627 1465 5703 Disce-
1485 5604 1491 5701 Ῐ
1513 5625 1641 5697 Franci
1663 5623 1859 5719 procedunt
1878 5620 1918 5690 in
1939 5617 2103 5712 Belgico,
2136 5619 2292 5695 initalia
2317 5633 2353 5690 et
2371 5614 2489 5688 Gallia
