6025 6775
571 729 616 799 71
1029 721 1184 795 DECL.
1228 716 1299 789 DE
1334 715 1612 792 GEORGlO
1646 720 1834 795 PRINC.
1869 721 2119 802 ANHALT.
2239 733 2243 743 '

2543 750 2592 821 72

574 899 686 967 indita
702 920 775 965 esse
789 897 978 988 appellatio
994 895 1045 963 illi
1061 891 1181 981 nepoti
1195 885 1326 980 laphet.
1356 888 1447 959 Nam
1463 886 1558 959 Esch
1714 891 1755 962 ln
1776 889 1843 964 hoc
1864 897 2037 989 tyrocinio
2059 924 2139 967 cnm
2157 925 2269 974 annos
2291 907 2426 1001 aliquot
2449 939 2596 1008 praepa.

573 995 700 1069 Cohon
717 1000 890 1087 significat
905 1000 1115 1066 sacerdotem
1132 993 1232 1079 ignis.
1277 990 1361 1060 Fuit
1376 992 1482 1081 igitur
1498 993 1559 1060 ille
1611 1007 1718 1064 rasset
1735 996 1935 1084 ingenium,
1961 1012 1995 1068 et
2019 1000 2088 1067 iam
2107 1024 2263 1090 egressus
2283 1025 2371 1079 esset
2394 1037 2524 1083 annum
2541 1020 2596 1085 vi-

574 1125 684 1191 nepos
701 1097 825 1191 laphet
840 1113 953 1168 custos
977 1094 1063 1162 sacri
1090 1094 1200 1180 ignis,
1227 1094 1391 1162 videlicet
1416 1094 1559 1181 religio·
1611 1096 1777 1167 cesimum
1800 1102 2010 1182 secundnm,
2042 1097 2241 1172 Cardinalis
2263 1107 2432 1180 Albertus
2457 1112 2596 1187 Elector

574 1204 886 1271 nisetductrinae.
938 1197 1006 1265 Sed
1033 1190 1118 1263 haec
1136 1210 1249 1264 vetera
1267 1196 1405 1268 omitto.-
1453 1192 1560 1266 Extat
1612 1196 1860 1285 Moguntinns,
1887 1198 2472 1298 etEpiscopushlagdeburgensis,
2494 1231 2596 1287 natus

574 1318 691 1373 antem
710 1306 747 1371 in
763 1299 917 1369 historiis
932 1321 1005 1365 non
1021 1299 1134 1365 solnm
1153 1297 1320 1365 continua
1337 1298 1442 1364 series
1453 1295 1559 1364 Prin·
1611 1298 1649 1365 in
1671 1300 1803 1367 familia
1821 1297 2072 1369 Marchionurn
2088 1303 2506 1399 Brandenbnrgensium,
2532 1322 2597 1386 ad-

574 1405 691 1496 cipum
707 1398 983 1471 Anhaltiuornm
1006 1423 1066 1467 seu
1086 1397 1337 1479 Ascaniorum,
1367 1399 1556 1466 sedetiam
1612 1399 1727 1487 iungit
1748 1425 1828 1469 enm
1851 1404 2061 1471 consiliariis
2085 1406 2121 1473 in
2145 1410 2243 1494 aula,
2276 1414 2334 1480 nbi
2366 1414 2435 1480 iarn
2460 1441 2532 1484 non
2560 1421 2597 1486 in

574 1530 689 1574 rerum
711 1500 1034 1569 honestissimararn
1063 1502 1350 1567 commemoratio
1374 1522 1459 1591 quas
1483 1524 1559 1588 ges-
1610 1504 1754 1583 umbra,
1781 1516 1819 1571 ut
1837 1503 1873 1569 in
1889 1502 2095 1589 Academia,
2121 1514 2180 1577 sed
2200 1511 2235 1577 in
2254 1514 2393 1582 iudiciis
2419 1529 2455 1584 et
2480 1518 2515 1584 in
2535 1522 2597 1585 de-

573 1618 702 1685 serunt,
717 1626 821 1694 quam
839 1596 999 1670 hocloco
1016 1603 1160 1669 recitare
1177 1602 1283 1668 nimis
1299 1601 1442 1688 longum
1459 1615 1558 1670 esset.
1608 1603 1881 1672 liberationibus
1898 1608 2166 1691 gubernationis
2188 1636 2288 1681 usum
2307 1617 2487 1685 doctrinae
2510 1619 2597 1689 iuris

671 1702 712 1772 ln
750 1699 814 1771 hac
849 1704 1067 1772 nobilissima
1099 1704 1232 1771 familia
1260 1716 1431 1771 natusest
1453 1700 1558 1771 Patre
1609 1705 1856 1775 consideravit.
1890 1701 2030 1774 Etcum
2048 1723 2173 1780 natura
2189 1714 2362 1785 facundus
2378 1733 2476 1803 esset,
2495 1743 2596 1813 saepe

459 1829 464 1842 ·
569 1806 735 1896 Principe
750 1801 902 1873 Ernesto
925 1820 957 1875 et
975 1818 1085 1872 matre
1109 1819 1187 1872 nata
1208 1805 1244 1871 in
1269 1803 1400 1870 familia
1417 1801 1556 1871 Ducum
1609 1806 1711 1874 iussit
1737 1807 1811 1873 eius
1837 1832 1920 1875 voce
1945 1806 2144 1879 Cardinalis
2174 1817 2304 1904 exponi
2335 1841 2473 1904 causas,
2506 1848 2595 1913 qnae

570 1907 978 1993 Muusterbergensinm,
1013 1904 1182 1994 Princeps
1206 1903 1391 1992 Georgius.
1444 1901 1557 1973 Erant
1608 1921 1708 1977 erant
1738 1908 1775 1974 in
1801 1909 2055 1979 deliberatione
2080 1927 2139 1982 am
2169 1916 2309 1986 iudiciis
2337 1927 2596 2010 proponendae.

569 2025 686 2080 autem
703 2008 740 2077 in
760 2010 964 2098 parentibus
982 2032 1060 2074 curn
1078 2008 1166 2073 aliae
1186 2008 1350 2087 virtutes,
1377 2020 1450 2075 tum
1471 2031 1554 2074 vero
1610 2005 1661 2076 lta
1676 2022 1711 2077 et
1735 2009 1909 2079 industria
1936 2014 2131 2100 angebatur
2156 2030 2191 2085 et
2212 2021 2485 2093 confirmabatur
2500 2025 2594 2091 iudi-

569 2112 724 2181 studium
742 2132 906 2195 magnum
933 2111 1194 2195 cognoscendae
1211 2108 1391 2175 doctrinae
1407 2111 1451 2175 de
1467 2107 1555 2191 Deo,
1608 2110 1712 2182 cium.
1756 2110 1958 2180 lamautem
1975 2116 2164 2185 certamina
2182 2121 2225 2186 de
2243 2121 2404 2191 doctrina
2418 2120 2595 2193 Ecclesiae

570 2228 603 2282 et
625 2237 706 2280 vera
731 2211 907 2278 invocatio
931 2210 1006 2279 [lei.
1060 2209 1179 2295 Quare
1202 2223 1236 2279 et
1257 2210 1349 2276 filios
1373 2210 1439 2298 ipsi
1455 2211 1553 2277 domi
1607 2226 1701 2281 mota
1723 2226 1841 2291 erant,
1867 2226 1900 2281 et
1924 2212 2104 2298 Tecelius,
2132 2221 2193 2310 qui
2210 2223 2350 2290 scurrili
2375 2226 2594 2315 impudentia

569 2318 612 2385 ad
629 2313 843 2402 agnitionem
863 2307 930 2379 Dei
946 2324 981 2381 et
999 2312 1043 2378 ad
1063 2313 1181 2377 omnia
1202 2308 1344 2381 honesta
1361 2310 1474 2378 officia
1491 2314 1555 2378 ad·
1608 2314 1749 2382 venales
1772 2314 2008 2403 indulgentias
2034 2320 2229 2408 pontificias
2253 2324 2534 2411 circumtulerat,
2561 2343 2595 2398 et

570 2418 806 2496 sneseceruut‚
833 2427 864 2480 et
880 2413 1050 2481 Doctores
1068 2413 1116 2479 eis
1133 2414 1277 2482 idoneos
1294 2413 1554 2505 quaesiverunt.
1607 2415 1683 2481 eius
1715 2416 1881 2484 satellites
1906 2413 2034 2486 Eccius
2065 2431 2099 2487 et
2126 2422 2186 2488 alii
2213 2420 2412 2497 Lutherum
2446 2431 2594 2498 assiduis

568 2515 661 2588 Evat
683 2531 768 2586 tunc
792 2516 830 2581 in
855 2514 984 2607 inclyta
1006 2513 1195 2582 Academia
1216 2516 1360 2607 bypsica
1379 2512 1555 2601 Georgius

567 2621 698 2691 Heltus
710 2612 957 2698 Forchemius,
984 2617 1084 2684 cuius
1099 2616 1166 2685 suit
1183 2618 1219 2683 in
1236 2618 1432 2683 formandis
1453 2617 1553 2703 inge-

569 2723 638 2790 niis
654 2721 739 2789 fides
761 2732 793 2785 et
815 2718 984 2787 foelicitas
1002 2718 1148 2799 eximia,
1177 2732 1210 2785 et
1230 2717 1440 2785 laudabatur
1462 2718 1555 2787 inte·
1618 2755 1621 2761 ·

567 2824 674 2915 gritas
690 2836 724 2893 et
740 2820 891 2908 gravitas
908 2820 945 2886 in
962 2820 1131 2890 moribus.
1159 2816 1226 2886 llic
1242 2818 1335 2885 enim
1352 2819 1455 2888 initio
1472 2843 1553 2888 ern-

568 2926 635 2995 diit
651 2917 870 2993 loachimum
887 2918 1150 2999 Camerarium,
1176 2917 1368 3009 Casparum
1387 2918 1553 3009 Crucige·

569 3052 667 3105 rum,
693 3038 727 3093 et
750 3024 839 3092 alios
861 3024 923 3115 qui
946 3036 1063 3113 postca
1087 3040 1230 3110 propter
1251 3021 1484 3090 eruditionem
1514 3022 1552 3089 in

566 3126 725 3198 Ecclesia
745 3139 780 3194 et
796 3127 833 3194 in
847 3124 1100 3212 gubernatione
1115 3123 1251 3191 utiliter
1264 3122 1353 3189 vitae
1370 3124 1550 3192 communi

566 3231 773 3301 servierunt.
825 3225 919 3296 Huic
950 3224 1105 3313 Gcorgio
1130 3218 1341 3292 Forchemio
1372 3248 1552 3293 commen-

567 3334 669 3402 datus
692 3344 742 3400 est
767 3329 968 3397 adolescens
992 3325 1168 3416 Princeps¹
1183 3323 1358 3414 Georgius
1384 3321 1553 3396 Anhalti-

566 3457 653 3512 nus,
677 3433 771 3521 apud
790 3452 893 3520 quem
910 3450 990 3496 cnm
1011 3441 1135 3496 natura
1151 3440 1237 3495 esset
1254 3428 1434 3495 doctrinae
1448 3431 1550 3497 avida

481 3600 486 3607 .
564 3548 599 3603 et
614 3555 732 3622 capax,
753 3529 912 3598 celeriter
923 3526 1195 3611 Grammaticen,
1211 3528 1367 3615 linguam
1377 3527 1551 3610 Latinam,

564 3633 783 3706 Dialecticen
801 3644 834 3699 et
848 3626 1053 3702 Catechesin
1069 3624 1477 3700 doctrinaeChristianae
1494 3628 1550 3694 di-

565 3737 668 3820 dicit,
694 3748 728 3805 et
745 3736 789 3803 ad
807 3733 968 3803 exercitia
992 3733 1224 3803 invocationis
1242 3730 1398 3801 studiose
1423 3731 1550 3798 adsue-

564 3840 753 3908 factusest.

665 3938 789 4008 Postea
806 3939 851 4006 de
873 3936 1021 4005 consilio
1045 3932 1243 4022 gravissimi
1268 3932 1361 4001 senis
1379 3927 1547 4025 Episcopi

563 4039 864 4128 Mersburgensis,
889 4032 1050 4128 adolphi
1073 4033 1248 4123 Principis
1262 4029 1451 4103 Anbaltini
1473 4034 1548 4103 ins-

561 4169 620 4215 sus
647 4158 699 4214 est
720 4141 821 4211 initia
845 4141 1025 4211 doctrinae
1047 4136 1383 4207 iurisconsultorum
1404 4135 1548 4218 discere,

561 4272 631 4341 qno
656 4247 694 4315 in
718 4267 846 4335 genere
867 4256 1001 4312 tantam
1023 4239 1197 4331 praestitit
1214 4238 1482 4322 adsiduitatem,
1508 4253 1548 4309 ut

560 4351 676 4421 fontes
701 4360 795 4418 recte
816 4356 1057 4435 cognosceret,
1091 4340 1223 4434 quain
1251 4364 1289 4410 re
1314 4339 1549 4411 adiuvabatur

560 4474 632 4519 non
648 4453 763 4521 solum
779 4475 798 4519 a
815 4445 1049 4524 Doctoribns,
1074 4446 1132 4512 sed
1157 4441 1260 4512 etiarn
1279 4455 1425 4511 naturae
1441 4465 1547 4530 gene-

561 4552 721 4634 rositate,
747 4575 837 4643 quae
857 4549 997 4619 amabat
1012 4545 1214 4626 veritatem,
1240 4557 1274 4612 et
1295 4555 1370 4613 erat
1393 4545 1547 4630 fugitans

561 4651 839 4721 cavillationum.
873 4649 1037 4733 Videbat,
1062 4647 1157 4718 utin
1175 4659 1259 4729 arte,
1285 4645 1440 4730 exordia,
1461 4671 1546 4737 pro-

559 4752 755 4841 gressiones
782 4763 814 4819 et
842 4765 969 4833 metas,
995 4764 1030 4819 et
1052 4748 1272 4837 intelligebat
1286 4746 1468 4816 veritatem
1488 4749 1544 4818 lu-

559 4877 634 4923 cem
649 4853 807 4922 divinam
823 4873 906 4935 esse,
931 4864 1159 4921 monstratam
1175 4849 1293 4939 generi
1309 4842 1478 4934 humano,
1504 4865 1544 4920 nt

558 4970 719 5026 teneatur
741 4946 932 5026 discrimen
954 4954 1046 5022 inter
1066 4947 1213 5023 honesta
1235 4964 1270 5022 et
1290 4949 1424 5039 turpia,
1450 4952 1544 5021 inter

557 5059 651 5127 bona
674 5071 708 5128 et
724 5060 830 5144 mala,
855 5071 889 5128 et
903 5069 1111 5145 agnoscatur
1125 5054 1232 5140 Deus,
1257 5067 1291 5123 et
1307 5052 1438 5123 sciatur
1454 5079 1542 5146 qua-

556 5159 601 5229 lis
625 5159 687 5245 sit,
717 5161 882 5230 videlicet
910 5157 1066 5250 sapiens,
1096 5180 1217 5234 verax,
1249 5157 1384 5240 bonus,
1418 5155 1542 5243 iustus,

556 5262 755 5341 beneficus,
801 5274 937 5346 castus,
979 5260 1108 5328 vindex
1145 5257 1326 5330 scelerum.
1391 5254 1542 5344 Dicebat

553 5359 668 5434 Deum
701 5363 791 5432 velle
825 5385 889 5430 nos
923 5362 992 5430 sibi
1023 5356 1195 5430 adsentiri
1227 5359 1343 5445 agnita
1375 5364 1540 5444 veritate,

553 5467 757 5556 praestigias
774 5463 1037 5533 cavillationum
1057 5474 1091 5528 et
1116 5455 1369 5546 sophismatum
1390 5457 1539 5532 illudere

551 5566 638 5640 Deo.
691 5565 737 5638 Et
758 5590 859 5656 saepe
880 5565 968 5633 illud
994 5561 1195 5634 Salomonis
1217 5562 1404 5650 repetebat.
1456 5564 1537 5633 Non

550 5671 649 5742 decet
673 5669 874 5760 Principem
897 5666 1030 5735 labium
1057 5663 1217 5730 mendax.
1277 5660 1408 5730 Fontes
1430 5666 1538 5754 igitur

548 5770 637 5840 iuris
657 5787 690 5843 et
710 5795 812 5842 usum
835 5770 1043 5864 quaerebat,
1077 5789 1117 5835 ac
1138 5763 1324 5855 praecipue
1348 5762 1536 5835 Panormi-

545 5887 667 5943 tanum
686 5875 831 5964 legebat.

1607 2517 1746 2606 scriptis
1764 2531 1798 2586 et
1810 2517 2021 2586 fcrlnrinibns
2038 2522 2226 2611 pontificiis
2244 2530 2425 2616 cogebant,
2453 2533 2497 2600 de
2511 2532 2594 2600 ion-

1606 2618 1702 2686 tibus
1718 2618 1898 2701 doctrinae
1913 2613 2134 2690 Christianae
2151 2627 2260 2697 multa
2278 2630 2406 2697 dicere.

1707 2714 1755 2787 Et
1785 2721 1949 2788 extabant
1981 2722 2050 2790 iam
2073 2720 2222 2797 Lutheri
2250 2730 2517 2820 explicationes,
2549 2734 2594 2801 de

1606 2819 1809 2888 discrimine
1825 2821 1910 2909 legis
1933 2837 1966 2891 et
1984 2818 2182 2912 Evangelii,
2210 2832 2349 2899 devera
2366 2833 2593 2921 poenitentia,

1605 2922 1648 2989 de
1672 2923 1801 3010 gratia,
1828 2924 1872 2990 de
1895 2923 1980 3007 fide,
2013 2926 2161 2995 devera
2184 2928 2426 3017 invocatione,
2459 2935 2503 3001 de
2526 2959 2592 3003 usu

1604 3020 1932 3103 sacramentorum,
1959 3027 2002 3091 de
2026 3027 2229 3097 discrimine
2251 3032 2369 3119 legum
2389 3035 2590 3102 divinarum

1603 3137 1639 3193 et
1655 3119 1910 3209 humanarum,
1944 3128 1987 3194 de
2002 3127 2207 3198 discrimine
2230 3134 2417 3203 ministerii
2441 3160 2591 3225 evange-

1604 3226 1663 3294 lici
1690 3240 1725 3294 et
1749 3227 1913 3317 politicae
1936 3230 2127 3317 potestatis.
2180 3229 2276 3302 Haec
2292 3236 2421 3327 scripta
2439 3251 2539 3306 erant
2554 3239 2592 3305 in

1603 3328 1770 3398 manibus
1791 3330 1977 3400 doctorum
2000 3344 2034 3400 et
2061 3331 2303 3420 indoctorum,
2329 3361 2368 3407 ac
2395 3340 2509 3409 studia
2534 3364 2593 3409 ac-

1604 3432 1865 3513 cendebantur,
1891 3433 1973 3523 quia
1995 3436 2228 3525 superstitiosi
2244 3434 2405 3507 Canones
2427 3442 2489 3507 diu
2513 3441 2591 3508 fue-

1602 3543 1682 3596 rant
1708 3531 2002 3597 conscientiarum
2034 3536 2257 3619 carnificina,
2291 3552 2326 3607 et
2345 3537 2534 3611 Pontifices
2557 3557 2591 3613 et

1602 3623 1772 3696 Monachi
1807 3649 1914 3715 regno
1948 3650 2011 3695 sno
2046 3630 2276 3701 immoderate
2306 3641 2408 3706 abusi
2437 3643 2590 3714 fuerant.

1601 3726 1876 3798 Desiderabatur
1891 3727 1996 3797 etiam
2010 3722 2206 3818 Theologia
2230 3756 2317 3823 pura
2337 3748 2371 3804 et
2394 3743 2589 3829 perspicua,

1602 3834 1683 3924 quia
1719 3824 1915 3924 labyrinthi
1949 3827 2180 3901 Scotistarum
2214 3847 2249 3902 et
2283 3836 2453 3906 similium
2489 3856 2589 3912 erant

1601 3932 1874 4004 inextricabiles.
1925 3927 2036 4001 Multi
2058 3931 2168 4020 igitur
2183 3937 2276 4005 docti
2292 3951 2325 4007 et
2347 3939 2397 4028 pii
2413 3941 2588 4012 adsentie-

1601 4039 1732 4107 bantur
1749 4029 1927 4115 Luthero,
1953 4046 1987 4102 et
2012 4035 2280 4122 gratulabantur
2299 4038 2478 4113 Ecclesiae
2502 4043 2587 4116 illu-

1601 4152 1754 4209 scentem
1771 4135 1964 4219 veritatem,
1987 4136 2050 4204 alii
2065 4133 2240 4228 prophani
2255 4141 2476 4214 laetabantur
2490 4145 2586 4216 laxa-

1600 4241 1696 4312 tione
1714 4237 1938 4306 vinculornm
1956 4241 2199 4328 quorundam,
2223 4256 2263 4313 ut
2276 4245 2350 4313 fieri
2366 4247 2465 4321 solet.

1700 4336 1778 4410 Etsi
1796 4352 1912 4409 autern
1929 4338 2066 4428 legebat
2079 4353 2110 4410 et
2127 4339 2295 4435 Princeps
2311 4344 2485 4437 Georgius
2500 4343 2585 4419 baec

1599 4445 1745 4536 scripta,
1769 4442 1850 4534 quia
1866 4441 1984 4511 Deum
2002 4455 2096 4511 recte
2111 4444 2228 4514 colere
2240 4448 2421 4538 cupiebat,
2442 4464 2477 4521 et
2490 4452 2585 4519 mul·

1597 4548 1643 4618 tis
1660 4546 1728 4637 piis
1746 4543 1929 4613 sententiis
1943 4542 2224 4631 adsentiebatur,
2250 4561 2368 4619 tamen
2386 4552 2470 4644 qnia
2485 4576 2584 4621 verc-

1597 4651 1714 4732 batur,
1737 4669 1782 4713 ne
1794 4644 1915 4713 aetatis
1931 4643 2133 4713 infirmitate
2149 4647 2280 4740 alicubi
2296 4651 2484 4739 laberetur,
2510 4678 2583 4723 non

1597 4751 1714 4821 statim
1728 4749 1772 4815 de
1786 4759 1861 4815 toto
1878 4767 2006 4835 genere
2024 4747 2206 4818 doctrinae
2221 4755 2484 4841 pronunciavit.
2521 4753 2583 4823 ln-

1596 4866 1688 4923 terea
1720 4871 1803 4917 vero
1834 4847 1938 4915 simul
1963 4848 2171 4919 ardentibus
2201 4875 2241 4920 ac
2263 4855 2422 4925 adsiduis
2447 4857 2537 4927 votis
2563 4884 2582 4926 a

1595 4953 1671 5025 Deo
1693 4949 1835 5042 petivit,
1861 4948 1951 5017 flecti
1977 4963 2097 5039 pectus
2121 4974 2223 5021 suum
2246 4957 2289 5023 ad
2315 4957 2517 5043 veritatem,
2543 4984 2583 5029 ac

1594 5052 1818 5148 lachrymans
1840 5073 1940 5140 saepe
1964 5043 2049 5121 baec
2074 5054 2179 5122 verba
2201 5058 2382 5146 repetivit:
2417 5058 2487 5129 Fac
2501 5085 2578 5129 cum

1593 5183 1696 5232 servo
1713 5169 1775 5225 tuo
1792 5153 1986 5223 secundum
2005 5154 2280 5225 misericordiam
2296 5173 2405 5245 tuam,
2431 5175 2465 5229 et
2478 5161 2578 5228 insti-

1592 5262 1773 5334 ficationes
1796 5269 1873 5324 tuas
1896 5256 1982 5324 doce
2004 5279 2079 5334 me,
2107 5269 2140 5325 et
2162 5261 2318 5329 studiose
2344 5263 2426 5352 legit
2448 5260 2576 5352 scripta

1592 5360 1794 5456 prophetica
1813 5372 1848 5428 ct
1862 5356 2071 5446 apostolica,
2096 5354 2201 5428 ethis
2219 5362 2380 5432 adiunxit
2396 5359 2576 5432 historiam

1591 5468 1717 5535 veteris
1740 5459 1933 5543 Ecclesiae,
1969 5459 2095 5550 scripta
2121 5459 2332 5551 Atrgustini,
2366 5463 2578 5560 Hieronymi

1590 5583 1625 5637 et
1640 5563 1735 5634 Petri
1748 5560 1996 5648 Langobardi,
2023 5588 2063 5630 ac
2080 5563 2212 5633 laboris
2234 5559 2337 5632 huius
2360 5562 2577 5639 hortatorem

1589 5684 1623 5740 et
1654 5667 1787 5735 socium
1817 5658 1967 5730 habebat
1995 5662 2188 5751 Georgium
2212 5659 2471 5743 Forcheminm.
2529 5664 2577 5739 Et
2679 5692 2683 5699 ’

1588 5771 1669 5865 quia
1695 5767 1811 5834 fontes
1840 5761 1876 5828 in
1903 5763 2042 5854 scriptis
2064 5760 2278 5854 propheticis
2306 5779 2340 5836 et
2370 5772 2574 5860 apostolicis

1586 5889 1796 5962 cognoscere
1815 5863 1996 5956 cupiebat,
2027 5865 2166 5934 addidit
2190 5864 2330 5953 linguae
2357 5866 2513 5943 Graecae
2541 5887 2577 5944 et
