6025 6775
490 538 563 615 ων
976 521 2040 610 nncnonconunnssunononrcnst'
2098 480 2112 644 ]
2297 629 2299 634 ¹
2437 536 2517 626 soc

491 706 650 783 scholam
673 703 884 780 ardentibus
906 702 998 773 votis
1017 701 1290 776 commendabat
1307 697 1384 798 filio
1397 696 1479 791 Dei,
1527 698 1682 786 ordinis,
1706 700 1843 794 legum,
1867 706 2088 799 sapientise..
2105 707 2274 797 iustitiae,
2294 722 2330 782 ct
2343 702 2512 780 honestae

490 812 652 887 Domino
679 821 805 879 nostro
821 804 902 875 lesu
916 799 1072 875 Christo.
1526 803 1729 888 societatis,
1744 826 1819 873 non
1842 806 1928 876 solis
1950 801 2139 881 hominurn
2161 809 2318 884 consiliis
2338 811 2399 883 ant
2420 810 2510 881 viri-

592 910 815 985 Confidimus
828 919 946 977 autem
959 899 1025 976 hos
1038 903 1183 995 triginta
1199 917 1281 977 octo
1302 907 1428 977 doctos
1442 918 1479 975 ct
1528 905 1612 990 bns,
1637 908 1701 975 sed
1716 928 1736 974 a
1750 902 1828 977 Deo
1845 911 2061 982 conservari.
2112 910 2212 985 Haec
2233 913 2305 982 scio
2328 911 2511 983 wrissima

493 1014 663 1089 honestos
684 1011 781 1081 viros
802 1008 853 1079 ita
867 1030 941 1077 esse
956 1008 1120 1091 affectos,
1140 1019 1181 1076 ut
1196 1008 1317 1099 potius
1330 1006 1478 1097 vestigia
1528 1027 1621 1091 esse,
1644 1020 1680 1077 et
1693 1030 1774 1077 cum
1787 1007 1985 1081 firmissima
2001 1013 2213 1083 adsensione
2236 1008 2301 1084 has
2321 1005 2510 1084 sententias

495 1118 618 1189 sectari
642 1124 927 1207 praeceptorum,
963 1122 998 1179 et
1017 1104 1249 1179 honestorum
1270 1133 1311 1180 ac
1335 1110 1478 1202 piorum
1528 1107 1739 1200 amplectar,
1771 1122 1845 1181 tota
1865 1122 1983 1182 mente
2002 1126 2037 1183 et
2059 1127 2134 1185 toto
2157 1129 2299 1205 pectore
2320 1113 2366 1182 ab
2388 1113 2511 1205 epicn-

495 1217 629 1291 imitari
663 1212 821 1303 exempla
855 1210 987 1295 velint,
1020 1210 1059 1279 in
1093 1209 1243 1281 colendo
1275 1213 1480 1303 tuendaque
1529 1208 1619 1294 reis,
1655 1210 1775 1280 stoicis
1803 1227 1838 1283 et
1863 1214 2071 1284 academicis
2101 1215 2286 1285 furoribus
2321 1208 2512 1301 abhorreo,

496 1315 677 1394 communi
699 1316 745 1384 de
766 1312 930 1382 doctrina
951 1331 1146 1410 consensu,
1169 1335 1250 1383 cum
1273 1307 1340 1383 hac
1359 1306 1480 1382 schola
1530 1334 1685 1404 quornm
1707 1326 1792 1384 sunt
1810 1312 1893 1383 illae
1915 1315 2112 1409 cyclopicae
2131 1338 2254 1400 voces,
2278 1315 2412 1407 quibus
2426 1339 2513 1386 con-

498 1437 534 1495 et
547 1415 743 1491 innumeris
756 1413 849 1494 aliis,
875 1414 938 1507 qni
954 1412 1163 1484 coniunctos
1178 1437 1260 1483 cum
1275 1408 1342 1485 hac
1359 1409 1480 1484 schola
1530 1425 1685 1503 temptus
1708 1409 1777 1484 Dei
1799 1414 2034 1505 significatur,
2058 1416 2193 1488 etiamsi
2213 1415 2278 1485 alii
2296 1415 2515 1503 effrenatius,

497 1549 535 1593 se
550 1519 773 1616 profitentur,
793 1539 900 1609 qnam
915 1538 995 1585 cum
1009 1514 1163 1585 inlausta
1178 1514 1241 1585 illa
1258 1528 1293 1586 et
1308 1517 1481 1607 degenere
1529 1512 1594 1583 slii
1615 1513 1778 1585 timidius
1799 1516 2011 1610 loquuntur.
2061 1515 2134 1588 Nec
2163 1540 2249 1588 vero
2277 1527 2418 1588 tantum
2447 1512 2515 1588 hac

497 1622 669 1694 Titanum
695 1618 817 1688 sobole
843 1640 940 1685 arma
965 1611 1281 1688 inlerreEcclesiis
1301 1631 1336 1688 et
1349 1613 1482 1688 scholis
1531 1609 1675 1710 physica
1691 1616 1904 1706 cogitatione
1918 1616 2035 1691 Deum
2049 1641 2220 1709 agnosco,
2241 1620 2303 1689 sed
2319 1616 2425 1687 etiam
2440 1613 2515 1689 Ec·

496 1721 790 1815 amplectentibus
821 1741 862 1787 ac
891 1717 1075 1788 tuentibus
1111 1717 1306 1792 veritatem.
1369 1716 1481 1811 quue
1530 1716 1657 1788 clesiae
1671 1718 1870 1791 doctrinam
1885 1721 2128 1792 confirmatam
2143 1717 2399 1792 resurrectione
2414 1742 2514 1792 mor·

496 1840 537 1896 nt
553 1824 705 1909 faciant,
729 1843 789 1891 eos
802 1814 930 1890 hortor
945 1833 980 1890 et
997 1820 1158 1891 obtestor
1172 1833 1318 1913 propter
1330 1818 1481 1909 gloriam
1531 1831 1695 1905 tuorum,
1727 1821 1915 1892 eductione
1940 1819 2184 1895 lsraiilitarum
2207 1846 2249 1892 ex
2270 1818 2451 1915 Aegypto,
2477 1835 2513 1893 et

496 1926 580 2000 Dei.
1530 1919 1654 1991 multis
1675 1922 1851 1993 mirandis
1875 1924 2147 1996 liberationibus
2169 1947 2289 1994 veram
2304 1945 2378 1993 esse
2392 1923 2513 2008 credo,

599 2026 761 2119 Cumque
776 2021 944 2117 privatim
961 2033 996 2091 et
1009 2021 1133 2112 public
1144 2020 1500 2118 auditosccnsueri-¹
1530 2034 1565 2091 et
1585 2019 1701 2092 Deum
1735 2039 1920 2097 aeternum
1951 2040 2088 2119 patrem
2111 2024 2260 2099 Domini
2288 2021 2404 2094 nostri
2433 2020 2515 2094 lesu

498 2152 577 2202 mus
591 2129 728 2219 dignos,
758 2148 848 2219 quos
861 2136 1006 2193 ornatos
1019 2123 1215 2193 testimonii
1230 2123 1364 2216 publici
1378 2138 1481 2196 auto-
1529 2119 1675 2210 Christi,
1699 2141 1893 2198 creatorem
1909 2128 2071 2201 omniurn
2084 2152 2203 2199 rerum
2217 2127 2344 2197 invoco
2358 2124 2398 2194 in
2412 2125 2515 2214 agni·

498 2234 602 2304 ritate
616 2225 793 2300 Ecclesiae
809 2250 849 2296 ac
866 2222 1020 2316 Reipub.
1036 2224 1226 2295 offeramus
1247 2249 1288 2294 ac
1307 2225 1482 2311 sistamus,
1531 2224 1629 2295 tione
1650 2238 1686 2296 ct
1704 2228 1832 2299 fiducia
1847 2227 2068 2303 Mediatoris.
2096 2228 2212 2324 ,Cum
2239 2228 2350 2320 igitur
2376 2240 2532 2297 certum.

500 2334 531 2404 si
549 2330 681 2403 honam
704 2352 810 2422 opera
830 2326 885 2399 uti
907 2325 1039 2407 velint,
1064 2326 1133 2397 tihi
1148 2349 1207 2397 eos
1220 2326 1421 2398 doctissime
1434 2326 1480 2399 D.
1530 2324 1603 2412 sit,
1618 2339 1796 2399 aeternam
1810 2324 2005 2403 Ecclesiam
2019 2355 2106 2404 voce
2120 2327 2307 2421 Evangelii
2320 2352 2385 2421 per
2398 2327 2514 2399 filium

498 2432 640 2507 Decane
662 2430 891 2514 commendo,
917 2450 957 2498 ac
973 2439 1055 2519 peto
1075 2426 1186 2499 totius
1208 2428 1348 2517 collegii
1367 2426 1481 2500 nostri
1531 2427 1673 2517 colligi,
1698 2430 1828 2520 gratias
1842 2454 1908 2522 ago
1924 2430 2001 2505 Deo
2018 2441 2162 2505 aeterno
2177 2432 2271 2525 patri
2284 2428 2429 2502 Domini
2444 2452 2514 2499 no·

501 2549 536 2607 et
557 2538 716 2629 ipsorum
739 2531 901 2612 nomine,
931 2542 973 2600 ut
995 2527 1184 2602 autoritate
1205 2528 1347 2622 publica
1362 2527 1481 2620 Magi·
1531 2529 1596 2598 stri
1610 2528 1692 2600 lesu
1704 2527 1858 2619 Christi,
1882 2533 1947 2627 qui
1969 2560 2049 2606 curn
2071 2535 2146 2605 lilio
2168 2549 2204 2606 et
2224 2530 2364 2625 Spiritu
2378 2527 2516 2605 S.coe-

499 2650 591 2708 stros
615 2659 675 2707 eos
697 2625 950 2734 Philosophiae
972 2652 1067 2699 crees
1086 2644 1125 2702 ct
1145 2630 1343 2704 renuncies.
1397 2628 1481 2721 Quo
1530 2630 1608 2700 lum
1628 2645 1663 2702 et
1684 2645 1815 2704 terram
1829 2647 1863 2705 et
1878 2658 1988 2726 genus
1999 2629 2196 2707 humanum
2212 2630 2394 2717 condidit,
2417 2632 2517 2725 quod

500 2738 616 2808 officio
636 2749 672 2808 ct
693 2734 841 2826 collegio
862 2746 985 2803 nostro
1007 2745 1148 2821 gratum
1171 2732 1295 2819 facies,
1328 2744 1365 2804 et
1385 2731 1482 2825 ipsos
1533 2727 1701 2804 hactenus
1722 2735 1915 2807 clementer
1936 2762 2002 2809 nos
2026 2752 2061 2809 et
2082 2738 2204 2809 docuit
2226 2750 2262 2807 et
2284 2732 2456 2827 protexit,
2479 2746 2517 2805 ct

500 2838 568 2911 tihi
583 2839 623 2908 in
638 2850 847 2931 perpetuum
871 2832 1059 2905 devincies.
1319 2863 1322 2868 ·
1441 2859 1445 2876 ¹
1531 2857 1612 2903 eum
1635 2859 1700 2906 oro
1721 2849 1795 2907 toto
1820 2851 1979 2929 pectore,
2003 2854 2044 2912 nt
2066 2862 2141 2908 non
2154 2839 2247 2908 sinat
2260 2834 2357 2930 spnd
2372 2855 2439 2903 nos
2453 2855 2516 2903 er-

603 2935 682 3012 Oro
696 2937 801 3010 etiam
816 2949 890 3007 toto
904 2949 1047 3026 pectore
1061 2947 1244 3006 aeternum
1260 2932 1482 3027 patremDo·
1532 2935 1649 3025 tingui
1674 2962 1807 3016 vocem
1827 2938 2035 3029 Evangelii,
2068 2942 2130 3010 sed
2163 2962 2303 3031 semper
2326 2936 2420 3007 inter
2446 2958 2516 3006 nos

500 3043 591 3112 mini
605 3040 719 3113 nostri
734 3036 814 3110 lesu
827 3033 979 3122 Christi,
999 3037 1098 3107 lonte
1121 3036 1335 3129 sapientise,
1354 3051 1395 3108 ut
1410 3034 1481 3108 Ec·
1530 3050 1709 3108 aeternam
1723 3036 1918 3111 Ecclesiam
1935 3041 2098 3131 colligat,
2120 3042 2294 3132 gubernet
2306 3051 2342 3108 et
2354 3047 2515 3129 protegat

502 3145 625 3216 clesias
640 3144 717 3236 pias
739 3140 873 3310 ubique
893 3151 1068 3209 terrarum
1088 3138 1279 3210 clementer
1299 3140 1417 3210 foveat
1441 3163 1482 3210 ac
1532 3160 1608 3208 nos.
1648 3136 1800 3231 Propter
1812 3157 1847 3214 te
1861 3138 1977 3228 Deus,
2001 3156 2149 3236 propter
2167 3155 2201 3213 te
2214 3142 2342 3226 facias,
2362 3152 2404 3210 ut
2418 3151 2514 3210 recte

500 3260 679 3338 protegat,
704 3256 739 3313 et
752 3267 818 3335 pro
847 3241 951 3325 ibeat,
975 3263 1021 3309 ne
1033 3238 1193 3313 restituta
1208 3240 1390 3326 doctrinae
1402 3264 1482 3312 coe-
1532 3242 1732 3331 agnoscaris
1746 3256 1781 3314 et
1794 3257 1885 3317 recte
1900 3244 2088 3323 invoceris.

391 3403 399 3423 .
501 3348 598 3421 lestis
613 3349 693 3432 lur,
715 3368 755 3416 ac
777 3358 992 3416 caeterarum
1014 3342 1144 3413 artium
1165 3342 1269 3412 novis
1285 3338 1484 3433 sophisma·
1635 3340 1737 3416 Sicut
1758 3360 1876 3418 autem
1895 3346 2063 3420 usitatum
2086 3360 2156 3430 est,
2181 3360 2218 3419 et
2238 3343 2392 3418 maxime
2414 3344 2515 3417 dccet

501 3464 580 3522 turn
594 3446 811 3540 praestigiis,
837 3468 927 3539 quae
942 3439 1191 3538 sycophantias
1206 3458 1241 3516 ct
1259 3444 1411 3516 subdola
1426 3446 1484 3516 in·
1533 3444 1573 3516 in
1595 3440 1653 3515 bis
1673 3448 1919 3538 congressibus
1940 3451 2012 3522 dici
2027 3450 2165 3545 aliquid
2179 3451 2225 3520 de
2238 3444 2428 3530 doctrinis,
2451 3461 2515 3519 sut

503 3548 606 3640 genia
627 3547 839 3641 petulantia,
870 3545 1085 3631 ambitione,
1115 3544 1200 3615 odio
1223 3559 1258 3617 et
1279 3546 1405 3620 fraude
1421 3572 1485 3620 cu-
1534 3550 1579 3620 de
1597 3548 1809 3635 virtutibus,
1838 3566 1901 3624 aut
1920 3553 1966 3622 de
1988 3548 2148 3624 honestis
2177 3548 2364 3643 exemplis,
2395 3546 2514 3618 dicam

504 3650 597 3722 dunt
623 3663 658 3721 et
675 3661 861 3741 spargunt,
886 3648 1059 3719 obruatur
1082 3659 1145 3717 aut
1170 3646 1418 3740 extinguatur,
1450 3664 1486 3729 et
1534 3649 1687 3740 aliquid,
1712 3674 1788 3719 non
1805 3652 1961 3720 alienum
1976 3654 2138 3722 sstudiis
2159 3652 2309 3739 nostris,
2332 3650 2378 3721 de
2391 3645 2515 3720 Bono·

504 3775 571 3824 nos
587 3775 709 3823 omnes
722 3763 821 3841 regat
833 3775 874 3822 ac
894 3762 1018 3826 servet.
1068 3743 1166 3822 Dixi.
1533 3748 1648 3820 niensi
1669 3772 1858 3838 congressu
1878 3747 1998 3819 Caroli
2020 3749 2251 3839 Imperatoris
2274 3766 2310 3824 et
2332 3749 2516 3824 Pontificis

1532 3848 1745 3934 Clementis,
1771 3853 1834 3943 qui
1847 3845 1934 3920 haec
1950 3849 2131 3920 contentio
2147 3851 2193 3919 de
2205 3875 2245 3920 re
2258 3851 2433 3937 maxima,
2458 3851 2517 3921 vi-

1534 3953 1663 4025 delicet
1686 3952 1732 4021 de
1752 3949 1916 4048 Synodo,
1946 3974 2037 4047 quae
2058 3949 2111 4021 ihi
2130 3951 2199 4022 fuit
2219 3947 2430 4021 interviret
2450 3972 2514 4028 ex·

502 4088 571 4167 No,
589 4089 676 4167 169,
1305 4115 1353 4155 ,g
1377 4091 1472 4157 1559·
1534 4056 1701 4128 cellentes
1715 4055 1907 4151 sapientia,
1931 4052 1970 4123 in
1984 4047 2143 4124 historiis
2157 4049 2280 4126 Caroli
2297 4049 2427 4123 omissa
2450 4063 2515 4138 est,

507 4187 680 4221 *θ’
1305 4181 1478 4214 Μ
1534 4181 1642 4255 quam
1656 4179 1720 4248 ego
1731 4157 1877 4252 quidem
1889 4154 2008 4227 iudico
2022 4154 2174 4225 maxime
2189 4154 2517 4246 dignamesseme·

1214 4324 1224 4345 ,
1311 4324 1321 4343 ,
1534 4260 1648 4332 moria
1678 4272 1714 4330 et
1741 4257 2021 4331 consideratione
2050 4257 2278 4348 posteritatis.
2329 4253 2401 4327 Nec
2425 4277 2514 4325 vero

659 4326 736 4412 De
769 4349 1012 4435 mgrem
1038 4323 1332 4415 Bmmem·
1532 4361 1737 4435 existimetis
1757 4356 1850 4432 hanc
1872 4359 2111 4430 narrationem
2133 4359 2240 4449 fingi,
2260 4372 2302 4430 ut
2316 4353 2516 4430 lunoniset

571 4522 586 4577 ι
623 4520 650 4577 0
682 4521 703 4575 ί.
723 4539 741 4576 n
769 4518 804 4574 T·
820 4516 848 4570 v
915 4516 982 4571 87·
1066 4515 1184 4573 mem
1213 4515 1297 4570 Tu·
1360 4516 1414 4572 6⁷9
1457 4525 1484 4571 e,
1533 4463 1685 4536 Veneris
1699 4460 1995 4534 altercationesin
2010 4462 2354 4551 po'e‘mate,scdvcre
2368 4455 2516 4531 institu-

587 4540 635 4642 ⁰sn
651 4532 1053 4669 hssainrsug'phamlff‘ss.
1068 4583 1111 4644 er.
1132 4609 1168 4624 -
1186 4553 1247 4639 'ne’
1264 4534 1358 4642 ..ab
1377 4553 1482 4645 re'lta.
1531 4580 1604 4639 tam
1628 4587 1702 4637 esse
1723 4558 1815 4635 hane
1838 4561 2147 4648 deliberationem,
2177 4557 2295 4634 adhue
2321 4560 2426 4633 multi
2446 4581 2518 4630 no·

604 4657 726 4712 ΑΜ
742 4657 810 4712 Md.
827 4673 858 4709 ¹¹¹
875 4655 945 4726 ΕΡΡ·
963 4652 1031 4710 v⁰¹·
1044 4654 1093 4713 ¹X·
1112 4673 1139 4727 Ρ·
1155 4652 1217 4708 Μ
1530 4681 1630 4754 runt,
1653 4667 1718 4761 qui
1734 4666 1984 4749 interfuerunt,
1997 4664 2059 4759 qni
2072 4678 2108 4736 et
2122 4664 2315 4736 sententiae
2329 4683 2516 4748 summam,

1530 4769 1678 4842 etverha
1688 4769 1861 4863 quaedam
1869 4765 2130 4848 nostrisjamicis
2140 4778 2342 4838 narrarunt.
2371 4760 2453 4852 Qua
2466 4761 2515 4832 de

1530 4897 1570 4944 re
1592 4871 1788 4945 sententiae
1809 4892 1984 4942 summam
2008 4867 2159 4938 fideliter
2173 4866 2348 4952 recitabo,
2372 4862 2515 4935 etiamsi

551 5023 699 5096 Paulo
719 5017 1026 5094 Dnmcrichs‘o
1048 5024 1237 5113 Hellenas,
1257 5012 1430 5109 Dccuno,
1530 4975 1638 5147 lve‘b'
1653 4972 1774 5097 9m⁰i³
1789 4973 1920 5042 ‘dem
1935 4993 2010 5039 ⁰⁰¹¹
2025 4992 2181 5089 mmm·
2231 4965 2305 5039 Nec
2321 4965 2450 5039 dubim
2466 4965 2513 5035 ss'

1545 5102 1584 5150 os
1596 5089 1772 5171 sapientes
1786 5086 1820 5147 et
1836 5076 2039 5166 eloquentes
2053 5093 2150 5141 vrros
2160 5083 2259 5142 tanta
2275 5070 2320 5141 de
2335 5092 2387 5151 rc,
2399 5065 2513 5138 mults

891 5120 950 5199 ¹²⁰
976 5121 1084 5197 Febr·
1529 5181 1742 5275 prudentius
1768 5191 1803 5249 et
1816 5172 2039 5270 splendidius
2052 5172 2200 5254 dixisse,
2240 5195 2347 5266 quam
2367 5169 2413 5240 ch
2432 5167 2512 5237 ullo

498 5269 624 5360 Multa
647 5294 792 5382 vestigia
818 5291 916 5366 Deus
943 5293 1123 5384 impressit
1158 5291 1324 5363 omnibus
1353 5288 1481 5359 mundi
1529 5284 1601 5355 dici
1616 5292 1765 5376 possunt
1781 5278 1962 5363 omniurn,
1985 5274 2050 5371 qui
2062 5298 2160 5346 nunc
2173 5272 2364 5368 sapientiae
2385 5280 2421 5340 et
2432 5268 2513 5339 clo·

499 5391 680 5483 partibus,
713 5415 752 5461 ac
775 5395 963 5484 praecipue
986 5389 1145 5474 homini,
1187 5415 1276 5484 quae
1306 5404 1481 5462 testantur
1529 5385 1695 5479 quentiae
1708 5382 1813 5451 laude
1828 5379 2017 5452 excellunt.

500 5516 574 5567 esse
587 5491 717 5579 Deum,
742 5506 775 5562 et
788 5496 980 5563 ostendunt
994 5493 1110 5585 qualis
1124 5492 1185 5571 sit,
1212 5505 1249 5562 et
1262 5492 1480 5564 convincunt
1616 5481 1666 5555 Ut
1679 5494 1797 5552 autem
1811 5477 1881 5552 hoc
1894 5497 2053 5572 tempore
2065 5476 2286 5571 potissimum
2302 5467 2397 5545 hanc
2409 5493 2513 5542 com·

496 5593 670 5672 humanas
681 5609 828 5684 mentes,
842 5607 883 5665 ut
896 5592 999 5664 fateri
1016 5615 1183 5682 cogamur
1195 5615 1269 5663 esse
1283 5592 1478 5690 providen-
1527 5583 1820 5656 memorationem
1833 5583 2023 5669 adferrem,
2047 5604 2089 5652 eo
2105 5581 2154 5666 fit,
2179 5579 2265 5675 quia
2278 5598 2401 5648 recens
2413 5597 2515 5646 mor·

495 5703 600 5789 fiam,
625 5713 659 5772 et
681 5697 837 5771 nosDeo
852 5720 957 5770 curae
973 5717 1066 5780 esse,
1101 5707 1135 5766 et
1161 5706 1334 5786 qnantum
1356 5704 1477 5767 manet
1527 5703 1590 5760 tuo
1613 5683 1765 5773 Cerolo,
1796 5708 1898 5781 saepe
1920 5683 2038 5778 cogito
2061 5696 2096 5756 et
2113 5683 2160 5754 de
2183 5681 2298 5776 ipsius
2323 5691 2454 5755 nature
2473 5701 2516 5751 ac

503 4817 633 4886 Oratio
662 4813 711 4885 de
736 4816 935 4911 congressu
960 4816 1187 4886 Bononiensi
1211 4815 1335 4887 Caroli
1359 4819 1483 4908 Impe-

500 4921 640 4990 ratoris
671 4923 711 4989 ct
743 4917 943 4988 Clementis
979 4911 1185 5013 Pontifices
1192 4941 1208 5015 ,·
1245 4921 1418 4988 -recttota
1457 4938 1483 4988 α
