6025 6775
482 675 578 809 ,ιιι

505 879 550 945 lis
574 874 619 943 sit
634 874 722 962 ipse.
769 864 899 935 Hanc
889 890 925 931 ιιι
943 859 1080 951 opificio
1096 855 1253 929 hominis
1267 876 1377 932 artem
1392 864 1487 932 divi·

507 1001 589 1045 nam
607 997 679 1044 esse
695 969 798 1039 fateri
813 989 948 1035 necesse
964 975 1027 1029 est.

609 1072 705 1142 Haec
743 1061 1010 1137 commemoravi
1046 1084 1120 1129 non
1152 1073 1224 1131 tam
1254 1064 1408 1153 prolixe,
1447 1052 1488 1134 ul

509 1176 715 1265 magnitudo
732 1194 791 1238 ιιι
771 1164 968 1255 postulat,
994 1164 1051 1230 sed
1069 1176 1108 1231 ut
1121 1156 1190 1231 hoc
1205 1174 1360 1254 tempore
1376 1164 1487 1253 potui,

511 1294 552 1349 ιιι
574 1278 748 1345 auditores
768 1286 889 1334 omncs
911 1267 954 1330 ad
980 1262 1226 1350 cogitationem
1247 1265 1389 1333 divinae
1406 1289 1488 1333 sen-

512 1379 639 1448 tentiae
660 1371 862 1445 invitarem,
887 1388 976 1455 quae
999 1364 1183 1452 praecipit,
1207 1377 1246 1432 ιιι
1262 1388 1407 1454 corpora
1421 1389 1488 1433 no-

512 1481 581 1546 stra
605 1470 738 1540 honore
759 1464 979 1541 adiiciamus,
1003 1487 1042 1531 ac
1056 1465 1205 1531 duarum
1222 1487 1340 1533 rerum
1356 1466 1488 1553 cogita-

512 1579 641 1646 tionem
662 1566 808 1655 adiungi
829 1565 930 1647 volo,
954 1565 1115 1632 videlicet
1138 1564 1292 1662 priorem
1310 1555 1488 1635 dehostra

512 1669 722 1761 negligentia
755 1666 946 1735 intuenda
969 1664 1169 1732 valetudine
1193 1678 1227 1731 et
1248 1666 1487 1733 conservando

512 1771 692 1843 domicilio
713 1766 799 1850 Dei,
830 1766 975 1834 alteram
1006 1768 1050 1833 de
1080 1764 1252 1854 praesidio
1282 1765 1488 1843 necessario,

512 1872 675 1942 videlicet
689 1872 733 1938 de
748 1881 821 1938 arte
836 1866 980 1934 medica.

613 1969 775 2040 Profecto
790 1967 939 2035 multum
955 1988 1135 2055 peccamus
1150 1988 1289 2046 omnes,
1315 1966 1410 2059 quod
1425 1988 1488 2033 ue-

512 2076 624 2163 glecto
645 2068 830 2140 ordinem
854 2067 952 2155 cibo,
985 2079 1088 2154 potu,
1122 2088 1265 2145 somno,
1298 2066 1490 2148 lab-aribus,

513 2174 666 2265 denique
696 2171 733 2237 iu
764 2147 929 2236 omnibus
954 2166 1107 2234 motibus
1131 2166 1241 2233 arsimi
1266 2180 1299 2235 et
1320 2167 1489 2254 corporis,

513 2274 713 2361 adfligimus
734 2283 878 2338 naturae
900 2267 1010 2350 vires,
1034 2264 1273 2382 impedimus
1262 2290 1300 2335 ru
1315 2267 1419 2335 nobis
1433 2266 1490 2334 lu·

514 2397 590 2443 cem
614 2372 769 2440 divinam
794 2368 999 2481 permixtam
1022 2366 1149 2434 nostris
1164 2366 1364 2454 ερίιὶιίιιιιε,
1389 2366 1491 2435 deni-

515 2496 583 2565 que
599 2486 678 2542 ante
694 2485 830 2580 tempus
847 2466 975 2534 nobis
966 2466 1049 2554 ipsis
1066 2479 1213 2534 mortem
1231 2468 1490 2535 consciscimus.

514 2572 611 2642 llaec
634 2572 723 2643 fiunt
742 2547 793 2639 'ab
816 2567 894 2636 aliis
915 2568 1024 2654 nangis
1048 2566 1227 2650 atrociter,
1260 2568 1305 2636 ab
1323 2567 1403 2635 aliis
1423 2566 1491 2634 mi-

515 2696 602 2755 nus,
632 2674 710 2740 sed
749 2684 865 2739 tamen
901 2690 1024 2738 omnes
1052 2667 1092 2735 in
1119 2662 1187 2737 hoc
1215 2690 1340 2754 genere
1367 2689 1491 2758 pecca-

1135 688 1306 784 DECL.
1326 689 1403 763 DE
1433 691 1592 766 ARTE
1626 692 1870 770 MEDICA.

2440 708 2513 783 116

1536 865 1851 936 moderationem
1841 892 1879 934 ιιι
1903 868 1973 937 vita
1996 883 2134 954 amant,
2170 867 2226 941 his
2245 875 2371 945 frustra
2392 879 2435 946 de
2459 900 2515 947 sa·

1535 965 1669 1054 pientia
1683 963 1771 1050 Dei,
1798 980 1831 1035 et
1856 969 1900 1035 de
1922 969 2047 1037 ordine
2070 975 2295 1042 servandum
2313 975 2407 1045 rictu
2425 990 2458 1047 ει
2473 979 2514 1045 in

1536 1065 1768 1135 medicatione
1785 1068 2045 1138 concionamur.

1640 1163 1855 1259 Postquam
1846 1157 1953 1256 igitur
1967 1170 2010 1237 de
2027 1171 2270 1240 emendatione
2281 1197 2421 1245 morum
2437 1178 2517 1246 bre-

1537 1264 1628 1338 viter
1657 1265 1752 1349 dixi,
1783 1290 1880 1338 nunc
1910 1270 2038 1336 addam
2068 1295 2177 1359 pauca
2206 1272 2248 1338 de
2272 1287 2346 1341 arte
2371 1277 2519 1362 medica,

1538 1388 1628 1455 quae
1650 1380 1822 1437 monstrat
1843 1368 1935 1436 vitae
1956 1370 2149 1458 praesidia,
2174 1373 2365 1440 neccssaria
2387 1378 2518 1460 partim

1539 1467 1583 1533 ad
1606 1468 1774 1534 tuendam
1797 1468 2055 1553 valetudinem,
2082 1470 2209 1560 partim
2230 1474 2273 1539 ad
2291 1473 2517 1564 depellendos

1539 1564 1694 1664 morbos.
1745 1564 1815 1635 Hic
1835 1567 1865 1635 si
1884 1569 1964 1660 quis
1985 1572 2071 1638 adeo
2094 1570 2262 1641 barbarus
2278 1588 2344 1657 εει,
2369 1587 2409 1642 ut
2424 1569 2518 1641 nihil

1539 1680 1723 1736 moveatur
1750 1667 1933 1737 manifesta
1964 1668 2115 1738 utilitate
2141 1670 2180 1737 in
2204 1672 2391 1742 vulnerum
2416 1698 2517 1743 cura-

1540 1764 1648 1842 tione,
1671 1767 1708 1834 ιιι
1722 1767 1941 1837 restitutione
1953 1769 2142 1838 fractarum
2157 1783 2216 1840 aut
2230 1773 2421 1843 luxatorum
2436 1797 2516 1863 par-

1539 1864 1647 1949 tium,
1677 1880 1711 1935 ει
1733 1867 1854 1937 ιιιιιιιὶε
1878 1869 2088 1962 interiorum
2113 1873 2317 1941 morborum
2340 1875 2517 1962 depulsio-

1539 1966 1663 2048 nibus,
1685 1989 1725 2035 ιε
1739 1991 1880 2036 omnem
1894 1982 2040 2040 naturae
2055 1972 2388 2051 considerationem,
2409 1996 2448 2041 ac
2463 1988 2518 2043 to-

1540 2078 1610 2134 tam
1625 2079 1735 2135 artem
1749 2068 1938 2152 medicam,
1964 2083 1998 2139 ει
2013 2071 2160 2140 artifices
2173 2094 2293 2140 omues
2306 2085 2518 2153 contemnat,

1540 2178 1580 2233 ιιι
1602 2180 1685 2235 ειιιιι
1705 2167 1848 2258 quidam
1863 2167 2031 2239 Titanum
2049 2171 2204 2255 similes,
2224 2173 2283 2263 qui
2300 2172 2404 2241 etiam
2421 2173 2517 2241 coelo

1540 2265 1673 2334 bellum
1702 2267 1875 2349 inferunt,
1909 2264 1974 2339 hos
2004 2294 2076 2338 non
2106 2295 2216 2339 conor
2237 2272 2450 2361 disputando
2473 2274 2518 2340 ad

1524 2366 1724 2435 sanitatem
1747 2391 1925 2453 revocare,
1954 2373 2014 2439 sed
2035 2384 2075 2440 ut
2092 2370 2238 2443 Titanes
2262 2371 2419 2460 dissipati
2436 2386 2519 2441 sunt

1540 2465 1661 2534 audito
1686 2460 1852 2535 horribili
1872 2469 2022 2539 clamore
2041 2472 2151 2555 asini,
2176 2472 2233 2541 cui
2249 2466 2408 2541 Bacchus
2430 2471 2517 2539 insi-

1541 2568 1646 2635 debat
1667 2565 1704 2632 in
1730 2568 1881 2656 praelio,
1907 2569 1955 2638 ita
1970 2570 2030 2639 isti
2046 2574 2185 2640 tandem
2201 2572 2320 2663 aliquo
2336 2573 2517 2640 asinorum

1541 2666 1692 2734 clamore
1707 2670 1960 2756 perterrefacti,
1987 2693 2114 2760 poenas
2127 2672 2273 2756 dabunt
2298 2669 2517 2763 quodDeum

514 2796 605 2841 mus.
655 2768 760 2839 Ac
732 2793 762 2838 ει
787 2769 866 2861 quis
888 2780 988 2861 putat
1008 2763 1094 2835 haec
1111 2765 1491 2851 nonessecuraeDeo,
1541 2778 1575 2840 ει
1589 2789 1643 2835 res
1654 2766 1792 2835 divinas
1805 2769 2019 2839 contumelia
2034 2770 2246 2842 adfecerunt
2285 2766 2387 2840 Alsos
2401 2785 2517 2840 autem

515 2874 619 2941 valde
644 2883 746 2943 errat.
813 2868 934 2938 Toties
957 2868 1051 2936 enim
1074 2868 1219 2957 repetita
1245 2881 1328 2937 sunt
1350 2891 1491 2958 praece·
1541 2866 1705 2959 alloquor
1727 2868 1902 2952 saniores,
1935 2865 2000 2938 hos
2024 2894 2108 2955 oro,
2141 2883 2181 2940 ut
2201 2871 2400 2940 universam
2423 2866 2517 2939 hanc

516 2987 592 3064 pta:
625 2970 708 3041 Non
732 2970 888 3049 occidas,
920 2967 1001 3036 Non
1031 2979 1219 3055 graventur
1248 2971 1353 3038 corda
1379 2982 1490 3037 vestra
1540 2989 1658 3036 rerum
1679 2982 1839 3038 naturam
1864 2970 2086 3054 intueantur,
2117 2984 2152 3040 et
2173 2970 2326 3059 cogitent
2346 2993 2422 3040 eam
2443 2994 2518 3040 nou

516 3072 680 3164 crapula,
712 3068 893 3140 Honorem
923 3064 1047 3137 habete
1076 3067 1237 3156 corpori,
1273 3066 1491 3153 Homicidae,
1541 3090 1581 3135 ex
1597 3065 1792 3137 Democriti
1812 3068 1938 3137 atomis
1959 3093 2040 3140 casu
2060 3084 2093 3142 ει
2108 3070 2186 3140 sine
2201 3083 2317 3141 mente
2332 3071 2519 3141 conflatam

517 3173 664 3255 ebriosi,
699 3182 905 3239 scortatores
940 3190 1087 3257 regnum
1123 3164 1190 3236 Dei
1225 3192 1298 3236 non
1336 3158 1490 3262 posside·
1541 3189 1632 3251 esse,
1667 3168 1728 3237 sed
1756 3192 1894 3239 summa
1920 3183 1994 3239 arte
2024 3193 2046 3239 a
2072 3169 2148 3241 Deo
2177 3172 2321 3263 opifice,
2355 3172 2520 3261 sapiente,

514 3275 616 3344 bunt
681 3268 806 3358 Qualis
842 3281 958 3337 autem
998 3283 1050 3338 est
1087 3262 1159 3337 hoc
1190 3282 1347 3359 tempore
1377 3270 1490 3359 pluri·
1541 3268 1653 3353 bono,
1684 3269 1861 3354 benefico,
1887 3283 1981 3340 casto
2004 3282 2038 3340 ει
2058 3270 2199 3340 vindice
2222 3271 2412 3356 scelerum,
2435 3295 2518 3365 con·

514 3398 678 3444 morum
684 3370 921 3451 consuetudo,
961 3369 1022 3459 qui
1050 3368 1266 3438 conveniunt
1293 3371 1337 3439 ad
1370 3370 1489 3439 crebra
1541 3369 1650 3438 ditam
1674 3393 1747 3439 esse
1768 3385 1802 3441 ει
1824 3371 2034 3444 conservari.
2083 3369 2153 3442 Hic
2174 3371 2288 3442 voluit
2301 3370 2489 3441 ordinem
2478 3393 2517 3436 m

515 3473 696 3556 convivia,
731 3483 771 3540 ut
793 3423 965 3558 Lapithae
994 3482 1027 3537 et
1049 3465 1236 3553 Centauri,
1267 3469 1319 3539 ibi
1347 3494 1425 3539 cum
1455 3495 1491 3539 se
1540 3483 1615 3540 toto
1637 3469 1777 3560 opificio
1800 3472 2042 3544 testimonium
2064 3473 2109 3542 de
2130 3494 2203 3543 sese
2218 3484 2252 3542 et
2267 3473 2311 3541 de
2327 3470 2516 3563 providen-

516 3584 720 3646 ouerarumt
740 3570 815 3638 sine
833 3569 939 3636 modo
955 3568 1032 3637 cibo
1048 3580 1082 3636 ει
1096 3581 1203 3657 potu,
1226 3584 1343 3660 postea
1359 3571 1490 3638 tumul·
1541 3571 1588 3639 tia
1605 3568 1687 3639 esse.

515 3689 677 3756 tuantur,
717 3685 750 3741 et
783 3664 847 3738 hos
878 3691 1010 3752 mores,
1046 3692 1107 3736 seu
1135 3669 1397 3753 fortitudinem,
1430 3694 1490 3740 seu
1642 3667 1804 3756 Longum
1825 3681 1942 3737 autem
1958 3681 2045 3737 esset
2061 3669 2106 3736 dc
2121 3671 2248 3739 ordine
2264 3673 2301 3747 in
2316 3673 2437 3743 multis
2452 3695 2518 3751 na—

516 3771 728 3844 hilaritatem
752 3770 828 3842 sine
849 3769 936 3840 vitio
959 3791 1031 3837 esse
1054 3768 1263 3844 existimant.
1323 3769 1381 3840 Tu
1406 3795 1488 3839 vero
1540 3781 1640 3838 turae
1664 3770 1822 3858 partibus
1846 3770 1979 3853 dicere,
2012 3768 2055 3836 dc
2077 3766 2149 3838 situ
2169 3792 2356 3859 corporum
2380 3771 2518 3852 mundi,

515 3897 590 3943 non
619 3873 752 3944 iudicas
778 3871 907 3954 scelus,
938 3872 1032 3961 quod
1057 3870 1225 3960 paulatim
1251 3870 1317 3940 nbi
1341 3886 1490 3942 mortem
1541 3872 1585 3938 de
1616 3871 1741 3940 ordine
1770 3881 1929 3938 motuum
1951 3867 2172 3951 coelestium,
2204 3873 2247 3937 de
2273 3868 2408 3939 vicibus
2427 3881 2517 3938 tem·

516 3974 717 4052 conscissis,
743 3973 846 4066 quod
872 3971 1089 4040 domicilium
1112 3967 1178 4038 Dei
1201 3972 1368 4055 destruis,
1370 3980 1375 3989 '
1393 3975 1489 4064 quod
1539 3995 1685 4061 porum,
1710 3971 1869 4052 dierum,
1893 3970 2069 4049 noctium,
2093 3963 2230 4063 hyemis
2246 3983 2279 4038 et
2292 3969 2447 4055 aestatis
2473 3971 2517 4037 de

515 4098 613 4143 nuuc
639 4077 678 4140 in
702 4071 895 4163 praesentia
920 4086 981 4142 aut
1003 4071 1145 4162 expellis
1165 4084 1226 4142 aut
1248 4096 1343 4142 arces
1363 4070 1489 4162 Βειιιιι,
1540 4095 1659 4140 annua
1680 4070 1949 4140 foecundatione
1970 4084 2102 4154 terrae,
2132 4073 2178 4140 de'
2198 4069 2346 4161 plantis,
2372 4072 2416 4138 de
2438 4070 2517 4137 ani-

514 4199 586 4295 quo
603 4174 722 4243 minus
734 4172 857 4243 laetari
871 4185 950 4243 tuac
966 4173 1095 4243 ruentis
1108 4182 1141 4243 et
1158 4173 1272 4242 cordis
1288 4172 1340 4244 tui
1354 4196 1489 4265 posses-
1540 4172 1712 4240 muntium
1736 4171 1939 4259 generibus,
1964 4168 2008 4239 de
2029 4170 2257 4241 fabricatione
2277 4166 2424 4239 humani
2438 4194 2517 4240 cor-

513 4278 614 4346 sione
633 4288 747 4368 queat.
796 4272 879 4342 Nou
899 4296 1065 4363 magnum
1085 4274 1217 4343 malum
1231 4298 1367 4358 censes
1392 4276 1486 4393 quod
1540 4272 1653 4361 poris,
1677 4273 1720 4351 de
1740 4270 1849 4338 firmis
1876 4284 1909 4339 ει
1931 4271 2082 4343 aeternis
2104 4273 2244 4343 notrcns
2260 4297 2299 4339 m
2315 4286 2432 4340 mente
2447 4265 2516 4340 hu

512 4378 643 4449 multos
665 4377 740 4444 dies
760 4364 973 4445 temulentus
993 4387 1026 4443 et
1039 4375 1202 4443 furens
1175 4397 1249 4445 sme
1265 4375 1488 4445 invocatione
1539 4394 1652 4439 mana.
1704 4369 1862 4440 Tantum
1885 4364 1944 4441 hic
1966 4396 2073 4463 pauca
2098 4374 2140 4443 de
2161 4371 2348 4443 ordinem
2371 4373 2465 4442 victu
2482 4385 2516 4440 et

512 4478 603 4563 Dei,
621 4493 655 4548 et
674 4478 750 4546 sine
770 4475 997 4543 meditatione
1019 4475 1063 4542 de
1078 4470 1203 4542 Deo
1169 4476 1270 4546 vivis.
1322 4471 1487 4546 Extrema
1539 4471 1764 4542 medicatione
1779 4495 1965 4562 corporum
1980 4474 2115 4546 dicam

512 4578 665 4670 denique
688 4574 773 4645 hacc
790 4575 967 4646 calamitas
983 4586 1051 4652 est,
1077 4574 1172 4665 quod
1191 4576 1328 4644 excluso
1346 4572 1448 4646 Deo
1437 4600 1487 4644 rr·
1597 4636 1599 4641 .
1638 4570 1746 4645 Res
1735 4595 1810 4664 apsa
1832 4575 2026 4658 ostendit,
2035 4572 2205 4662 singulari
2228 4572 2375 4643 consilio
2401 4572 2515 4643 Deum

511 4691 621 4746 ruunt
641 4678 678 4744 in
695 4670 875 4766 prophana
892 4684 1031 4764 pectora
1044 4672 1195 4755 diaboli
1221 4675 1283 4764 qui
1300 4676 1487 4767 impellunt
1536 4687 1703 4791 tanquam
1719 4686 1855 4765 patrem
1875 4672 2026 4744 fideliter
2042 4673 2145 4743 nobis
2159 4673 2427 4762 prospicientem
2441 4674 2514 4741 dis·

510 4776 617 4856 alios,
642 4787 683 4844 ut
696 4798 777 4842 mox
793 4787 897 4843 ruant
911 4799 950 4842 ιιι
965 4775 1104 4855 caedes
1129 4772 1240 4841 ahos
1230 4786 1277 4843 ιιι
1294 4786 1413 4845 ιειιειιι
1429 4800 1486 4846 ca
1537 4775 1680 4844 tinxisse
1710 4797 1765 4842 res
1788 4787 1986 4859 nascentes,
2026 4788 2060 4844 ει
2082 4774 2166 4843 alias
2187 4773 2277 4843 velle
2298 4773 2515 4843 nutrimenta

507 4876 643 4971 ptivos,
663 4887 704 4943 ιιι
722 4885 839 4962 postea
855 4897 893 4941 ιιι
907 4871 1045 4962 Ριεριιιι.
1060 4872 1188 4943 faciant
1204 4896 1262 4943 eos
1278 4874 1410 4965 patriae
1424 4900 1485 4966 pe
1535 4898 1625 4958 esse,
1651 4876 1737 4943 alias
1760 4873 1923 4943 remedia.
1976 4873 2067 4961 Quis
2091 4897 2293 4942 enimsescr
2309 4874 2418 4964 possit
2433 4871 2516 4942 Ma

507 4989 594 5061 stes,
626 4988 660 5045 ει
681 4965 888 5067 ἀλάστορας
908 4973 1047 5060 generis
1067 4969 1232 5057 humani,
1265 4975 1385 5069 quales
1407 4979 1484 5046 fue·
1533 4930 1661 5059 sticlie,
1687 4970 1900 5057 Achilleide,
1927 4970 2114 5057 Gentiana,
2139 4968 2301 5066 Myrrha,
2326 4970 2429 5059 Aloe,
2455 4988 2513 5044 aut

504 5090 589 5147 runt
604 5073 776 5162 Catilina,
799 5069 980 5145 Antonius
1000 5087 1033 5146 et
1059 5075 1198 5150 similes.
1250 5074 1395 5149 Utinam
1417 5071 1482 5146 ho·
1532 5076 1654 5147 multis
1674 5076 1752 5144 alus
1768 5099 1856 5167 quae
1872 5099 1910 5144 ιιι
1926 5076 2158 5145 medicatione
2174 5075 2363 5144 vulnerum
2381 5086 2512 5144 constat

409 5267 411 5270 g
502 5199 583 5247 rum
611 5201 820 5265 magnorum
851 5175 1060 5247 delictorum
1092 5179 1274 5268 turpitudo
1298 5178 1481 5269 cogitetur,
1532 5201 1604 5246 esse
1627 5176 1869 5249 saluberrima.
1919 5172 2035 5246 Fleuit
2051 5177 2154 5245 etiam
2170 5170 2268 5244 Deus
2284 5188 2416 5244 mentes
2433 5193 2510 5240 cer·

501 5294 536 5350 et
556 5291 762 5367 agnoscatur
783 5273 934 5358 iraDei,
960 5291 994 5348 et
992 5274 1304 5395 ΗιιιιιΌιιιιὶειιιιι
1321 5274 1386 5350 hos
1403 5304 1478 5350 ma-
1529 5290 1645 5346 torum
1670 5271 1855 5346 hominum
1871 5278 1912 5345 ad
1930 5277 2245 5347 considerationem
2264 5273 2511 5357 remediorum,

497 5380 553 5450 los
574 5401 707 5462 mores,
733 5377 796 5468 qni
818 5389 853 5444 et
875 5376 1038 5492 privatim
1061 5375 1181 5444 mulus
1197 5378 1418 5464 exitiosum
1443 5394 1477 5450 et
1528 5391 1562 5448 et
1583 5377 1850 5470 inquisitionem
1875 5376 2025 5459 adiuvit,
2052 5402 2123 5496 quo
2148 5379 2185 5443 in
2208 5372 2324 5446 studio
2345 5373 2511 5442 animad-

496 5493 585 5553 totas
601 5491 738 5568 gentes,
762 5472 955 5545 Ecclesiam
971 5490 1005 5544 et
1019 5497 1165 5564 imperia
1182 5478 1349 5563 perdunt.
1527 5499 1665 5545 versum
1693 5491 1761 5559 εει,
1794 5471 1976 5547 mirificam
2005 5479 2206 5549 varietatem
2235 5472 2365 5542 virium
2389 5472 2428 5540 in
2454 5496 2511 5541 res

593 5578 691 5649 Haec
704 5574 804 5669 prius
816 5574 933 5644 dicere
946 5595 1084 5642 necesse
1097 5588 1165 5652 est,
1190 5575 1327 5666 quoties
1341 5578 1385 5646 de
1399 5591 1474 5647 arte
1525 5589 1704 5645 nascentes
1721 5597 1877 5664 sparsam
1894 5600 1986 5662 esse,
2005 5591 2044 5649 ιιι
2057 5581 2146 5651 aliae
2161 5597 2263 5665 opem
2277 5575 2412 5645 ferrent
2429 5572 2511 5642 aliis

491 5682 627 5751 medica
648 5676 837 5764 dicendum
857 5688 926 5755 est,
952 5695 1033 5742 nam
1058 5674 1119 5766 qui
1144 5673 1301 5743 furenter
1319 5678 1472 5766 perdunt
1522 5675 1710 5759 membris,
1735 5674 1823 5743 aliae
1845 5676 2020 5765 praesidia
2040 5694 2154 5751 essent
2170 5672 2396 5749 concreatio·
2412 5696 2512 5743 mor·
2558 5756 2560 5758 ¹

491 5805 655 5874 corpora,
680 5760 869 5852 necDeum
884 5772 1061 5853 vindicem
1077 5787 1259 5862 metuunt,
1281 5775 1470 5848 necullam
1520 5775 1595 5848 bos.
2017 5803 2020 5813 ·

1987 5932 2000 5963 δι
