6025 6775
1269 510 1776 601 DISPUTATIONES'

1037 1095 1980 1221 a)raorosrrrouus

369 1391 376 1405 ὓ
499 1289 544 1397 ,¹
559 1315 670 1394 Tamo
685 1308 754 1387 111,
776 1325 922 1405 operum
935 1298 1236 1379 mereatusne.
1260 1326 1349 1402 quae
1363 1301 1402 1379 in
1416 1305 1583 1403 operibus
1599 1302 1775 1383 Melautu
1792 1294 2151 1399 Witenbergansibm
2171 1320 2242 1376 uon
2259 1287 2348 1416 ¹su‘ut
2367 1240 2530 1393 rabmae.

736 1713 804 1809 (Ῑ·)
850 1715 911 1787 ΒΘ
932 1710 1044 1785 reims
1073 1708 1257 1804 politicis.
1640 1702 1738 1797 Ergo
1754 1703 1919 1800 politicae
1927 1701 2182 1778 'ordinationes
2195 1724 2280 1782 sunt
2297 1712 2412 1785 bonae
2427 1661 2530 1792 eber:

693 1825 797 1909 (Otu-
811 1810 886 1886 ΜΘῙ·
899 1818 996 1886 Bssfl·
1011 1819 1051 1882 T·
1067 1814 1128 1882 ¹¹1·
1154 1840 1187 1899 P·
1201 1814 1291 1896 ²940)
1540 1825 1641 1883 turae
1657 1806 1739 1882 Dei.

596 1982 606 2002 ‚
929 1976 938 1996 ,
969 1975 979 1996 ,
1071 1975 1082 1994 ,
1119 1973 1128 1993 ,
1388 1973 1397 1993 ,
1457 1975 1466 1992 ,
1641 1898 1825 1979 Praeclare
1846 1919 1882 1978 et
1906 1906 2083 1998 sapienter
2103 1873 2155 1982 ait
2175 1907 2398 2004 Xenophon,
2432 1922 2532 2013 quod

499 1970 665 2060 Maxime
680 1981 824 2074 prodest
838 1973 981 2049 homins
994 1970 1200 2048 Christiano
1218 1974 1489 2046 teneredrscrr-
1540 2012 1631 2081 sicu,
1645 2010 1775 2083 bestiae
1789 2033 1866 2080 non
1882 2014 2030 2100 possum
2043 2009 2120 2099 regi
2139 2009 2212 2081 nisi
2232 2035 2254 2085 ἃ
2276 2028 2403 2088 natum
2422 2042 2532 2111 ωρο-
2563 2024 2571 2034 .

500 2110 584 2163 men
599 2080 789 2173 Evangelii
807 2092 842 2151 ⁸²
857 2078 1040 2151 d⁰⁰¹fi¹¹³⁴³
1052 2075 1230 2170 mutim·
1540 2113 1655 2197 riore,
1689 2111 1855 2181 videlicet
1880 2105 2056 2197 bumana,
2088 2112 2138 2184 in
2168 2107 2334 2186 homines
2352 2139 2427 2190 non
2445 2143 2530 2213 pos·

606 2198 715 2289 Quod
734 2197 899 2269 videlicet
917 2191 1154 2284 Evangelium
1171 2194 1295 2265 doceat
1318 2192 1490 2265 iustitiam
1540 2226 1625 2285 ,unt
1639 2214 1713 2303 regi
1730 2212 1832 2282 „5352
1852 2212 2005 2305 quadam
2022 2212 2301 2289 divinanarum,

501 2320 681 2380 aelernam
697 2298 815 2371 cordlss
828 2312 862 2370 et
876 2296 985 2369 Vitam
999 2308 1192 2413 aelssltllamo
1242 2291 1391 2366 lnlerlm
1405 2321 1489 2367 Vero
1645 2314 1705 2385 lug
1722 2326 1870 2384 naturae
1892 2336 1974 2382 vere
1997 2325 2049 2383 επ
2069 2313 2124 2384 {ug
2147 2315 2333 2404 divinum,
2357 2322 2530 2414 scriptum

502 2400 876 2501 nml¹¹i⁰⁸⁶⁰¹¹⁰¹¹¹iam
895 2419 1011 2492 neque
1027 2397 1188 2490 P⁰l¹fi²¹¹¹
1204 2396 1353 2469 ³b⁰l⁰³l
1542 2415 1715 2487 divinitus
1738 2414 1778 2485 in
1800 2428 1918 2485 mente
1944 2408 2118 2501 hominis,
2155 2416 2248 2488 sicut
2269 2417 2394 2491 lumen
2416 2423 2530 2495 oculis

605 2520 679 2591 Nec
693 2519 779 2590 satis
794 2528 846 2587 est
860 2510 929 2585 hoc
944 2536 1059 2599 nosse,
1083 2515 1144 2585 sed
1160 2514 1264 2586 etiam
1280 2514 1369 2584 seire
1383 2539 1490 2607 opor·
1542 2518 1718 2588 divinitus
1744 2517 1899 2587 inditum
1928 2529 1992 2587 est.
2058 2510 2108 2587 Et
2130 2529 2223 2588 recte
2244 2519 2297 2589 ait
2318 2519 2531 2614 Imperator,

503 2639 569 2709 tet,
594 2622 691 2716 quod
705 2616 911 2690 oeconomia
927 2630 961 2687 et
973 2610 1110 2708 politia,
1127 2615 1363 2705 magistratus,
1386 2618 1491 2706 leges,
1542 2619 1717 2689 naturalia
1733 2617 1813 2688 iura
1826 2616 1948 2687 divina
1962 2616 2188 2707 providentia
2203 2621 2392 2692 constituta
2411 2649 2496 2695 esse.

502 2725 648 2809 indicia,
670 2743 816 2813 poenae,
837 2717 1000 2809 capitalia
1016 2716 1200 2809 supplicia,
1218 2716 1365 2808 {militia
1386 2720 1491 2805 bella,
1643 2718 1754 2809 Leges
1768 2720 1817 2790 ita
1831 2718 2095 2811 approbantur,
2121 2718 2244 2809 §.non
2266 2738 2425 2814 pugnent
2444 2749 2529 2797 cnm

504 2823 688 2900 distinctio
705 2819 960 2905 dominiorum,
975 2832 1176 2889 contractus
1192 2832 1226 2890 et
1240 2818 1375 2889 similes
1390 2822 1492 2890 ordi·
1543 2821 1622 2891 iure
1637 2836 1796 2893 naturae.
2463 2831 2467 2838 ’

504 2929 669 3002 nationes
685 2923 849 3015 politicae
863 2920 936 2991 sint
950 2945 1031 2991 vere
1046 2918 1289 2991 ordinationes
1306 2920 1459 2995 divinae.
1645 2920 1759 3014 Impia
1783 2938 1816 2994 et
1842 2920 2007 2993 seditiosa
2030 2920 2155 3014 opinio
2183 2936 2256 3004 est,
2298 2926 2393 3018 quod
2417 2924 2529 2998 Chri·

605 3024 757 3097 Prodest
772 3017 839 3092 hac
852 3023 1024 3093 sententia
1040 3016 1227 3092 hominum
1244 3021 1383 3092 animos
1403 3047 1491 3092 con·
1543 3024 1656 3094 stiano
1680 3049 1752 3094 non
1779 3024 1883 3095 liceat
1902 3037 2020 3093 tenere
2040 3022 2246 3113 proprium,
2270 3039 2336 3097 aut·
2353 3030 2444 3121 quod
2463 3032 2530 3099 de-

504 3133 663 3212 firmare,
688 3125 773 3220 quia
798 3122 861 3216 qui
885 3124 935 3195 sic
955 3123 1133 3205 sentiunt,
1158 3122 1269 3211 magis
1284 3137 1492 3194 reverentur
1543 3129 1650 3196 sertio
1685 3126 1894 3199 facultatum
1926 3125 1972 3195 sit
1999 3123 2115 3195 cultus
2144 3138 2207 3196 aut
2235 3128 2404 3219 perfectio
2432 3125 2529 3200 chri-

503 3230 727 3321 magistratus
743 3240 777 3297 et
791 3226 896 3314 leges.
1543 3227 1668 3300 stiana.

607 3328 707 3401 Haec
721 3325 918 3399 reverentia
939 3324 1033 3416 parit
1049 3322 1343 3418 tranquillitatem
1365 3325 1491 3395 rebus-
1645 3324 1759 3399 Error
1781 3340 1833 3399 est
1853 3326 2002 3413 sentire,
2041 3328 2144 3422 quod
2161 3323 2327 3402 Christus
2345 3327 2475 3406 Matth.
2491 3331 2530 3407 5.

505 3427 683 3530 publicis.
1264 3431 1269 3439 ’
1322 3400 1345 3453 ⁸
1544 3434 1588 3503 de
1605 3430 1780 3514 vindicta,
1805 3430 2010 3512 consilium,
2037 3447 2349 3524 nonpraeceptum
2363 3435 2513 3506 dederit.

611 3529 659 3602 Et
673 3529 738 3602 bae
757 3527 999 3600 ordinationes
1023 3549 1099 3594 non
1121 3539 1258 3597 tantum
1281 3528 1491 3618 permissive
1571 3582 1574 3587 -
1646 3529 1755 3620 Quod
1784 3531 1933 3616 dicitur,
1971 3525 2063 3599 mihi
2085 3530 2299 3616 vindictam,
2340 3557 2404 3626 ego
2425 3536 2532 3607 retri-

505 3635 618 3710 aDeo
635 3632 925 3725 proficiscuntur,
951 3628 1040 3698 sicut
1054 3627 1147 3698 mala
1161 3628 1394 3701 diciturDeus
1410 3655 1491 3722 per·
1543 3630 1670 3727 huam,
1693 3622 1887 3722 significat,
1912 3633 2106 3704 vindictam
2124 3656 2215 3726 opus
2230 3658 2304 3707 esse
2318 3640 2362 3707 ad
2378 3638 2529 3728 gloriam

505 3727 659 3809 mittere.
717 3794 721 3801 .
823 3765 827 3772 ·
1018 3783 1019 3786 =
1543 3731 1612 3806 Dei
1627 3736 1821 3826 pertinens.

522 3896 526 3905 ,
610 3835 825 3928 Quanquam
840 3844 924 3905 sunt
939 3829 1185 3900 ordinationes
1201 3830 1350 3901 rationis
1366 3825 1492 3903 huma·
1644 3832 1767 3926 Itaque
1794 3856 1877 3903 cum
1904 3832 2129 3924 magistratus
2158 3853 2294 3911 exercet
2323 3840 2529 3928 vindictam,

506 3962 592 4030 nae,
617 3951 736 4008 tamen
749 3937 839 4006 ratio
856 3929 1014 4001 humana
1028 3953 1102 4002 non
1117 3945 1233 4023 posset
1254 3933 1406 4003 retinere
1430 3958 1490 4026 pa·
1542 3936 1768 4007 administrat
1784 3934 1942 4005 alienum
1958 3935 2124 4007 officium.

507 4063 585 4114 cem
608 4040 647 4109 in
665 4032 943 4127 rebuspublicis,
975 4032 1014 4101 in
1038 4047 1136 4105 tanto
1158 4036 1279 4104 furore
1301 4035 1434 4105 diaboli
1450 4039 1492 4124 {et
1644 4035 1873 4126 Magistratus
1913 4051 2097 4129 praecepto
2128 4034 2199 4109 Dei
2237 4057 2413 4132 coguntur
2446 4045 2533 4114 vin-

506 4141 701 4234 impi'or'urn
732 4133 938 4217 hominum,
982 4132 1055 4205 nisi
1081 4135 1255 4228 singulari
1287 4160 1394 4229 opere
1422 4136 1492 4206 Dei
1542 4138 1671 4210 dietam
1687 4161 1847 4208 exercere
1860 4134 2107 4209 Romanorum
2126 4141 2185 4211 13.
2210 4140 2349 4213 Vindex
2362 4141 2432 4211 Dei
2445 4159 2508 4218 est.

505 4252 800 4316 conservarentur
817 4235 1056 4330 respublicae,
1082 4254 1119 4311 et
1139 4239 1368 4334 quorundum
1388 4263 1490 4310 men·
1644 4237 1738 4309 Aliis
1751 4239 1919 4309 omnibus
1933 4235 2321 4332 prohibeturvindicta
2336 4258 2525 4334 praerepto

505 4361 557 4418 tes
574 4346 857 4437 gubernarentur
872 4341 925 4432 ¹ad
948 4339 1027 4432 illas
1050 4364 1106 4411 res
1128 4365 1169 4412 ac
1188 4343 1281 4430 leges
1301 4341 1491 4412 invenien-
1541 4339 1623 4417 Dei.
1673 4339 1797 4435 ltaque
1815 4335 1950 4412 Christi
1973 4343 2082 4414 verba
2104 4342 2155 4414 sic
2172 4340 2279 4430 accipi
2299 4361 2438 4412 necesse
2460 4361 2529 4431 est,

506 4450 588 4536 das,
612 4471 703 4543 quae
717 4445 888 4517 muniunt
902 4463 1037 4533 pacem.
1238 4523 1240 4527 Α
1543 4464 1589 4512 ne
1606 4444 1885 4536 detorqueantur
1899 4446 1944 4512 ad
1957 4444 2134 4516 tollendos
2157 4440 2389 4529 magistratus.
2441 4441 2528 4517 Non

611 4548 696 4620 ldeo
719 4548 891 4640 Salomon
913 4543 1050 4636 inquit,
1076 4555 1116 4613 ut
1138 4542 1261 4611 oculus
1281 4542 1418 4629 videat,
1450 4557 1491 4616 ut
1542 4545 1638 4612 enim
1661 4547 1804 4617 volebat
1824 4544 1877 4614 ibi
1898 4546 2069 4635 abrogare
2086 4540 2247 4636 politicas
2267 4543 2529 4633 ordinationes,

507 4650 603 4719 serris
619 4653 758 4735 audiat,
782 4650 879 4719 Deus
893 4645 994 4727 lacit,
1020 4646 1142 4729 idest,
1166 4654 1206 4712 ut
1228 4644 1371 4736 sapiunt
1389 4647 1489 4737 prin·
1542 4648 1602 4716 sed
1617 4647 1776 4736 singulos
1789 4646 1939 4716 docebat
1952 4650 1996 4716 de
2012 4645 2161 4737 puritate
2174 4644 2294 4714 cordis
2308 4643 2527 4737 ergaDeum.

387 4774 391 4781 ¹
433 4841 436 4848 μ
508 4751 624 4841 cipes,
649 4747 984 4839 ut.pareantpopuli
1001 4742 1205 4815 Deuslacit.
1645 4745 1748 4818 Sicut
1778 4746 1952 4838 Gigantes
1982 4747 2164 4836 finguntur
2191 4745 2354 4817 intulisse
2387 4749 2526 4821 bellum

610 4846 658 4919 Et
680 4861 773 4918 recte
796 4847 846 4916 ait
867 4842 1103 4935 Augustinus:
1143 4844 1221 4914 iura
1252 4837 1406 4916 humana
1428 4872 1491 4939 per
1542 4848 1661 4930 coelo,
1688 4850 1736 4920 ita
1753 4872 1833 4918 cnm
1851 4860 1924 4919 tota
1943 4859 2069 4919 natura
2092 4847 2228 4917 bellum
2250 4863 2378 4937 gerunt
2398 4875 2529 4921 mona-

507 4950 743 5041 Imperatores
759 4960 794 5018 et
810 4959 961 5017 rectores
978 4948 1086 5016 seculi
1102 4943 1198 5016 Deus
1217 4946 1400 5019 distribuit
1422 4946 1492 5019 bu·
1542 4946 1620 5034 chi,
1646 4950 1709 5043 qui
1725 4951 1883 5022 sentiunt
1899 4946 2148 5042 perfectionem
2170 4972 2244 5019 esse
2266 4951 2304 5020 in
2325 4953 2529 5024 desertione

506 5076 613 5123 mano
634 5051 766 5141 generi.
1541 5052 1766 5138 facultatum,
1792 5067 1826 5123 et
1841 5051 2045 5143 praeierunt
2065 5072 2169 5120 suum
2195 5051 2289 5122 vitae
2310 5074 2421 5141 genus
2443 5057 2529 5125 lun·
2592 5046 2595 5053 ’

611 5151 734 5246 ltaque
762 5153 907 5246 politiae
935 5174 1017 5224 vere
1047 5152 1257 5244 sunt'opera
1282 5147 1368 5235 Dei,
1400 5151 1491 5223 sicut
1541 5152 1720 5225 ctionibus
1748 5154 1932 5235 civilibus,
1980 5174 2072 5246 quae
2101 5147 2235 5223 habent
2259 5158 2462 5226 mandatum
2488 5173 2526 5227 ct

505 5259 600 5327 vices
614 5270 831 5346 temporum,
857 5279 979 5327 cursus
994 5254 1098 5338 solis,
1123 5267 1235 5322 terrac
1256 5251 1488 5325 foecunditas.
1541 5257 1688 5326 verbum
1713 5252 1794 5334 Dei.
1853 5253 1942 5328 Item
1964 5251 2240 5345 Anabaptistae,
2271 5258 2333 5348 qui
2355 5256 2527 5342 sentiunt,

504 5358 627 5452 Neque
646 5358 760 5436 solum
779 5357 939 5426 condidit
952 5357 1048 5429 Deus
1063 5350 1127 5421 has
1144 5348 1402 5440 ordinationes,
1428 5357 1490 5425 sed
1539 5379 1614 5425 non
1637 5357 1743 5428 licere
1766 5357 1993 5445 magistratus
2014 5378 2153 5447 gerere,
2189 5357 2357 5444 militare,
2388 5358 2527 5448 ¹iudicia

503 5474 675 5553 perpetuo
698 5471 890 5527 conservat.
946 5454 1130 5525 Postremo
1152 5452 1257 5525 etiam
1280 5457 1490 5546 approbavit
1539 5480 1717 5538 exercere,
1743 5457 1876 5527 iurare·
2416 5480 2426 5499 ·

503 5562 614 5632 verbo
633 5584 717 5645 suo,
740 5554 818 5648 Ego
834 5554 927 5639 dixi,
950 5553 1012 5625 Dii
1029 5555 1120 5634 estis,
1147 5555 1184 5624 id
1203 5569 1252 5627 est
1267 5582 1344 5627 mea
1360 5555 1489 5630 autho·
1640 5555 1742 5629 Sicut
1752 5557 1836 5629 licet
1847 5552 2054 5630 Christiano
2071 5555 2126 5630 uti
2143 5554 2209 5629 bae
2222 5559 2320 5647 luce,
2346 5556 2414 5633 boe
2434 5567 2529 5646 ae're,

503 5666 607 5737 ritate
621 5660 776 5756 regnatis
791 5673 826 5732 et
841 5681 960 5729 meum
976 5654 1131 5727 officium
1148 5657 1416 5734 administratis.
1539 5668 1575 5727 et
1589 5655 1669 5726 aliis
1693 5657 1796 5730 bonis
1819 5662 1990 5732 creaturis
2005 5656 2092 5748 Dei,
2124 5660 2174 5732 ita
2196 5657 2278 5732 lieet
2296 5662 2351 5733 uti
2371 5664 2529 5757 politicis
