6025 6775
476 622 550 697 srr
963 712 965 715 ,
1102 611 1845 693 rn1n1er1uananrn0n1s.
2242 645 2245 652 -
2415 605 2497 686 sss.

476 796 593 866 titiam
608 803 642 861 et
657 790 935 878 invocationem,
959 785 1007 858 ita
1023 801 1057 859 et
1071 790 1372 882 deincepsserrat
1387 783 1463 860 Ec*
1491 788 1593 861 toris
1614 788 1724 863 simus
1752 788 1857 874 iusti,
1890 787 1928 856 id
1952 797 2022 872 εει,
2050 781 2224 858 habenees
2246 782 2489 869 remissionem

477 895 637 976 clesiam,
670 894 768 963 adest
791 893 843 977 ei,
872 904 907 961 et
927 902 978 960 est
1008 890 1127 960 efficax
1156 915 1242 961 voce
1260 886 1457 980 Evangelii.
1505 901 1540 961 et
1569 890 1841 982 imputationem
1870 888 2047 973 iusticias,
2079 886 2167 970 fide,
2198 883 2237 953 id
2262 897 2330 967 est,
2361 882 2489 952 fiducia

477 993 710 1067 Execrandus
742 1006 792 1064 est
822 1003 936 1062 autem
966 1013 1065 1061 error
1086 990 1357 1078 Stenclseleldii,
1394 990 1466 1085 qui¹
1503 990 1766 1061 misericordiae
1797 989 1988 1082 promissae
2019 1000 2166 1079 propter
2195 985 2332 1069 filium,
2371 983 2489 1070 gratis,

401 1159 409 1178 ,
476 1093 623 1166 abducit
645 1088 805 1164 homines
825 1092 870 1160 ab
890 1102 1034 1164 externa
1059 1117 1162 1178 voce,
1205 1106 1241 1164 et
1262 1094 1455 1174 contendit,
1505 1092 1596 1163 sicut
1623 1089 1758 1163 Paulus
1784 1091 1918 1185 inquit:
1952 1087 2136 1160 Iustificati
2162 1086 2334 1177 sangnine
2365 1081 2489 1176 ipsius.

441 1257 444 1261 r
474 1194 592 1267 Deum
608 1195 684 1264 siue
697 1208 834 1263 externa
851 1214 935 1261 voce
950 1192 1166 1263 sanctificare
1179 1187 1354 1267 homines.
1505 1190 1610 1263 Item:
1645 1190 1713 1264 Per
1734 1193 1970 1264 obedientiam
1993 1190 2101 1261 unius
2119 1188 2204 1260 iusti
2227 1188 2490 1258 constituentur

577 1290 638 1365 25.
668 1289 844 1363 Dominus
864 1291 964 1363 iubet
984 1293 1180 1385 praedicari
1200 1291 1455 1387 poenitentiam
1503 1293 1619 1365 multi.

477 1412 512 1469 et
523 1395 759 1469 remissionem
778 1406 1001 1485 peccatorum
1017 1392 1056 1462 in
1071 1395 1217 1464 nomine
1237 1418 1314 1469 suo.
1364 1392 1455 1466 Cum
1604 1394 1668 1469 83.
1699 1389 1876 1466 Αειειιιιιε
1898 1407 1996 1486 pater
2017 1416 2080 1486 per
2094 1390 2209 1463 filium
2226 1415 2311 1461 voce
2326 1385 2491 1476 Evange-

475 1499 584 1588 igitur
598 1496 703 1564 corda
719 1493 965 1585 perterrefacta
987 1496 1249 1585 praedicatione
1269 1496 1455 1586 poeniten·
1503 1496 1545 1566 lii
1567 1496 1807 1567 consolantem
1825 1498 1932 1567 corda
1948 1498 2007 1565 dat
2023 1493 2196 1586 Spiritum
2213 1505 2385 1563 sanctum.
2436 1488 2490 1560 lta
2590 1499 2592 1504 '

474 1600 560 1692 tiae,
585 1594 737 1665 audiunt
757 1594 1048 1686 promissionem,
1080 1595 1168 1667 etei
1193 1619 1275 1665 vere
1296 1598 1456 1681 credunt,
1504 1619 1586 1665 vere
1617 1591 1754 1668 habitat
1774 1597 1942 1669 divinitas
1966 1596 2005 1664 in
2029 1594 2272 1678 credentibus,
2305 1606 2341 1662 et
2362 1613 2491 1660 accen·

471 1694 539 1768 hac
559 1695 629 1766 fide
649 1695 757 1786 gratis
773 1707 918 1787 propter
935 1695 1047 1764 lilium
1063 1692 1131 1767 Dei
1152 1698 1381 1786 mediatorem
1399 1697 1456 1768 iu·
1505 1698 1559 1766 dit
1583 1719 1694 1766 novas
1714 1698 1878 1769 actiones.
1944 1693 1993 1767 Et
2011 1710 2130 1767 tamen
2151 1690 2209 1764 his
2228 1692 2427 1766 actionibus
2449 1690 2490 1759 in

470 1797 687 1882 stificantur,
712 1798 749 1865 id
772 1809 845 1881 est,
868 1796 1046 1887 accipiunt
1064 1799 1309 1869 remissionem
1332 1820 1455 1889 pecca·
1504 1797 1684 1866 infinitum
1705 1800 1931 1869 anteferenda
1948 1812 1999 1868 est
2015 1795 2218 1868 obedientia
2235 1809 2271 1866 et
2286 1793 2489 1864 intercessio

470 1915 609 1984 torum,
635 1911 669 1969 ει
683 1897 950 1988 imputationem
967 1898 1125 1969 iusticiae
1139 1924 1179 1970 ac
1197 1899 1456 1970 reconciliatio·
1504 1897 1571 1967 filii
1583 1895 1663 1971 Dei.
1711 1894 1815 1968 Hanc
1837 1922 1974 1990 semper
1995 1898 2197 1969 immediate
2220 1898 2378 1966 intuetur
2391 1893 2491 1976 fides,
2556 1937 2559 1946 ·

470 2025 573 2085 nem,
606 2011 642 2069 et
665 1998 887 2069 vivificantur
906 2022 971 2089 per
989 1998 1101 2069 filium
1116 1999 1203 2086 Dei,
1235 2001 1298 2094 qui
1319 2005 1360 2072 ει
1371 2024 1456 2069 ιοεε
1504 2014 1539 2071 ει
1557 1998 1715 2088 agnoscit
1728 1999 1959 2069 mediatorem
1976 2022 2050 2069 esse
2066 1998 2313 2069 umbraculum
2329 1995 2490 2067 etintcr-

468 2098 658 2190 Evangelii
670 2100 757 2169 dicit
771 2098 808 2169 in
825 2100 991 2170 cordibus
1006 2101 1224 2173 credentium
1241 2101 1455 2173 consolatio·
1504 2123 1675 2171 cessorem
1699 2100 1793 2169 inter
1805 2113 1941 2191 patrem
1958 2113 1993 2170 et
2007 2122 2092 2189 nos,
2118 2114 2153 2169 et
2167 2098 2294 2191 accipit
2310 2095 2491 2166 remissio-

470 2225 571 2282 nem,
598 2215 633 2270 et
650 2201 803 2272 effundit
817 2200 856 2268 in
872 2223 911 2270 ea
926 2198 1101 2291 Spiritum
1115 2216 1293 2284 sanctum,
1318 2216 1353 2273 et
1365 2202 1455 2294 ⁶facit
1504 2226 1585 2272 nem
1604 2214 1827 2292 peccatorum
1851 2215 1886 2272 et
1899 2201 2168 2292 imputationem
2185 2200 2366 2292 iusticias„
2396 2194 2492 2266 Vera
2583 2259 2587 2268 ,

471 2327 531 2373 eos
545 2297 715 2372 haeredes
728 2302 819 2371 vitae
833 2314 1005 2374 aeternae.
1504 2318 1557 2375 est
1586 2304 1696 2392 igitur
1726 2302 1940 2393 propositio:
1982 2299 2133 2393 Propter
2159 2299 2397 2371 obedientiam
2424 2295 2492 2365 lilii

571 2402 633 2473 26.
671 2401 833 2493 Papistae
856 2415 1088 2492 corrumpunt
1116 2403 1314 2475 doctrinam
1338 2400 1455 2488 Pauli,
1503 2403 1592 2488 Dei,
1624 2404 1698 2471 sola
1719 2404 1789 2471 fide
1810 2425 1932 2474 sumus
1955 2402 2059 2487 iusti,
2086 2402 2124 2471 id
2145 2416 2216 2483 est,
2240 2397 2409 2469 habentes
2433 2422 2491 2467 re-

471 2527 553 2574 cum
567 2505 629 2573 ait:
670 2501 758 2572 Fide
774 2500 1022 2585 iustificamnr,
1048 2503 1129 2594 quia
1146 2506 1269 2576 dicunt
1284 2507 1455 2599 synecdo·
1502 2504 1707 2575 missionem
1736 2518 1959 2596 peccatorum
1981 2516 2015 2573 et
2036 2502 2307 2594 imputationem
2331 2498 2492 2569 iusticias

471 2601 566 2674 chen
582 2626 668 2689 esse,
692 2617 728 2674 ει
742 2604 1032 2693 interpretantur,
1057 2604 1126 2674 lide
1140 2629 1391 2698 praeparamur
1407 2607 1452 2675 ad
1503 2619 1537 2676 et
1557 2605 1847 2693 vivificationem,
1878 2606 1969 2676 sicut
1990 2604 2159 2696 scriptum
2183 2617 2248 2675 est:
2273 2599 2398 2698 ¹iustus
2421 2600 2491 2669 lide

468 2704 663 2775 iusticiam:
703 2701 754 2774 Et
774 2703 859 2772 iusti
882 2724 1021 2787 sumus,
1053 2705 1185 2790 idest,
1221 2708 1355 2798 accepti
1375 2704 1452 2777 Deo
1503 2708 1687 2781 suavivet.

467 2818 614 2898 propter
633 2798 986 2876 noticiamhistoriae
1007 2818 1041 2875 et
1062 2805 1287 2879 dilectionem
1310 2821 1346 2879 et
1366 2807 1453 2879 alias
1606 2808 1670 2877 54.
1704 2806 1746 2877 ln
1769 2803 1834 2879 hac
1853 2809 1928 2901 ipsa
1950 2809 2193 2880 consolatione
2214 2831 2293 2876 carm
2311 2806 2495 2895 erigimur,

468 2906 631 2980 virtutes.
1502 2908 1597 2978 filius
1615 2905 1686 2977 Dei
1706 2931 1788 2978 vere
1808 2923 1859 2980 est
1882 2911 2003 2979 efficax
2027 2910 2066 2977 in
2090 2911 2273 2990 credente,
2306 2922 2340 2978 et
2363 2907 2492 2975 liberat

468 3041 470 3046 ’
568 3010 632 3079 27.
669 3001 819 3077 Addunt
843 3018 877 3076 ει
898 3001 986 3090 hoc,
1018 3000 1202 3076 hominem
1227 3032 1364 3102 semper
1389 3012 1452 3081 de·
1502 3007 1815 3090 eumadoloribus
1829 3010 2046 3089 inferorum,
2068 3010 2159 3080 sicut
2173 3009 2306 3100 inquit:
2333 3002 2491 3088 Omors,

466 3112 550 3182 bere
564 3108 747 3193 dubitare,
771 3131 815 3177 an
832 3107 929 3177 sitin
946 3108 1077 3196 gratia,
1102 3104 1452 3185 etlsancdubitatio-
1502 3136 1563 3183 ero
1580 3117 1676 3180 rllors
1692 3123 1771 3189 tua,
1797 3110 1992 3195 oinlerne,
2018 3132 2080 3179 ero
2094 3109 2202 3201 pestis
2221 3122 2293 3181 tua.
2343 3102 2392 3176 Et
2406 3128 2492 3173 san-

454 3234 643 3284 memnon
657 3232 731 3277 esse
746 3222 938 3299 peccatum.
1501 3211 1666 3285 ctificatio
1680 3206 1886 3296 inchoatur,
1909 3233 1978 3304 qna
1994 3209 2109 3300 imago
2124 3210 2195 3281 Dei
2209 3207 2249 3277 in
2265 3207 2491 3278 credentibus

565 3312 626 3387 28.
657 3308 754 3380 Haec
771 3309 882 3402 impia
896 3308 1127 3381 deliramenta
1141 3326 1225 3384 sunt
1247 3316 1450 3388 execranda.
1501 3327 1711 3399 renovatur,
1744 3325 1779 3384 et
1807 3311 2019 3383 adsimilatio
2044 3312 2090 3382 sit
2110 3311 2156 3381 ad
2177 3311 2312 3395 filium,
2341 3322 2381 3381 ut
2401 3331 2491 3377 con-

466 3415 522 3486 Ac
534 3414 715 3491 sciendum
732 3427 785 3483 est
802 3413 908 3483 fidem
929 3435 1001 3481 non
1023 3426 1160 3486 tantum
1184 3439 1256 3486 esse
1282 3418 1452 3489 noticiam
1501 3429 1631 3509 gruans
1648 3438 1748 3486 mens
1765 3428 1800 3485 et
1816 3415 1982 3487 voluntas
1997 3436 2141 3485 accensa
2155 3413 2293 3507 Spiritu
2307 3424 2428 3482 saneto
2443 3409 2492 3479 ad

465 3511 651 3600 historiae,
675 3537 755 3584 cum
769 3511 902 3585 Paulus
923 3514 1060 3606 inquit:
1092 3515 1272 3589 iustificati
1295 3521 1363 3589 lide
1386 3543 1451 3612 pa·
1500 3519 1649 3588 verbum
1663 3529 1697 3588 et
1711 3515 1824 3586 filium
1840 3513 1921 3591 Dei.

469 3638 544 3684 cem
562 3609 762 3689 habemus..
1602 3613 1664 3694 85.
1696 3615 1822 3688 Manet
1844 3618 1932 3688 ordo
1947 3616 1987 3688 in
2001 3631 2074 3691 tota
2087 3616 2310 3698 aeternitate,
2336 3628 2377 3686 ut
2391 3634 2492 3684 crea-
2561 3689 2567 3698 ,

573 3711 636 3787 29.
676 3712 746 3785 Sed
760 3712 862 3798 fides,
895 3715 940 3785 de
955 3741 1024 3811 qna
1039 3716 1172 3790 Paulus
1189 3720 1367 3815 loquitur,
1399 3736 1451 3793 est
1499 3736 1580 3795 tura
1600 3716 1677 3790 Deo
1703 3718 1862 3804 obediat,
1895 3719 2049 3814 ideoque
2070 3721 2166 3791 filius
2186 3718 2254 3791 Dei
2275 3718 2402 3788 missus
2426 3722 2493 3799 est,

470 3814 639 3887 adsentiri
655 3814 752 3885 omni
767 3817 875 3884 verbo
891 3812 960 3889 Dei
976 3821 1082 3890 nobis
1104 3822 1255 3909 tradito,
1278 3836 1384 3917 atque
1401 3823 1449 3893 ita
1499 3837 1541 3894 ut
1562 3821 1763 3893 obedientia
1784 3821 1824 3890 in
1844 3822 1949 3892 nobis
1964 3822 2186 3906 restituatur,
2210 3844 2285 3888 non
2301 3834 2341 3891 ut
2358 3816 2490 3887 confir-

466 3916 693 4009 promissioni
709 3915 859 4008 gratiae,
885 3931 918 3988 et
938 3934 989 3991 est
1012 3923 1139 3992 fidncia
1163 3925 1386 4016 acquiescens
1411 3926 1449 3994 in
1499 3939 1618 3996 metor
1644 3935 1836 4014 peccatum.
1904 3920 1987 3991 Non
2016 3924 2096 3994 ideo
2126 3922 2221 3992 filius
2250 3917 2318 3990 Dei
2344 3916 2490 3989 sudavit

464 4016 541 4091 Deo
558 4033 701 4111 propter
717 4016 965 4106 mediatorem,
989 4037 1024 4093 et
1038 4023 1192 4093 clamans
1207 4021 1310 4096 Abba
1323 4040 1434 4120 pater.
1499 4026 1726 4116 sanguinem,
1753 4037 1788 4093 et
1808 4022 1995 4093 crucifixus
2016 4037 2087 4108 est,
2113 4037 2154 4094 ut
2174 4017 2363 4093 horrendis
2386 4020 2489 4089 furo-

565 4122 627 4195 30.
659 4117 723 4192 Ait
736 4133 772 4191 et
787 4113 967 4192 Osiander
988 4122 1092 4194 fidem
1115 4148 1189 4195 esse
1208 4131 1449 4219 praeparatio·
1499 4129 1599 4198 ribus
1622 4123 1763 4194 licentia
1782 4123 2005 4192 concedatur.
2056 4122 2126 4196 Sed
2145 4134 2186 4193 ut
2204 4119 2359 4194 Ecclesia
2382 4118 2489 4188 colli-

462 4247 545 4293 nem
570 4225 615 4310 ad
641 4223 837 4302 iusticiam,
877 4223 961 4315 qnia
986 4224 1055 4294 lide
1075 4226 1247 4317 accipitur
1269 4230 1449 4316 divinitas,
1498 4241 1601 4317 gatur
1623 4226 1660 4293 in
1682 4245 1809 4312 genere
1830 4217 2007 4304 humano,
2032 4226 2089 4294 cui
2105 4221 2202 4295 Deus
2222 4247 2322 4293 suam
2345 4219 2488 4310 sapien.-

462 4350 551 4418 qnae
567 4339 688 4417 postea
703 4334 822 4394 movet
836 4323 881 4390 ad
904 4324 996 4395 iusta
1016 4327 1186 4398 facienda.
1241 4328 1294 4400 lta
1319 4357 1357 4402 re
1373 4333 1448 4422 ipsa
1497 4331 1602 4411 tiam,
1627 4322 1801 4396 iusticiam
1817 4336 1852 4394 et
1865 4323 2033 4395 laetitiam
2047 4324 2086 4395 in
2100 4339 2174 4397 tota
2186 4324 2394 4396 aeternitate
2408 4320 2489 4389 vult

461 4419 531 4492 hoc
547 4426 652 4505 dicit,
676 4421 861 4496 hominem
875 4425 1031 4496 novitate
1046 4425 1177 4497 iustum
1197 4452 1291 4514 esse,
1316 4432 1449 4505 scilieet
1497 4428 1777 4506 communicare,
1800 4426 1840 4495 in
1863 4449 1932 4519 qua
1954 4426 2022 4498 erit
2043 4422 2141 4498 Deus
2163 4426 2282 4497 omnia
2305 4425 2343 4492 in
2368 4420 2489 4491 omni·

464 4521 548 4613 quia
570 4524 736 4597 divinitas
761 4527 800 4596 in
820 4549 863 4595 eo
887 4548 998 4595 novas
1021 4526 1177 4599 actiones
1198 4531 1312 4604 elficit.
1364 4531 1448 4606 Non
1497 4535 1577 4605 bus.
1625 4526 1717 4600 Cum
1739 4527 1848 4617 igitur
1868 4527 2013 4601 dicitur:
2039 4526 2121 4599 Non
2145 4525 2228 4598 estis
2249 4524 2422 4612 sublege,
2447 4521 2488 4591 id

464 4621 644 4712 animiam
656 4627 724 4696 alia
738 4628 946 4700 absurdiora
961 4627 1165 4711 recitamus,
1189 4657 1278 4725 quae
1293 4636 1427 4712 scribit.
1496 4634 1582 4705 solis
1611 4630 1789 4702 conversis
1818 4631 1862 4698 ad
1885 4625 2001 4700 Deum
2026 4643 2061 4700 ει
2082 4631 2152 4700 lide
2176 4626 2373 4698 liberatisa
2396 4646 2487 4695 con·

565 4722 627 4794 st.
660 4722 835 4801 Ecclesiae
849 4742 991 4804 nostrae
1007 4753 1086 4799 cum
1098 4728 1285 4825 Prophetis
1298 4751 1332 4809 et
1347 4733 1447 4831 Apo-
1497 4736 1725 4806 demnatione
1747 4730 1891 4806 dicitur.
1940 4728 2014 4801 Nec
2036 4731 2174 4804 deletur
2196 4731 2253 4800 lex
2274 4728 2368 4822 ipsa,
2393 4748 2485 4820 quae
2612 4822 2615 4831 1

463 4824 563 4893 ειοΙίε
588 4825 728 4910 dicunt,
752 4852 827 4901 non
849 4857 924 4905 esse
946 4827 1128 4902 hominem
1155 4834 1307 4924 iustum,
1331 4840 1448 4926 idest,
1497 4850 1551 4907 est
1570 4850 1712 4908 aeterna
1732 4832 1902 4924 sapientia
1922 4828 2009 4920 Dei,
2039 4833 2101 4904 sed
2123 4833 2190 4905 sub
2212 4832 2288 4922 lege
2309 4851 2400 4919 esse,
2432 4840 2488 4897 est

463 4916 653 4995 habentem
669 4928 922 5018 remissionem,
948 4948 982 5006 et
996 4948 1175 5026 acceptum
1183 4932 1260 5008 Deo
1277 4942 1322 5010 ad
1338 4943 1447 5013 vitam
1496 4939 1859 5010 condemnatumesse
1875 4935 1959 5023 lege.

463 5035 641 5095 aeternam
659 5042 805 5121 propter
820 5036 1000 5127 propriam
1016 5035 1260 5133 dilectionem,
1287 5056 1347 5112 aut
1362 5069 1445 5134 pro·
1599 5038 1660 5111 86.
1692 5031 1740 5104 Ει
1761 5047 1880 5104 tamen
1903 5060 1984 5104 cum
2008 5057 2145 5127 semper
2168 5033 2206 5103 in
2227 5029 2294 5103 hac
2312 5034 2385 5102 vita
2397 5031 2486 5101 reli-

461 5140 539 5215 pter
556 5128 751 5201 novitatem
768 5134 958 5223 propriam,
984 5137 1067 5232 quia
1084 5141 1338 5230 scriptumest:
1365 5143 1446 5214 Non
1497 5164 1609 5233 quum
1637 5138 1683 5209 ⁸st
1708 5149 1886 5225 Peccatum
1908 5135 1947 5202 in
1969 5136 2119 5218 nemin,
2149 5135 2218 5204 fide
2240 5148 2324 5206 ⁸⁰¹1!
2345 5132 2430 5204 5⁸⁸5
2450 5144 2487 5204 ⁶2

460 5227 708 5302 iustificabitur
723 5231 763 5298 in
780 5247 966 5323 conspectu
988 5251 1051 5310 tuo
1074 5241 1193 5313 omnis
1215 5243 1349 5319 vivens.
1399 5244 1448 5317 Er
1496 5239 1640 5312 liberati
1661 5262 1682 5306 a
1703 5235 1796 5324 lege,
1821 5233 1859 5303 id
1880 5248 1949 5315 est,
1975 5258 1995 5304 n
2016 5237 2312 5308 condemnatione
2330 5248 2365 5306 θῑ
2380 5235 2486 5306 ‹10¹0-

459 5324 525 5400 lob
541 5327 597 5402 9.:
625 5329 718 5404 Vere
733 5331 824 5414 scio,
849 5336 946 5425 quod
961 5331 1069 5411 homo
1086 5368 1162 5417 non
1181 5358 1234 5416 est
1255 5345 1368 5419 iustus
1388 5370 1448 5419 co-
1497 5344 1597 5413 ribus
1613 5341 1829 5421 inferorum,
1854 5348 1998 5428 propter
2011 5339 2218 5410 mediatoris
2231 5336 2483 5409 obedientiam.

458 5453 534 5500 ram
551 5429 643 5504 Deo.
1051 5522 1053 5526 y
1420 5457 1448 5496 6
1497 5442 1575 5514 Hac
1595 5442 1666 5511 fide
1688 5437 1859 5509 accedunt
1872 5433 2071 5529 Prophetae
2092 5440 2137 5510 ad
2153 5440 2293 5521 Deum,
2320 5440 2409 5508 sicut
2425 5437 2485 5505 in·

558 5537 623 5609 δί.
660 5535 731 5610 Sed
748 5557 954 5630 quanquam
979 5534 1018 5603 in
1039 5544 1169 5614 renatis
1193 5539 1332 5619 habitat
1354 5549 1447 5621 divi.
1499 5544 1580 5640 quit
1598 5539 1745 5614 Daniel:
1776 5536 1860 5611 Non
1878 5538 1917 5608 in
1939 5538 2078 5615 iusticia
2099 5556 2241 5628 nostra,
2263 5541 2324 5609 sed
2344 5535 2484 5607 miseri·

457 5634 570 5723 nitas,
608 5653 726 5709 tamen
759 5661 896 5728 semper
923 5650 1064 5726 oportet
1088 5665 1154 5711 nos
1184 5651 1336 5721 retinere
1355 5649 1448 5724 hanc
1499 5646 1619 5717 cordia
1638 5658 1717 5729 tua,
1740 5656 1887 5733 propter
1900 5637 2098 5713 Dominum
2117 5643 2243 5712 exaudi
2256 5661 2332 5709 nos.
2383 5633 2484 5710 Elin

458 5737 756 5828 consolationem,
780 5741 876 5836 quod
892 5751 1039 5834 propter
1054 5739 1295 5825 obedientiam
1315 5756 1448 5828 media·
1499 5745 1567 5821 boc
1582 5748 1593 5818 i
1596 5770 1659 5843 pso
1674 5743 1776 5818 Pauli
1793 5743 1901 5827 dicto,
1926 5737 2023 5818 iistis
2036 5745 2102 5817 sub
2115 5742 2237 5833 gratia,
2263 5740 2357 5808 idem
2371 5738 2484 5857 sigpi-
