6025 6775
595 615 646 688 ss
866 665 881 694 .
1100 545 1263 670 nect.
1297 585 1375 660 nn
1406 585 1742 664 montrara
1780 587 1989 664 aucun
2022 611 2104 670 nce.
2563 608 2614 682 24

601 791 710 870 agunt
724 776 834 845 nostri
856 773 1064 862 interpretes
1079 762 1264 856 Rartolus,
1287 753 1422 828 Baldus
1438 772 1472 829 et
1485 759 1585 830 simi·
1633 761 1678 831 sit
1697 761 1785 831 boni
1806 760 1843 829 in
1863 773 1937 833 toto
1963 760 2130 853 imperio,
2153 768 2301 838 eandem
2320 771 2393 841 esse
2417 773 2533 863 legum
2555 801 2622 846 ro·

587 885 673 965 -les‚
709 892 748 947 ut
775 877 866 964 leges
897 872 1097 951 conterant,
1133 878 1168 932 et
1189 862 1245 930 vel
1268 861 1585 931 demonstrationes
1634 887 1728 946 cem,
1761 877 2011 951 currgmentem
2026 864 2156 934 rationi
2174 885 2207 936 et
2222 869 2361 944 iustam.
2411 871 2485 945 Diu
2502 890 2621 947 autem

604 980 809 1057 ostendant,
835 975 891 1043 vel
909 969 1125 1065 probabilem
1143 962 1326 1033 rationem.
1377 957 1430 1029 Ac
1447 962 1586 1053 vitupe-
1635 961 1797 1036 initalia
1824 964 1931 1033 luisse
1958 986 2118 1052 magnam
2144 968 2467 1043 dissimilitudinem
2492 976 2623 1066 legum,

606 1083 717 1154 rarnda
733 1092 785 1149 est
801 1076 992 1152 multorum
1007 1066 1166 1148 inscitia,
1190 1061 1254 1155 qui
1269 1059 1404 1147 dicunt,
1429 1062 1508 1131 ideo
1524 1089 1585 1132 va·
1636 1077 1671 1135 et
1685 1065 1812 1133 multas
1827 1062 2027 1133 barbaricas
2038 1067 2329 1151 consuetudines,
2355 1085 2390 1143 et
2408 1073 2621 1147 iudiciorum

609 1184 682 1253 rios
701 1182 816 1267 legum
840 1173 1036 1248 intellectus
1055 1166 1236 1253 fingendus
1258 1185 1352 1243 esse,
1391 1162 1473 1255 quia
1495 1164 1587 1252 leges
1637 1166 1895 1249 diversitatem,
1928 1164 2071 1253 gignere
2092 1168 2209 1238 varios
2230 1183 2368 1255 mutus,
2394 1167 2556 1245 hortatur
2579 1191 2621 1249 ut

514 1357 521 1364 ,
609 1283 770 1354 conditae
782 1278 854 1346 sint
869 1270 1096 1340 mutabilibus
1112 1261 1298 1334 hominum
1314 1263 1481 1347 arbitriis,
1497 1289 1587 1356 quo-
1639 1263 1834 1357 imperator
1847 1266 1990 1334 mandet
2007 1266 2080 1335 suis
2101 1267 2294 1354 iudicibus,
2326 1284 2367 1342 ut
2389 1294 2445 1341 res
2464 1274 2622 1348 iudicent

610 1408 688 1453 rum
703 1403 782 1451 cum
797 1375 894 1443 nulla
908 1374 954 1441 sit
976 1365 1193 1456 constantia,
1218 1364 1355 1455 possint
1376 1364 1468 1452 leges
1491 1365 1588 1434 varie
1638 1390 1679 1435 ex
1707 1365 1815 1435 veteri
1836 1363 2001 1434 Romano
2025 1365 2121 1449 iure,
2157 1370 2266 1462 idque
2287 1386 2328 1440 ut
2353 1395 2475 1442 rursus
2498 1388 2624 1446 notum

611 1483 702 1553 llecti
718 1482 760 1549 ad
783 1477 938 1545 diversas
954 1465 1274 1558 interpretationes.
1326 1461 1396 1533 Hic
1413 1464 1589 1555 pernicio·
1638 1466 1700 1536 liat
1714 1465 1898 1556 plurimis,
1922 1466 2125 1557 praecipiat,
2150 1481 2189 1538 ut
2198 1468 2382 1541 Bononiae
2397 1474 2508 1544 veteri
2522 1496 2625 1544 more

610 1579 669 1654 sus
683 1601 780 1650 error
793 1573 920 1645 animis
935 1568 1138 1639 eximendus
1154 1578 1215 1635 est.
1251 1565 1340 1635 Nam
1359 1578 1391 1634 et
1408 1564 1493 1635 falsa
1509 1566 1589 1657 opi·
1640 1565 1699 1637 liat
1722 1565 1838 1654 legum
1855 1566 2043 1640 enarratio.
2096 1567 2625 1644 lbienim'sheodnsiuslccto-

610 1684 670 1753 nio
692 1695 763 1763 est,
794 1690 829 1745 et
851 1669 1103 1743 contumeliosa
1123 1679 1246 1737 contra
1268 1663 1402 1750 Deum,
1435 1677 1470 1735 et
1489 1667 1588 1737 labe-
1639 1666 1799 1736 resluris
1822 1666 1909 1734 olim
1932 1668 2170 1740 collocaverat.
2222 1668 2484 1742 Commemorat
2505 1674 2626 1765 qualia

610 1786 714 1854 lactat
731 1775 1003 1864 Magistratuum
1018 1769 1252 1841 autoritatem.
1639 1762 1756 1837 adhuc
1776 1767 1848 1836 sint
1864 1763 2174 1860 Constantinopoli
2197 1772 2311 1840 studia
2333 1773 2408 1841 eius
2429 1774 2622 1843 doctrinae.

712 1876 944 1949 Manifestum
958 1887 1010 1942 est
1026 1884 1143 1941 autem
1151 1864 1385 1957 Decalogum,
1410 1878 1444 1935 et
1459 1863 1589 1964 deinde
1640 1866 1761 1937 Mores
1775 1868 1881 1936 ctiam
1898 1863 2084 1938 hominum
2098 1872 2146 1940 ait
2160 1874 2236 1939 fore
2251 1871 2427 1951 mitiores,
2453 1873 2481 1940 si
2496 1876 2623 1944 adsuc-

611 1983 741 2053 multas
762 1976 939 2045 naturales
958 1970 1124 2054 noticias,
1160 1993 1251 2061 quae
1273 1979 1358 2036 sunt
1387 1965 1504 2054 legum
1534 1987 1589 2033 se·
1640 1968 1725 2038 fiant
1746 1964 1908 2037 homines
1928 1970 1972 2037 ad
1996 1969 2107 2060 leges,
2133 1972 2318 2063 inquibus
2338 1972 2622 2044 iusticiael'orma

610 2083 725 2164 mina,
764 2100 837 2147 esse
864 2088 1039 2145 aeternam
1061 2083 1095 2140 et
1118 2070 1299 2139 immotam
1325 2066 1532 2159 sapientiam
1555 2077 1589 2134 et
1640 2068 1770 2138 rectius
1785 2068 2017 2158 conspicitur,
2042 2085 2076 2154 et
2100 2096 2204 2142 verae
2229 2095 2351 2141 caracae
2375 2076 2623 2155 ostenduntur,

611 2204 771 2255 normam
793 2175 950 2248 iusticiae
974 2173 1014 2241 in
1027 2168 1122 2255 Deo,
1148 2170 1252 2239 nobis
1266 2170 1483 2260 patefactam.
1534 2162 1588 2236 Ex
1641 2169 1725 2261 quial
1747 2193 1809 2238 cur
1826 2170 1869 2238 sit
1889 2164 2074 2241 honestum
2093 2171 2229 2244 Placuit
2246 2172 2396 2263 sapienti
2413 2172 2623 2266 imperatori

611 2281 677 2355 hac
695 2283 838 2350 immota
851 2274 1022 2367 sapientia
1037 2284 1135 2342 ortae
1152 2284 1235 2340 sunt
1247 2270 1419 2362 plurimae
1442 2268 1480 2335 iu
1504 2267 1590 2357 ipsis
1641 2264 1811 2338 lutilatio
1845 2270 2032 2340 consilium
2065 2269 2217 2357 imerii,
2262 2275 2321 2342 sed
2354 2273 2464 2344 lector
2493 2277 2623 2357 deerat,

612 2384 748 2475 legibus
763 2377 911 2461 nostris,
936 2388 970 2444 et
992 2374 1030 2443 in
1053 2372 1230 2465 responsis
1247 2385 1403 2441 veterum
1418 2382 1454 2440 et
1466 2391 1590 2437 recen·
1641 2370 1701 2460 qui
1721 2370 1920 2439 eruditione
1934 2384 1968 2441 et
1983 2373 2170 2443 autoritate
2183 2373 2333 2444 invitare
2346 2369 2531 2443 hominum
2547 2389 2624 2446 stu·

610 2486 701 2559 tium
726 2473 1078 2558 iurisconsultorum,
1111 2473 1232 2543 firmae
1262 2469 1589 2542 demonstrationes.
1641 2471 1699 2538 dia
1715 2470 1752 2538 in
1766 2493 1805 2538 re
1822 2494 1914 2540 nova
1931 2485 2059 2563 posset.
2111 2473 2231 2561 Quare
2245 2471 2439 2565 imperator
2453 2474 2559 2566 petit,
2580 2488 2622 2544 ut

610 2586 685 2658 Nec
711 2581 979 2671 imaginandum
1004 2590 1072 2659 est,
1104 2572 1382 2643 omniadecreta
1405 2569 1589 2639 mutabilia
1643 2567 1800 2639 lruerius
1813 2571 1886 2661 ipse
1901 2571 2075 2661 (existimo
2090 2588 2206 2643 autem
2223 2599 2302 2645 eum
2311 2571 2623 2665 Constantinopoli

612 2709 704 2770 esse,
729 2707 790 2753 seu
807 2694 853 2768 pt
867 2676 1074 2750 Aristoteles
1093 2674 1256 2743 nominat
1268 2669 1423 2760 Regulus
1436 2669 1591 2752 Lesbios,
1641 2670 1819 2763 didicisse)
1843 2673 1963 2742 redeat
1982 2675 2027 2742 ad
2049 2669 2224 2758 sellulam,
2256 2689 2291 2744 et
2310 2687 2427 2746 tantae
2446 2676 2497 2743 rei
2521 2674 2623 2743 initia
2658 2655 2691 2709 Ὗ

611 2789 700 2859 sicut
716 2773 886 2856 mutabile
898 2779 966 2851 luit
981 2776 1180 2847 institutum
1197 2771 1410 2841 Laconicum
1425 2771 1470 2840 de
1484 2793 1591 2839 num·
1640 2773 1812 2859 gubemet
1836 2786 1870 2843 et
1890 2775 2068 2854 ostendat,
2094 2778 2271 2867 quomodo
2289 2770 2374 2846 haec
2389 2775 2550 2845 doctrina
2565 2798 2623 2843 re-

610 2912 672 2956 mo
689 2887 821 2968 ferreo,
845 2873 1147 2959 aut'l‘hebanum,
1171 2887 1212 2942 ut
1227 2876 1410 2943 obaeratus
1426 2871 1590 2964 impone·
1640 2871 1817 2943 stituenda
1848 2872 1906 2942 sit.
1969 2870 2046 2942 Etsi
2073 2889 2146 2944 erat
2172 2876 2398 2960 inusitatum,
2438 2898 2556 2944 senem
2581 2898 2623 2945 ex

612 3002 711 3059 retur
726 2986 765 3055 in
776 2977 952 3056 calathum
967 2993 1001 3051 et
1014 2976 1285 3069 perfunderetur
1298 2995 1399 3063 aqua.
1641 2972 1737 3041 curia
1757 2985 1791 3043 et
1814 2995 1854 3041 ex
1870 2973 2125 3060 gubernatione
2141 2997 2360 3045 summorum
2376 2976 2621 3060 consiliorum,

714 3086 866 3177 ldeoque
887 3103 1023 3170 semper
1045 3080 1188 3145 luerunt
1210 3072 1249 3142 in
1269 3071 1429 3160 imperiis
1451 3065 1591 3139 scholae
1640 3072 1755 3140 redire
1769 3074 1814 3141 ad
1833 3068 2003 3141 scholam:
2033 3087 2150 3142 tamen
2170 3073 2326 3146 lrnerius
2351 3070 2446 3145 hunc
2469 3076 2622 3145 docendi

611 3187 813 3257 docentium
832 3197 867 3252 et
888 3178 1097 3249 discentium
1118 3175 1207 3244 iuris
1230 3173 1448 3255 doctrinam,
1472 3183 1511 3239 ut
1534 3172 1591 3239 in·
1639 3172 1797 3242 lahorem
1820 3173 1981 3264 suscipit,
2012 3174 2246 3264 prospiciens,
2280 3189 2452 3270 quantum
2475 3175 2625 3267 posteri-

610 3284 812 3377 terpretatio
836 3282 935 3349 firma
959 3279 1220 3356 ostenderetur,
1249 3297 1290 3343 er
1318 3271 1589 3341 demonstratio-
1640 3272 1702 3344 tati
1717 3275 1900 3364 profutura
1918 3287 2005 3344 esset
2018 3276 2193 3347 restitutio
2210 3272 2318 3346 huius
2331 3278 2521 3350 doctrinae.
2552 3276 2623 3346 Le-

611 3391 718 3459 nibus
742 3399 777 3455 et
803 3409 843 3452 ex
871 3382 988 3470 legum
1015 3376 1214 3448 collatione.
1271 3367 1361 3443 Nam
1384 3385 1419 3443 et
1439 3366 1591 3443 Athenis
1638 3390 1735 3465 gerat
1752 3375 1855 3447 etiam
1870 3374 1909 3444 in
1924 3371 1982 3446 his
1995 3376 2081 3468 ipsis
2101 3377 2204 3448 libris
2219 3376 2472 3450 Pandectarum
2487 3376 2624 3448 Romae

612 3502 711 3560 erant
731 3476 987 3579 νομοφύλακες
993 3531 1004 3563 ,
1027 3477 1166 3570 publiea
1187 3472 1376 3572 austeritate
1396 3474 1589 3550 constituti,
1638 3478 1819 3565 qnondam
1843 3477 2044 3546 consulares
2065 3480 2178 3564 viros,
2210 3476 2413 3562 Scevolam,
2436 3474 2621 3561 Crassum,

612 3591 673 3684 qui
688 3602 720 3658 et
737 3587 897 3656 custodes
908 3594 1009 3651 erant
1023 3582 1137 3667 legum
1154 3589 1188 3646 ct
1204 3577 1422 3666 interpretes.
1453 3568 1588 3642 Romae
1638 3570 1831 3662 Sulpitium
1852 3583 1887 3640 et
1908 3573 2013 3654 alios,
2044 3576 2143 3642 domi
2162 3601 2266 3661 suae,
2293 3580 2425 3650 meritos
2448 3575 2621 3648 docuisse.

612 3687 750 3763 scholae
769 3683 1022 3778 frequentiores
1041 3682 1204 3763 fuemnt,
1233 3675 1481 3757 Scevnlarum‚
1504 3672 1589 3743 Sul·
1637 3668 1693 3742 Ac
1710 3671 1741 3740 si
1765 3694 1847 3741 rere
1867 3668 2023 3740 iudicare
2043 3672 2226 3755 volumus,
2248 3691 2409 3744 senectus
2430 3678 2530 3748 addit
2551 3679 2622 3746 ali·

611 3792 800 3886 pitiorum,
822 3783 981 3855 Trebatii
999 3795 1032 3852 et
1046 3781 1217 3862 aliorum,
1242 3800 1308 3846 nec
1321 3776 1518 3864 interrupta
1533 3772 1589 3841 vel
1638 3772 1723 3866 quid
1738 3770 1936 3843 autoritatis
1950 3770 2158 3862 expositioni
2170 3777 2291 3843 r'erum
2303 3774 2547 3845 maximarum.
2573 3773 2622 3846 Et

613 3893 762 3964 extincta
787 3902 839 3958 est
860 3880 1169 3971 Constantinopoli
1196 3877 1413 3947 consuetudo
1437 3873 1588 3944 docendi
1638 3872 1723 3965 ipsis
1736 3873 1879 3943 senibus
1892 3872 2043 3943 maxime
2059 3874 2240 3962 congruit,
2265 3877 2405 3944 tradere
2420 3873 2622 3944 iunioribus

539 4038 544 4046 ·
614 4008 650 4065 et
674 3988 832 4063 discendi
852 3988 966 4075 legum
989 3980 1337 4071 interpretationem,
1362 3978 1474 4045 donec
1494 3974 1589 4047 tristi
1637 3973 1797 4045 iusticias
1811 3974 2008 4045 etaliarum
2022 3973 2193 4046 virtutum
2207 3962 2417 4047 doctrinam.
2447 3973 2538 4045 Cum
2552 3974 2621 4065 igi-

613 4098 686 4165 lato
708 4094 805 4161 sedes
829 4088 890 4157 illa
913 4101 947 4157 et
973 4083 1232 4164 doctrinarum,
1265 4091 1298 4149 et
1320 4076 1460 4168 imperii
1481 4071 1589 4145 Chri·
1637 4088 1697 4146 tur
1709 4076 1835 4146 docere
1851 4072 2007 4145 lrnerius
2022 4077 2208 4167 coepisset,
2233 4079 2426 4149 multorum
2442 4076 2620 4146 nobilium

611 4194 736 4268 stianit
748 4203 864 4281 erepta
880 4201 952 4272 est,
978 4201 1011 4255 et
1022 4183 1171 4253 Turcica
1187 4178 1367 4251 barbaries
1379 4191 1461 4250 ante
1476 4200 1589 4247 annos
1637 4172 1825 4246 hominum
1842 4177 1956 4246 studia
1973 4200 2117 4246 accensa
2133 4191 2227 4264 sunt,
2252 4193 2285 4250 et
2302 4177 2470 4271 paulatim
2485 4180 2523 4247 in
2540 4201 2621 4247 cae-

610 4309 751 4369 centum
766 4294 803 4361 in
819 4315 858 4361 ea
873 4286 1050 4358 dominari
1063 4283 1191 4375 coepit.
1638 4290 1729 4349 teras
1743 4273 1865 4347 ltaliae
1885 4278 1990 4347 urbes
2011 4292 2046 4349 et
2067 4278 2107 4347 in
2124 4276 2298 4365 Galliam,
2323 4291 2499 4370 postremo
2521 4292 2555 4350 et
2579 4278 2621 4347 in

712 4393 755 4465 ln
777 4392 876 4463 ltalia
899 4413 981 4458 vcro
1012 4411 1091 4455 eum
1115 4379 1363 4471 Langobardi,
1398 4389 1433 4448 ct
1459 4376 1589 4446 deinde
1638 4375 1870 4449 Germaniam
1885 4373 2143 4449 haecdoctrina
2158 4393 2345 4472 propagata
2362 4393 2424 4449 est.

609 4497 735 4568 Franci
750 4504 953 4584 regnarent,
978 4502 1011 4557 et
1029 4487 1065 4555 in
1086 4484 1183 4553 curia
1206 4505 1246 4551 ac
1266 4481 1304 4548 in
1328 4481 1407 4548 toro
1432 4477 1589 4569 peregri·
1737 4476 1951 4572 Quanquam
1975 4493 2091 4550 antem
2110 4481 2149 4549 in
2167 4478 2233 4551 hac
2249 4481 2321 4552 rita
2341 4480 2474 4551 multae
2492 4479 2619 4549 consu·

609 4622 675 4667 nae
706 4598 798 4682 leges
829 4593 1115 4665 dominarentur,
1161 4605 1310 4674 quarum
1336 4574 1453 4648 adhuc
1476 4577 1588 4670 aliqui
1637 4577 1754 4650 aiones
1770 4593 1805 4650 et
1819 4580 1904 4651 vitia
1919 4593 2080 4651 manent:
2114 4594 2232 4653 tamen
2255 4583 2376 4672 negari
2397 4603 2471 4651 non
2493 4592 2619 4670 potest,

608 4696 691 4766 libri
707 4706 842 4776 extant,
865 4715 947 4760 mox
965 4704 1042 4780 post
1056 4683 1289 4757 iustinianum
1306 4678 1422 4748 studia
1436 4680 1588 4747 docendi
1638 4682 1763 4750 melius
1791 4701 1864 4750 esse
1886 4674 2015 4752 habere
2036 4694 2145 4753 certas
2167 4684 2260 4772 leges
2281 4698 2314 4753 et
2337 4681 2518 4753 doctrinae
2539 4682 2618 4749 for·
2677 4736 2679 4741 .

608 4809 642 4868 et
672 4793 829 4865 discendi
857 4792 948 4881 leges
971 4787 1152 4859 Romanas
1176 4781 1439 4863 conticuerunt,
1474 4800 1588 4848 annos
1635 4802 1749 4860 mam,
1783 4805 1889 4874 quam
1913 4781 2070 4852 iudicare
2092 4805 2148 4851 res
2170 4807 2211 4853 ex
2235 4796 2418 4874 potentum
2446 4780 2618 4866 arbitriis,

605 4900 678 4967 fere
693 4893 922 4989 quingentos,
948 4911 1037 4982 quae
1052 4898 1171 4955 tamen
1185 4877 1496 4971 Constantinopoli
1513 4902 1586 4949 non
1634 4893 1696 4950 aut
1713 4905 1754 4950 ex
1767 4881 1997 4972 opinionibus
2013 4895 2049 4953 et
2063 4883 2239 4955 inerudita
2252 4880 2446 4971 Rhetorica
2460 4880 2616 4951 ardelio-

473 5078 480 5087 ⁸
604 5012 686 5069 sunt
704 4994 845 5067 omissa.
1574 4980 1576 4987 '
1634 5004 1743 5065 num,
1764 4983 1827 5074 qui
1845 4984 2084 5072 impudentius
2100 4985 2377 5057 vociferarentur
2397 4984 2437 5051 in
2459 4984 2555 5066 foro,
2582 4979 2616 5048 si

706 5097 776 5168 Sed
799 5089 1026 5183 Imperatoris
1046 5083 1209 5157 [rotharii
1230 5080 1396 5156 saxonici
1428 5092 1584 5170 tempore
1633 5082 1749 5172 legum
1774 5096 1809 5153 et
1830 5083 2027 5154 doctiorum
2051 5085 2273 5155 autoritatem
2299 5108 2373 5155 nnn
2405 5090 2615 5154 metuerent,-

602 5222 707 5271 senex
729 5198 768 5264 in
786 5194 887 5266 Italia
908 5192 994 5276 luit,
1017 5187 1208 5280 sapientia,
1234 5185 1365 5254 virtute
1390 5194 1424 5252 et
1447 5182 1583 5253 autori·
1632 5181 1772 5254 Deinde
1793 5184 1946 5253 multum
1967 5197 2002 5253 et
2022 5182 2100 5253 aliis
2123 5184 2302 5255 literamm
2326 5197 2361 5254 et
2383 5179 2609 5253 historiarum

600 5315 669 5374 tate
685 5296 916 5378 antecellens,
942 5293 1042 5363 carius
1055 5287 1213 5359 consiliis
1227 5282 1493 5373 diuPrincipes,
1520 5286 1582 5376 qui
1631 5284 1756 5355 studiis
1775 5284 1984 5374 profuerunt
2004 5279 2044 5353 hi
2065 5284 2167 5370 libri,
2189 5288 2400 5358 adiuverunt
2414 5277 2615 5349 restitutio*

598 5402 854 5492 Imperatorum
873 5393 1018 5462 nomine
1033 5401 1197 5461 rexerunt
1213 5383 1368 5470 ltaliam,
1393 5385 1580 5475 gubernati
1629 5409 1710 5455 nem
1739 5383 1887 5454 Latinae
1915 5385 2074 5474 linguae,
2113 5387 2291 5456 illustrant
2321 5378 2495 5453 historias.
2563 5375 2608 5448 ln

596 5508 744 5575 fuerant.
796 5496 886 5568 Cum
906 5507 1021 5565 autem
1036 5483 1230 5560 Lotharius
1252 5499 1372 5579 pacata
1389 5483 1491 5556 ltalia
1514 5488 1578 5554 de-
1628 5485 1764 5555 naturis
1791 5507 1864 5553 non
1893 5487 2100 5558 monstrosis
2127 5487 2282 5577 prolecto
2311 5481 2416 5551 etiam
2443 5478 2608 5549 moribus

596 5607 761 5678 liberaret
793 5601 837 5668 de
865 5599 978 5666 forma
1016 5590 1232 5662 iudiciorum
1267 5587 1511 5658 constituenda
1543 5599 1577 5657 et
1628 5586 1789 5679 prodest,
1814 5585 2036 5657 considerare
2050 5610 2169 5657 causas
2191 5587 2326 5674 legum,
2350 5593 2387 5652 et
2401 5578 2549 5670 propius
2568 5579 2609 5649 in

593 5710 707 5796 legum
731 5699 994 5787 emendatione,
1018 5691 1175 5765 imerius
1196 5687 1366 5776 ostendit,
1400 5698 1573 5781 quantum
1625 5708 1665 5757 ea
1679 5685 1833 5777 aspicere
1846 5686 2041 5775 iusticiam,
2066 5690 2163 5781 quod
2176 5708 2257 5758 cum
2269 5682 2328 5769 fit,
2352 5680 2428 5775 ipsa
2442 5673 2607 5772 pulchri·
