6025 6775
526 705 598 784 aar
1155 645 1419 778 Ριιιιιιιι
1458 700 1910 779 Muaauruoms.
2475 710 2552 786 aaa

527 894 571 952 ut
591 874 770 969 intelligat
779 876 951 948 universa
972 870 1158 966 posteritas
1182 897 1302 946 veram
1326 898 1399 947 esse
1422 870 1515 949 hanc
1674 878 1734 953 12.
1773 873 1895 971 ltaque
1919 900 1987 955 vor
2009 874 2199 948 ministerii
2222 890 2370 947 nonest
2393 872 2549 952 humana

530 979 759 1051 senteutiam:
794 977 886 1047 Vivo
909 997 991 1064 ego,
1020 975 1107 1045 nolo
1137 990 1288 1048 mortem
1311 980 1516 1070 peccatoris,
1568 977 1710 1071 opinio,
1736 980 1795 1049 sed
1814 992 1915 1050 sonat
1931 979 2042 1068 legem
2058 974 2127 1047 Dei
2144 976 2309 1047 traditam
2332 978 2548 1055 certistesti·

475 1115 479 1124 ·
531 1084 935 1153 sedutconvertaturet
953 1075 1063 1151 vivat.
1104 1074 1166 1171 Ut,
1188 1079 1357 1150 Adamet
1375 1076 1513 1151 Hevam
1566 1080 1703 1151 moniis
1722 1081 1767 1151 ab
1791 1081 1895 1151 initio
1918 1080 2057 1151 mundi.
2107 1074 2220 1151 Sonat
2241 1080 2326 1150 item
2342 1081 2549 1171 promissio·

529 1182 688 1254 ruituros
711 1183 748 1250 in
774 1193 952 1249 aeternam
976 1190 1146 1264 mortem,
1180 1180 1220 1247 in
1252 1181 1328 1271 ipso
1363 1182 1514 1254 articulo
1567 1205 1648 1251 nem
1662 1183 1810 1272 gratiae,
1836 1197 1871 1254 et
1895 1182 2012 1271 arguit
2033 1180 2235 1251 universam
2257 1180 2546 1254 inobedientiam.

530 1278 676 1356 retrahit
688 1282 726 1350 in
741 1279 868 1360 vitam,
893 1302 961 1348 nec
975 1278 1062 1350 sinit
1077 1302 1136 1349 eos
1151 1281 1279 1373 perire,
1305 1282 1365 1351 sed
1382 1284 1514 1374 promit
1563 1278 1613 1354 Et
1626 1284 1734 1354 simul
1749 1308 1828 1353 cum
1844 1279 1910 1354 hac
1926 1306 2010 1353 voce
2023 1282 2213 1353 ministerii
2226 1276 2449 1355 horribiliter
2461 1295 2548 1356 eon-

530 1408 570 1455 er
584 1404 710 1454 arcano
728 1379 811 1451 sinu
822 1404 946 1451 vocem
961 1374 1167 1473 Evangelii,
1192 1383 1240 1454 ita
1263 1396 1297 1455 ει
1314 1384 1418 1455 nobis
1434 1385 1513 1458 vult
1563 1385 1726 1457 cionatur
1746 1386 1851 1455 nobis
1874 1384 2035 1455 omnium
2058 1384 2294 1456 calamitatum
2323 1383 2476 1476 impetus
2496 1386 2548 1456 ir-

526 1483 704 1575 opitulari.
1562 1488 1745 1557 ruentium
1766 1487 1806 1555 in
1827 1482 2041 1571 Ecclesiam,
2065 1485 2166 1557 utin
2188 1486 2472 1575 promulgatione
2495 1489 2547 1558 le-

624 1581 662 1656 4.
701 1580 753 1657 Ut
773 1584 883 1677 igitur
905 1597 992 1656 tunc
1007 1584 1188 1657 incoatum
1206 1598 1258 1657 est
1270 1583 1509 1658 ministerium
1562 1587 1633 1676 gis,
1657 1582 1829 1659 horrendi
1844 1589 2000 1679 fragores
2014 1610 2051 1657 es
2066 1587 2306 1681 quassatioues
2330 1595 2442 1660 eraut'
2455 1589 2545 1661 coeli

528 1687 785 1779 praedicandae
810 1686 1049 1780 poenitentiae
1067 1701 1102 1758 et
1117 1687 1335 1757 remissionis
1350 1698 1512 1782 peccato·
1561 1699 1596 1759 et
1609 1700 1735 1761 terrae.

523 1811 623 1875 rum,
648 1787 698 1857 ita
717 1811 855 1880 semper
875 1800 995 1882 postea
1013 1784 1201 1884 Deusuhoc
1222 1813 1327 1860 suum
1348 1788 1511 1860 ministe—
1667 1790 1727 1861 ta.
1762 1788 1806 1859 ln
1824 1786 1881 1861 his
1900 1791 2009 1863 tantis
2031 1789 2184 1861 miseriis
2206 1804 2324 1864 tamen
2346 1790 2443 1863 Deus
2464 1815 2543 1864 sus-

523 1888 619 1962 rium
649 1888 689 1958 in
713 1884 871 1962 Ecclesia
890 1913 953 1963 sua
980 1890 1058 1962 vult
1086 1914 1230 1977 sonare,
1263 1892 1442 1980 defendit,
1475 1901 1510 1959 et
1565 1902 1676 1961 tentat
1693 1913 1794 1960 suam
1808 1888 2025 1978 Ecclesiam,
2050 1905 2090 1964 ut
2106 1888 2222 1963 Adam
2249 1907 2283 1964 et
2298 1891 2447 1965 Hevam.
2494 1892 2543 1965 Et

524 2013 624 2083 saepe
639 1989 814 2063 instaurat
828 1992 1053 2063 obscuratum
1075 1992 1173 2065 falsis
1194 1993 1444 2086 opinionibus,
1468 2004 1510 2063 ut
1561 2015 1629 2062 vox
1652 1987 1841 2082 Evangelii
1865 1994 2088 2064 annuncians
2112 1994 2355 2064 remissionem
2380 2008 2542 2090 peecato-

520 2086 705 2163 Pharisaei
728 2106 763 2165 et
782 2088 955 2163 Monachi
980 2094 1069 2166 lictis
1095 2095 1414 2178 satisfactionibus,
1449 2092 1507 2161 in·
1558 2116 1652 2174 rum,
1677 2093 1809 2164 multos
1823 2093 1989 2165 vivificat.
2041 2091 2188 2164 Necesse
2206 2107 2258 2166 est
2275 2095 2384 2185 igitur
2398 2097 2442 2166 ad
2456 2119 2542 2166 con·

522 2183 731 2284 dulgentiis
737 2207 773 2280 et
792 2195 872 2264 aliis
894 2179 1051 2266 tenebri's
1067 2197 1348 2268 obscuraverunt
1373 2194 1507 2264 contri·
1559 2194 1742 2263 tritionem
1766 2196 1930 2265 accedere
1952 2190 2045 2265 hanc
2066 2194 2193 2281 fidem,
2219 2219 2310 2288 quae
2323 2196 2445 2268 statuit
2459 2220 2541 2267 vere

519 2294 631 2365 tionis
645 2308 680 2366 et
693 2296 774 2366 fidei
790 2288 1003 2367 doctrinam.
1557 2295 1664 2365 nobis
1678 2291 2011 2387 propterChristum
2026 2296 2134 2386 gratis
2150 2297 2286 2367 remitti
2301 2311 2453 2389 peecata,
2467 2321 2557 2380 non¹

546 2392 659 2469 --.6
700 2397 852 2469 Aeterua
874 2411 909 2469 et
930 2396 1164 2466 immutabilis
1175 2391 1244 2466 Der
1265 2396 1429 2468 voluntas
1444 2408 1506 2482 est,
1556 2408 1702 2488 propter
1715 2398 1806 2467 ullas
1820 2412 1959 2469 nostras
1980 2398 2140 2470 virtutes.

523 2509 563 2567 ut
582 2510 773 2588 arguantur
793 2493 982 2569 hominum
1005 2510 1164 2588 peccata,
1196 2509 1417 2589 proponatur
1438 2499 1505 2566 do·
1663 2495 1722 2569 14.
1752 2496 1850 2570 Haec
1866 2500 1953 2569 fides
1968 2523 2042 2569 nou
2060 2512 2112 2569 est
2128 2499 2278 2585 noticia,
2303 2502 2419 2593 qualis
2433 2503 2540 2573 estin

520 2597 636 2670 ctrina
656 2600 700 2670 dc
720 2600 929 2688 remissione
950 2610 1196 2690 peccatorum,
1221 2611 1255 2670 et
1271 2598 1344 2670 vita
1360 2612 1503 2671 aeterna
1555 2597 1735 2685 Diabolis,
1769 2603 1814 2671 de
1837 2625 1907 2695 qua
1931 2601 2019 2672 dicit
2032 2598 2206 2672 ὟΙιεοιιιιε
2240 2598 2442 2675 Daemones
2464 2626 2541 2673 ere·

517 2698 649 2772 donata
670 2714 816 2794 propter
835 2698 983 2769 Filium.
1554 2701 1647 2770 duat
1670 2713 1704 2771 et
1736 2702 2025 2774 contremiscunt.
2083 2698 2180 2774 Haec
2202 2702 2296 2772 enim
2327 2729 2399 2797 quo
2429 2706 2541 2794 magis

619 2804 657 2876 6.
698 2800 783 2872 Ideo
806 2801 894 2872 dreit
908 2796 1088 2870 Chr1stus
1111 2798 1266 2893 Spiritus
1284 2814 1426 2871 sanctus
1445 2822 1503 2870 ar·
1555 2801 1669 2872 credit
1684 2798 1828 2872 Deum
1816 2803 1919 2874 irasci
1936 2816 2095 2894 peccato,
2116 2829 2160 2874 eo
2182 2806 2395 2896 profundius
2416 2806 2542 2894 mergit

515 2915 600 2995 guet
621 2904 815 2988 mundum,
840 2903 1064 2993 deprecato,
1089 2901 1294 2975 demsticia
1319 2917 1355 2975 et
1378 2902 1502 2974 dem-
1553 2924 1744 2971 ammosrn
1761 2918 1923 2979 mortem.
1974 2901 2046 2974 Sed
2064 2905 2538 2995 estessentiripromissioni

516 3003 624 3080 dicio.
1552 3002 1704 3092 gratiae,
1729 3015 1763 3073 et
1777 3005 1905 3073 fiducia
1922 3004 2097 3094 accipiens
2114 3006 2357 3074 remissionem
2375 3019 2537 3095 peceato-

617 3108 653 3181 7.
677 3100 758 3177 Etsi
770 3098 856 3175 haec
870 3102 1049 3176 imbecilla
1064 3118 1214 3178 etcoeea
1230 3101 1418 3179 homiuum
1434 3129 1500 3176 aa·
1552 3127 1632 3172 rum
1647 3118 1793 3197 propter
1806 3099 2007 3189 Christum,
2033 3118 2068 3174 et
2083 3105 2121 3174 iu
2138 3100 2281 3177 Christo
2302 3106 2555 3199 acquiescens.'

515 3219 594 3279 tura
612 3229 798 3301 uunquam
822 3206 906 3276 satis
928 3206 1044 3293 videt,
1068 3222 1199 3303 quanta
1221 3210 1333 3281 sitira
1349 3207 1438 3293 Dei,
1465 3222 1500 3279 et
1550 3202 1648 3275 Haec
1678 3206 1845 3296 ignorant
1872 3200 2097 3300 hypocritae,
2130 3219 2166 3275 et
2185 3202 2441 3293 enthusiastae,
2473 3209 2537 3300 qui

515 3322 687 3403 quantum
699 3309 834 3378 malum
855 3307 900 3377 sit
923 3321 1121 3400 peceatum:
1148 3322 1268 3380 tamen
1288 3310 1470 3404 aliquam
1459 3333 1533 3380 an
1549 3304 1666 3377 Deum
1693 3319 1888 3401 quaerunt,
1921 3331 1995 3377 uon
2016 3320 2057 3377 ut
2080 3330 2116 3377 se
2137 3308 2301 3400 patefecit
2325 3309 2435 3380 verbo
2459 3332 2535 3392 suo,

514 3403 661 3482 homine
674 3409 924 3481 contritionem
941 3411 1087 3481 existere
1103 3425 1252 3502 oportet.
1284 3408 1331 3483 Et
1345 3425 1397 3482 est
1411 3435 1500 3482 con·
1549 3409 1610 3479 sed
1624 3411 1792 3500 operibus
1808 3423 1869 3480 aut
1886 3409 2105 3499 vagabundis
2120 3411 2430 3500 speculationibus

514 3511 615 3582 trrtso
628 3534 710 3583 vere
724 3533 950 3602 expavescere
964 3513 1144 3603 agustaoue
1159 3512 1312 3584 iraeDei
1329 3516 1498 3584 adversus
1653 3507 1713 3582 15.
1740 3507 1788 3581 Et
1804 3535 1884 3582 cum
1900 3512 1970 3581 fide
1985 3511 2211 3602 recipimura
2227 3509 2318 3595 Deo,
2345 3512 2453 3585 simul
2468 3516 2536 3584 do·

515 3624 710 3703 peecatum.
756 3610 826 3684 Hie
839 3637 951 3706 pavor
968 3639 1009 3685 ac
1023 3615 1156 3686 dolor
1143 3616 1278 3685 maliis
1294 3615 1425 3701 maior,
1455 3616 1496 3684 in
1527 3640 1530 3671 τ
1549 3636 1680 3683 namur
1695 3611 1834 3706 Spiritu
1848 3625 1990 3694 sancto,
2016 3623 2050 3682 et
2064 3613 2240 3683 efficimur
2258 3608 2429 3684 haeredes
2443 3614 2536 3687 vitae

516 3710 597 3783 aliis
616 3711 736 3784 minor
756 3726 824 3799 est,
848 3716 909 3785 sed
932 3717 1075 3803 erescit,
1100 3730 1134 3789 et
1155 3717 1193 3787 lit
1217 3718 1342 3809 purior
1358 3717 1396 3786 in
1411 3739 1496 3786 san·
1547 3728 1722 3786 aeternae.
1773 3712 1823 3787 Et
1843 3716 1929 3809 quid
1952 3714 1998 3785 sit
2020 3709 2108 3785 haec
2128 3711 2236 3798 fides,
2261 3714 2300 3783 in
2322 3715 2400 3805 ipso
2420 3738 2534 3806 agone

511 3813 598 3898 ctis,
631 3813 694 3908 qui
713 3815 920 3907 proliciunt,
951 3833 991 3890 ut
1010 3820 1061 3892 ait
1082 3814 1269 3891 Ezechias:
1313 3818 1413 3892 Sicut
1438 3819 1494 3889 leo
1546 3829 1582 3888 et
1597 3816 1822 3887 invocatione
1825 3817 2044 3911 quotidiana
2059 3816 2268 3887 discendam
2284 3816 2356 3889 ἐει.

508 3915 679 3988 contrivit
691 3916 812 3987 omnia
829 3941 906 3988 ossa
929 3942 1017 3990 mea.
1646 3918 1705 3991 16.
1736 3916 1843 3988 Hunc
1859 3918 2049 3990 articulum
2071 3917 2261 4007 dupliciter
2282 3917 2440 3988 delent
2428 3917 2533 4010 ampii

610 4016 647 4093 6.
688 4014 780 4089 Cum
797 4013 1018 4109 Augustinus
1036 4033 1118 4093 ante
1140 4036 1290 4093 mortem
1315 4043 1414 4092 suam
1440 4020 1493 4091 la-
1545 4019 1738 4103 Doctores,
1763 4043 1900 4088 ammrcr
1914 4032 2117 4089 nostrarum
2133 4014 2383 4092 Ecclesiarom
2437 4017 2546 4107 Quia

505 4140 670 4214 crymaue
685 4142 760 4191 sese
774 4136 963 4208 accusaret
985 4125 1082 4217 quod
1096 4148 1280 4218 nunqnam
1300 4144 1398 4216 prrus
1413 4133 1493 4191 tan
1545 4122 1692 4205 docent,
1726 4074 1889 4189 homines
1911 4119 2082 4212 consequi
2112 4120 2355 4202 remissionem
2385 4122 2557 4211 propter*⁴

504 4232 626 4312 topere
664 4223 837 4293 doluisset
864 4237 1023 4341 ’propter
1058 4248 1142 4297 suos
1180 4227 1318 4320 lapsus,
1366 4223 1492 4295 didicit
1543 4222 1689 4312 propria
1713 4220 1848 4292 merita.
2624 4302 2626 4307 ¹

506 4322 931 4416 crescerepoeuitentiam
949 4326 1139 4401 insanctis.
1359 4372 1361 4376 ι
1647 4319 1704 4394 17.
1744 4318 1793 4394 Ει
1815 4319 1944 4391 deinde
1966 4321 2124 4405 addunt,
2149 4323 2232 4414 quia
2256 4343 2439 4414 nunquam
2456 4343 2528 4391 εει

609 4420 1189 4515 9.1mordeogenushumanum
1212 4449 1419 4518 oppressum
1436 4440 1490 4499 est
1541 4445 1642 4508 mus,
1676 4426 1820 4516 quando
1845 4424 1928 4494 satis
1947 4422 1994 4494 sit
2014 4422 2243 4502 meritorum,
2274 4424 2418 4514 quaudo
2440 4446 2529 4492 eon·

508 4534 641 4611 morte,
664 4540 698 4597 et
712 4528 791 4598 alus
805 4527 1009 4612 mgeuttbus
1023 4528 1300 4614 calamitatibus,
1324 4542 1364 4599 ut
1377 4551 1490 4619 agno
1540 4524 1640 4596 ιιιιιο
1655 4524 1701 4597 ιιι
1716 4524 1917 4612 sullierens
1939 4546 2079 4615 semper
2092 4523 2331 4594 dubitandum
2355 4545 2450 4603 esse,
2476 4549 2522 4593 asa

504 4636 623 4695 ocatur
641 4625 694 4697 ira
712 4625 780 4699 Dei
802 4630 971 4700 adversus
992 4643 1183 4721 peccatam.
1234 4627 1283 4700 Et
1303 4631 1386 4724 qaia
1409 4655 1486 4702 eam
1540 4626 1650 4697 simus
1664 4627 1704 4698 iu
1721 4629 1843 4720 gratia.

505 4726 607 4843 impii
628 4730 742 4801 securi
765 4743 1016 4815 contemnunt,
1037 4732 1148 4822 magis
1170 4732 1345 4823 premitur
1364 4728 1491 4803 Eccle·
1643 4729 1705 4802 16.
1736 4729 1787 4800 Hi
1805 4732 1878 4799 duo
1900 4749 2039 4796 errores
2059 4739 2144 4799 suut
2159 4725 2367 4817 simpliciter
2384 4723 2524 4798 ethnica

507 4825 570 4909 sia,
583 4842 623 4900 ut
637 4853 713 4921 rpsa
730 4831 818 4902 iram
835 4846 867 4904 et
887 4831 1137 4904 rudrcmmller
1153 4848 1317 4924 agnoscat
1332 4847 1366 4905 ει
1386 4858 1489 4924 prae·
1539 4832 1710 4908 doctriua
1763 4831 1823 4905 Sic
1842 4828 1976 4902 Gentes
1991 4829 2096 4900 ettam
2119 4828 2282 4899 colebant
2298 4826 2435 4915 Deum
2457 4853 2524 4901 cu·

503 4923 616 5012 dicet,
638 4944 674 5001 et
690 4948 834 5025 quaerat
847 4935 1095 5008 lrheratronem
1112 4935 1294 5026 agmtrone
1308 4934 1397 5005 Frln
1411 4960 1487 5006 me
1538 4934 1716 5006 mulantes
1729 4957 1858 5026 opera,
1884 4943 1919 5003 et
1932 4944 2050 5004 tamen
2067 4932 2290 5013 dubitantes,
2316 4954 2362 4999 an
2388 4931 2522 5022 recipe-

451 5112 464 5124 ,
502 4980 670 5115 diatoiis,
691 5033 964 5128 sieutscriptum
982 5051 1052 5108 εει.
1077 5034 1487 5108 ludiciumadomoDei
1538 5050 1673 5109 rentur.

499 5127 638 5222 incipit.
1641 5135 1701 5211 1.9
1735 5130 1855 5203 Cum
1842 5131 1952 5222 rgrtur
1965 5155 2101 5202 errores
2116 5131 2175 5201 isti
2190 5126 2445 5205 monachorum
2461 5136 2524 5203 de-

604 5233 665 5305 10.
700 5232 784 5305 ldeo
800 5237 915 5324 ειΙειι,
936 5264 1025 5334 quae
1041 5255 1290 5314 estaeternum
1307 5239 1485 5311 etimmu-
1537 5236 1634 5308 leant
1646 5232 1901 5323 Evangeltum
1920 5255 2060 5303 neccsse
2078 5246 2129 5304 est
2146 5256 2204 5303 eos
2219 5235 2344 5310 taxari

497 5332 609 5404 tabile
624 5335 799 5408 iudicium
813 5334 881 5409 Dei
896 5341 1064 5414 adversus
1080 5357 1280 5436 peccatum,
1307 5342 1399 5413 edita
1423 5354 1486 5429 est,
1638 5339 1701 5413 20.
1733 5334 1781 5408 Ut
1796 5334 2060 5427 consprcrantur
2073 5335 2241 5407 beneficia
2255 5333 2408 5422 Chrrstr
2432 5348 2467 5403 et
2488 5334 2520 5402 ei

495 5447 534 5506 ut
550 5453 724 5510 monstret
740 5454 919 5532 peecatum
936 5457 970 5514 et
986 5469 1107 5516 causas
1122 5446 1373 5516 calamitatum.
1535 5462 1620 5510 suus
1633 5437 1800 5533 proprius
1815 5432 1933 5507 honos
1945 5437 2137 5512 tribuatur.
2189 5433 2298 5524 Item,
2322 5452 2361 5509 ut
2385 5447 2520 5505 mentes

598 5540 655 5610 11.
695 5538 785 5613 Vult
808 5539 907 5617 Deus
937 5560 1054 5616 extare
1085 5573 1207 5619 vocem
1238 5546 1344 5636 legis,
1378 5559 1419 5619 ιιι
1443 5568 1485 5614 ex
1536 5543 1684 5632 pavidae
1703 5538 1857 5613 habeant
1869 5537 2008 5610 firmam
2025 5539 2317 5613 consolationem.
2365 5536 2466 5614 ltem,
2482 5549 2521 5605 ut

493 5651 588 5709 certo
607 5643 715 5713 verbo
731 5640 801 5713 Der
816 5668 988 5725 seramus
1015 5647 1101 5738 quid
1127 5650 1171 5721 sit
1194 5663 1394 5740 peecatum,
1419 5670 1483 5716 nec
1535 5668 1617 5713 vera
1639 5642 1820 5714 invocatio
1843 5654 2066 5725 exerceatur,
2090 5664 2231 5710 necesse
2253 5636 2463 5709 estdefendi
2486 5652 2520 5706 ct
2628 5692 2639 5709 .

492 5737 701 5828 fingamus
687 5745 756 5834 apsi
778 5745 856 5816 siue
881 5745 1090 5861 testimonio
1105 5748 1172 5820 Dei
1193 5765 1353 5842 peccata,
1378 5749 1481 5822 iusti·
1533 5745 1705 5818 illustrari
1723 5743 1923 5816 doctrinam
1938 5744 1982 5813 de
1996 5736 2198 5823 Ecclesia,
2222 5739 2318 5830 quod
2334 5733 2521 5808 solafldc

491 5839 581 5910 ciam
595 5854 630 5913 et
643 5843 772 5921 cultus.
1532 5846 1785 5938 iustitieemur,
1810 5845 1937 5930 idest,
1964 5843 2059 5938 qaod
2079 5853 2224 5932 propter
2236 5833 2418 5913 Christum
2441 5863 2522 5951 gra·
