6025 6775
387 676 465 756 stt
900 665 1057 747 unct.
1097 664 1170 743 DE
1203 665 1385 744 DlCTO
1410 664 1589 743 PAULl
1615 664 1813 742 EPHES.
1840 662 1904 745 IV.
2345 666 2420 749 346

388 868 511 919 eorum
531 844 700 931 vulnera,
733 867 824 940 quae
846 842 1016 938 paulatim
1038 842 1242 914 mitioribus
1265 852 1382 915 reme-'
1430 853 1547 934 partes
1562 864 1636 910 non
1653 863 1791 910 sumere
1807 840 1914 909 nobis
1929 839 2037 924 ultro,
2062 843 2122 911 sed
2137 841 2288 930 delatas,
2313 859 2418 940 atque

387 949 457 1022 diis
470 947 590 1022 sanari
605 961 767 1039 possunt.
1430 943 1613 1036 impositas
1627 945 1725 1013 salvo
1750 942 1868 1012 officio
1882 964 2042 1012 recusare
2063 967 2137 1012 non
2153 966 2272 1036 posse,
2300 970 2421 1040 spera-

486 1049 544 1122 De
568 1049 633 1121 tali
665 1049 781 1119 studio
809 1048 959 1116 tuendae
979 1045 1244 1117 coniunctionis
1274 1051 1376 1119 etad
1428 1069 1509 1117 mus
1532 1045 1674 1115 veniam
1701 1046 1844 1115 daturos
1868 1044 1993 1127 nobis,
2027 1059 2293 1136 praeceptorum
2315 1071 2421 1119 man-

388 1176 471 1224 suos
498 1153 592 1221 cives
614 1145 681 1219 hoc
705 1149 811 1217 modo
835 1148 958 1219 scribit
972 1144 1249 1231 Demosthenes,
1277 1151 1377 1221 cuius
1427 1149 1528 1228 dato,
1562 1161 1602 1218 ut
1625 1148 1742 1232 decet,
1773 1145 2070 1241 obsequentibus,
2103 1160 2138 1216 et
2158 1171 2223 1216 nos
2238 1173 2303 1239 pro
2319 1176 2418 1221 more

387 1256 498 1324 verba
520 1252 671 1322 libenter
692 1249 819 1332 recito,
852 1250 937 1342 quia
960 1252 1103 1339 prodest
1124 1252 1292 1321 omnibus
1310 1277 1376 1320 no·
1427 1245 1629 1319 scholarum
1669 1272 1779 1340 pauca
1815 1246 1988 1331 dicentes,
2029 1247 2200 1336 patienter
2232 1251 2416 1323 audituros

388 1356 523 1426 tissima
547 1373 635 1421 esse:
660 1354 865 1445 παρακαλῶ
889 1345 930 1423 δὲ
951 1352 1001 1432 ele
1021 1355 1161 1436 ταῦτα,
1191 1349 1377 1446 οὐτυχιὸν
1428 1373 1521 1435 esse,
1550 1354 1647 1445 quod
1665 1351 1809 1442 quidem
1830 1348 1934 1417 etiam
1955 1361 1996 1416 ut
2021 1348 2168 1429 saciant,
2203 1365 2237 1421 et
2264 1354 2417 1443 collega-

387 1451 502 1534 αὐτὸς
520 1444 691 1545 τοιαύτης
712 1448 1002 1548 φιλανθρωπίας
1024 1454 1100 1547 παρ
1129 1449 1239 1527 ἐνίων
1246 1507 1259 1549 ,
1294 1453 1372 1526 ἄλλ’
1426 1474 1507 1521 rum
1531 1476 1712 1538 meorum,
1737 1463 1770 1522 et
1791 1472 1870 1518 meo
1892 1448 2041 1519 nomine
2063 1463 2265 1522 reverenter
2286 1469 2320 1524 et
2337 1456 2417 1524 olli-

386 1552 525 1633 ἆδλιιιος
550 1549 615 1625 καὶ
646 1558 916 1635 στασιαστικῶς
942 1555 992 1634 εἰς
1012 1550 1083 1648 τὴν
1109 1552 1245 1654 ἑτέρων
1262 1550 1377 1651 χάριν
1426 1554 1520 1624 ciose
1537 1568 1631 1645 peto.

385 1649 607 1751 προποθεὶς,
635 1651 716 1725 ἀλλ’
743 1649 832 1727 οὐδὲ
854 1651 924 1747 τὴν
941 1651 1045 1728 ἰδίαν
1068 1652 1186 1753 ὀργὴν
1206 1652 1376 1751 ’ἀναπλη-
1527 1654 1703 1725 Constitui
1720 1665 1836 1723 autem
1853 1673 1964 1744 pauca
1979 1652 2096 1721 dicere
2111 1655 2156 1723 de
2172 1655 2303 1745 insigni
2320 1654 2415 1726 dicto

388 1762 465 1851 ρολν
495 1751 540 1829 τὸ
571 1761 679 1849 κοινῆ
712 1752 906 1851 συμφέρον
935 1752 1039 1847 οἶμαι
1069 1754 1150 1829 δεῖν
1181 1753 1372 1853 βλάπτειν,
1426 1754 1531 1824 Pauli
1553 1758 1596 1825 ad
1618 1751 1751 1846 Ephes.
1775 1752 1827 1824 4.:
1866 1751 2038 1823 Ascendit
2062 1756 2102 1821 in
2124 1757 2259 1840 altum,
2278 1770 2414 1846 captam

388 1853 647 1955 οὔτεμλγνυμι
665 1852 733 1937 τὰς
748 1853 847 1937 ἰδίας
869 1856 1008 1954 ἔχθρας
1021 1861 1072 1940 εἷς
1086 1854 1133 1931 τὰ
1154 1866 1262 1956 κοινῆ
1279 1884 1369 1954 nvp·
1426 1859 1560 1926 ducens
1590 1858 1848 1947 captivitatem,
1887 1868 1921 1924 et
1949 1857 2048 1924 dedit
2075 1860 2169 1925 dona
2198 1852 2411 1932 bominibus.

388 1957 553 2057 φέροντα
568 1953 697 2046 οὐδὲν,
724 1953 817 2030 ἀλλὰ
832 1956 893 2055 t'p'
913 1955 1041 2042 ilsodc
1057 1959 1190 2044 ἄλλους
1204 1988 1373 2059 παρακα-
1425 1954 1480 2028 Ex
1503 1984 1573 2050 quo
1597 1959 1691 2027 dicto
1715 1958 1754 2025 in
1776 1957 1913 2045 magnis
1930 1962 2032 2047 saepe
2051 1957 2236 2028 doloribus
2252 1959 2414 2028 consola·

388 2066 461 2147 λῶ,
487 2063 609 2134 ταῦτα
622 2056 736 2141 αὐτὸς
750 2061 873 2153 οἴομαι
885 2057 966 2134 δεῖν
985 2068 1136 2159 πρῶτον
1150 2067 1279 2137 ποιεῖν.
1333 2064 1373 2134 ld
1423 2060 1558 2128 tionem
1582 2056 1695 2132 hausi.

388 2176 454 2234 est:
478 2157 668 2236 Adhortor
681 2164 769 2233 alios
783 2165 827 2233 ad
842 2165 1051 2255 deponenda
1066 2167 1168 2256 odia,
1194 2191 1274 2238 eum
1294 2165 1375 2259 qui-
1527 2160 1685 2254 Sumpsit
1707 2173 1823 2230 autem
1845 2160 1881 2232 id
1897 2158 2029 2232 Paulus
2047 2188 2086 2233 ex
2104 2164 2244 2234 Psalmo
2263 2163 2324 2236 68.
2349 2164 2412 2235 ubi

387 2266 467 2334 dem
477 2264 589 2336 simili
608 2259 826 2336 humanitate
839 2266 943 2337 multi
960 2289 1114 2359 ergame
1132 2292 1206 2338 non
1222 2269 1294 2338 sint
1309 2268 1374 2353 usi,
1424 2264 1608 2351 magnifice
1630 2262 1844 2333 describitur
1868 2264 2043 2353 gloriosus
2073 2262 2276 2356 triumphus
2302 2267 2413 2336 vieto·

389 2364 449 2459 qni
471 2388 528 2434 me
553 2365 685 2436 iniuste
706 2382 741 2438 et
762 2367 926 2437 seditiose
947 2368 1104 2438 inimicis
1127 2370 1374 2464 propinarunt,
1424 2364 1474 2432 ris
1489 2363 1641 2435 Messiae
1656 2365 1802 2435 Domini
1824 2367 1937 2435 nostri
1960 2364 2038 2437 lesu
2055 2363 2204 2450 Christi,
2231 2367 2413 2438 redeuntis

330 2491 334 2498 ·
386 2467 448 2535 sed
471 2466 680 2537 iudieonon
696 2469 904 2558 explendam
921 2492 994 2539 esse
1007 2471 1184 2540 vindictae
1197 2472 1373 2562 cupidita·
1423 2466 1462 2534 in
1478 2469 1634 2553 coelum,
1658 2481 1735 2558 post
1750 2468 1906 2538 devictos
1919 2462 2053 2538 hostes:

385 2582 460 2639 tem
482 2590 563 2638 oum
584 2569 739 2660 pernicie
758 2571 917 2661 publiea,
950 2593 1015 2640 nec
1042 2573 1178 2662 privata
1200 2574 1282 2643 odia
1304 2572 1372 2641 mi·
1524 2567 1631 2639 Hunc
1648 2570 1815 2639 victorem
1833 2592 2027 2659 regressum
2042 2572 2080 2639 in
2096 2594 2168 2655 sua,
2195 2567 2261 2639 boc
2276 2586 2345 2654 est,
2372 2571 2411 2639 in

386 2669 516 2739 suenda
549 2690 623 2739 esse
648 2673 803 2760 negociis
833 2671 1003 2761 publicis,
1041 2676 1100 2742 sed
1130 2698 1187 2744 me
1217 2674 1371 2765 primum
1422 2669 1533 2738 altum
1550 2693 1612 2741 seu
1629 2673 1786 2750 coelom,
1810 2674 1907 2740 unde
1929 2673 1973 2740 ad
1995 2666 2091 2741 hunc
2107 2673 2310 2744 conflictum
2328 2697 2410 2741 cum

387 2764 808 2855 bane'moderstionem,
847 2773 891 2840 ad
925 2797 1029 2866 quam
1067 2775 1155 2844 alios
1187 2771 1370 2859 adhortor,
1422 2764 1584 2841 hostibus
1605 2773 1743 2860 generis
1769 2766 1920 2842 humani
1942 2794 2015 2842 sese
2039 2775 2242 2859 dimiserat,
2268 2789 2348 2866 post
2364 2774 2412 2842 il·

386 2884 559 2961 prrestare
576 2875 720 2944 debere.
773 2870 870 2943 Haec
893 2874 954 2944 ille
973 2874 1110 2945 civibus
1134 2874 1261 2947 Atticis
1286 2901 1372 2947 con.
1424 2871 1491 2939 lam
1507 2896 1672 2963 pompam
1689 2868 1940 2964 triumphalem
1958 2874 2044 2943 dicit
2059 2873 2222 2944 Psalmus
2240 2876 2411 2965 accepisse

386 2972 603 3048 donabunt.
657 2972 804 3063 Quanto
818 2974 898 3065 plus
912 2989 964 3045 est
979 2973 1236 3047 esseEcclesiae
1250 2979 1372 3060 civem,
1422 2974 1515 3042 dona
1537 2973 1780 3043 distribuenda
1804 2968 2031 3060 hominibus,
2065 2999 2129 3065 pro
2155 2975 2411 3045 consuetudine

388 3074 424 3146 in
438 3097 509 3169 qus
521 3075 618 3146 filins
629 3072 700 3145 Dei
717 3075 935 3146 severissime
958 3072 1026 3147 hoe
1046 3082 1253 3149 mandatum
1269 3103 1371 3171 prae·
1420 3075 1681 3166 Imperatorum
1698 3069 2015 3164 triumphantium,
2039 3076 2101 3167 qui
2115 3077 2245 3143 reversi
2262 3089 2410 3145 exterra

387 3176 486 3268 cipite
517 3173 651 3249 Discite
675 3199 695 3245 a
716 3201 790 3262 me,
816 3177 900 3268 quia
922 3177 1018 3247 mitis
1042 3201 1139 3265 sum,
1172 3195 1205 3250 et
1225 3177 1371 3251 humilis
1421 3171 1562 3263 hostili,
1594 3174 1780 3266 magnifico
1802 3198 1883 3244 cum
1905 3188 2077 3266 apparatu
2100 3175 2248 3265 ingressi
2273 3178 2411 3257 urbem,

387 3277 517 3352 corde:
553 3277 629 3352 llas
647 3278 1002 3348 oommonefactiones
1028 3304 1106 3349 eum
1126 3305 1228 3372 saepe
1246 3283 1370 3350 andia-
1421 3291 1503 3347 ante
1532 3278 1652 3347 omnia
1683 3277 1918 3348 ascendebant
1949 3276 1987 3344 in
2017 3299 2194 3346 summurn
2225 3277 2411 3367 templum,

387 3376 451 3463 tis,
476 3388 512 3449 et
533 3381 688 3473 mpla
713 3395 835 3453 nostra
859 3379 899 3449 in
914 3379 1108 3451 tolerandis
1129 3383 1271 3452 iniuriis
1286 3407 1372 3452 con·
1420 3378 1484 3448 ubi
1510 3403 1589 3449 cnm
1613 3371 1880 3459 sacrificassent,
1914 3369 2093 3474 σωτήρια,
2126 3392 2161 3449 et
2187 3378 2316 3469 gratias
2332 3374 2409 3447 Deo

385 3493 596 3571 φιαοαλαι,
620 3476 763 3554 sithaec
781 3483 894 3552 oratio
912 3484 1081 3577 brevior..
1111 3483 1241 3555 Precor
1255 3499 1370 3555 autem
1421 3481 1572 3569 egissent
1595 3505 1661 3572 pro
1686 3481 1855 3564 victoria,
1888 3478 2149 3550 distribuebant
2176 3482 2346 3551 donativa
2370 3479 2409 3545 in
2518 3576 2521 3581 Ι

385 3593 461 3652 toto
480 3595 625 3671 pertore
644 3582 757 3655 lilium
774 3584 838 3656 Dei
853 3580 1050 3654 Dominum
1070 3600 1232 3656 nostrum
1255 3585 1369 3655 lesum
1418 3583 1551 3653 milites
1574 3596 1607 3651 et
1629 3582 1807 3671 congiaria
1823 3582 1862 3649 in
1887 3581 2002 3665 cives,
2024 3594 2064 3653 ut
2076 3605 2199 3650 omncs
2217 3568 2278 3649 illa
2295 3581 2409 3648 victo-

383 3675 593 3762 Clrristum,
617 3695 657 3755 nt
678 3682 818 3770 efficiat,
845 3699 1044 3772 utomnes,
1069 3687 1186 3780 quiin
1204 3683 1370 3759 Ecclesiis
1419 3685 1472 3754 ria
1488 3684 1571 3754 laeti
1586 3684 1791 3753 fruerentur
1806 3696 1841 3754 et
1862 3683 2080 3755 iuvarentur.
2130 3678 2182 3753 Ea
2209 3684 2408 3775 donaque·

383 3780 674 3872 metrisdoeenr,
698 3804 811 3858 onum
826 3786 950 3858 sintin
968 3788 1057 3881 ipso.
1109 3787 1207 3861 Dixi.
1419 3785 1466 3855 lia
1491 3786 1624 3856 luerint
1646 3799 1680 3856 et
1701 3781 1818 3855 adhue
1839 3785 1926 3869 sint,
1959 3809 2049 3878 qnae
2080 3783 2239 3878 quotidie
2265 3785 2311 3853 ab
2339 3779 2407 3852 hoc

1418 3883 1677 3980 triumphatore
1713 3882 1857 3956 Christo
1899 3885 2183 3969 distribuuntur,
2228 3905 2407 3975 exponens

346 4028 349 4033 ·
764 4000 1364 4013 W'“'“‘'‘'“”“”·“
1418 3990 1611 4082 Apostolus
1633 3986 1767 4057 Paulus
1790 3989 1854 4057 ait:
1887 3984 1947 4056 Ab
1970 3988 2045 4080 ipso
2060 3987 2139 4056 dari
2157 3986 2245 4056 alios
2262 3987 2407 4077 quidem

383 4128 435 4204 No
462 4129 538 4207 174
1417 4086 1629 4179 Apostolos,
1666 4087 1755 4157 alios
1782 4081 1996 4177 Prophetas,
2035 4089 2124 4156 alios
2152 4083 2408 4176 Evangelistss,

388 4185 556 4261 '‘a-2
1188 4146 1358 4264 Q
1416 4191 1506 4260 alios
1531 4187 1693 4257 Pastores
1724 4199 1758 4256 et
1782 4187 1974 4307 Doctores,
2010 4212 2101 4280 quae
2126 4210 2211 4258 sane
2232 4185 2404 4303 expositio
2479 4275 2481 4279 ,

521 4332 597 4422 De
625 4335 749 4421 dim
777 4335 922 4423 Pauli
946 4337 1114 4450 Ephe&
1144 4337 1227 4420 W
1415 4291 1867 4481 Ellffigteefsllpglslllmm
1889 4287 2041 4358 absurda
2066 4302 2171 4390 atque
2186 4303 2291 4359 ettam
2314 4287 2386 4356 rldt

447 4493 484 4551 ¹¹¹
500 4491 580 4551 ΟΜ·
595 4494 854 4579 T·Y·r·¹⁶⁶·sn··
872 4498 1095 4554 notationibus
1111 4499 1294 4572 postremtrp.
1310 4498 1368 4555 1⁷6.
1518 4490 1677 4564 sienim
1706 4486 1814 4561 buius
1840 4485 2094 4582 triumphantis
2112 4489 2404 4580 magnitudinem,

481 4569 511 4616 ‘⁸
533 4562 605 4637 ’Μ
620 4562 750 4631 Rffl‘l'
765 4566 859 4626 T‘m·
876 4568 977 4642 ΡΝ·
1415 4595 1631 4687 potentiam,
1668 4592 1907 4685 opulentiam,
1949 4593 2225 4662 munificentiam
2259 4605 2404 4684 spectes,

379 4738 626 4813 οπο
659 4737 708 4815 ο
741 4741 834 4819 π
1415 4690 2242 4786 ¹¹

377 4837 944 4955 λαλα(ιλ.1ῗ.1)οολιι·.1559.)α
965 4849 1016 4921 D·
1041 4849 1186 4921 Pam
1213 4847 1367 4924 ΗΜ·
1415 4895 1473 4968 hic
1497 4900 1610 4971 victor
1632 4923 1704 4968 non
1727 4911 1766 4966 ut
1789 4899 1870 4982 alii,
1904 4896 2092 4967 imbecillis
2117 4891 2227 4967 homo
2252 4910 2405 4977 tautum,
2461 4967 2463 4971 .

380 4973 754 5081 muniminum
772 4994 909 5090 aliquid
933 4992 1003 5067 hoc
1033 4998 1109 5068 loco
1132 4996 1269 5081 dicere,
1302 4998 1366 5067 etsi
1414 5001 1475 5069 sed
1501 5000 1607 5069 simul
1627 4998 1692 5070 Dei
1725 4998 1841 5085 filius,
1872 4998 1990 5088 opifex
2012 5012 2047 5070 et
2069 4999 2285 5088 gubernator
2314 4996 2404 5067 coeli

381 5110 446 5159 nos
468 5079 530 5156 hic
554 5089 731 5195 confessus
754 5098 1054 5189 amplissimorum
1089 5112 1123 5169 et
1144 5098 1367 5167 doctissimo·
1415 5113 1448 5171 et
1461 5103 1596 5181 terrae,
1623 5099 1805 5189 possidens
1828 5121 1952 5168 omnes
1973 5096 2158 5171 thesauros
2179 5122 2364 5171 summoru

380 5212 461 5260 rum
474 5187 639 5260 virorum
652 5195 696 5265 ad
711 5196 900 5271 dicendum
914 5199 1111 5271 timidiores
1125 5200 1261 5283 reddit,
1281 5223 1368 5269 con·
1415 5215 1449 5272 et
1465 5201 1668 5270 coelestium
1689 5201 1878 5271 bonorum.
2354 5218 2356 5223 ’

380 5290 470 5361 scios
491 5289 600 5361 nobis
622 5291 795 5367 infantiae
813 5314 973 5384 nostrae,
1006 5326 1097 5396 qnae
1119 5297 1211 5370 nihil
1230 5303 1367 5371 adferre
1515 5300 1613 5390 Quid
1639 5302 1747 5391 igitur
1770 5324 1889 5371 censes
1910 5300 1988 5369 dari
2019 5302 2064 5368 ab
2086 5302 2299 5382 immortali,
2332 5300 2403 5370 nisi

380 5403 493 5482 potest
506 5392 655 5484 dignum
671 5397 797 5469 talium
813 5404 1012 5475 auditorum
1029 5404 1220 5498 sapientia,
1244 5404 1366 5475 erudi·
1414 5415 1554 5473 aeterna
1581 5404 1701 5473 bona?
1744 5402 1983 5486 editissimo,
2013 5403 2082 5472 nisi
2102 5406 2344 5495 amplissima?
2384 5428 2403 5471 a

380 5490 477 5562 tione
493 5506 527 5564 et
541 5495 675 5570 indicio
690 5503 897 5576 confirmato
915 5507 1145 5576 maximarum
1166 5529 1284 5574 rerum
1300 5528 1365 5575 usn
1414 5503 1494 5597 Deo
1513 5506 1666 5600 deniqne
1688 5504 1757 5573 nisi
1780 5505 1927 5575 divina?
1966 5499 2035 5573 hoe
2050 5521 2122 5591 est,
2145 5529 2207 5576 sna
2224 5507 2402 5597 magnitu-

379 5605 413 5663 rt
428 5595 659 5686 experientia:
686 5616 806 5676 tamen
828 5628 953 5678 rursus
969 5607 1072 5696 erigit
1089 5631 1155 5676 nos
1171 5612 1365 5677 eorundem
1415 5607 1499 5677 dine
1512 5632 1551 5678 ac
1568 5606 1725 5703 bonitate
1742 5606 1912 5676 immensa
1929 5620 1962 5676 et
1979 5607 2120 5677 infinita
2139 5609 2256 5677 bona?

376 5709 555 5786 mecla
577 5694 779 5778 humanitas
799 5720 834 5779 et
849 5706 1023 5798 aequitas,
1049 5731 1138 5798 quos
1159 5734 1238 5778 cum
1255 5706 1367 5780 Scbo-
1516 5707 1617 5799 Quae
1639 5708 1748 5798 igitur
1768 5723 1850 5779 sunt
1865 5708 1927 5778 illa
1951 5711 2066 5792 dona,
2091 5731 2183 5800 quas
2197 5703 2255 5776 hic
2271 5702 2351 5775 talis
2366 5713 2402 5772 et

375 5793 492 5867 larum
515 5807 811 5882 consuetudinem
831 5806 972 5891 norint,
1004 5819 1040 5880 et
1060 5807 1190 5892 sciant,
1223 5833 1289 5878 nos
1303 5804 1368 5881 bas
1414 5824 1534 5884 notos
1552 5810 1683 5893 victor,
1707 5824 1779 5882 tam
1801 5809 2006 5890 munificus,
2030 5820 2067 5878 et
2087 5809 2135 5878 ob
2156 5808 2271 5897 ipsum
2285 5802 2400 5873 virto-
