6025 6775
585 657 656 780 ,9'
1088 688 1250 765 naen
1289 684 1364 761 nn
1402 680 1740 760 ornurrara
1772 641 1983 763 1111111
2016 708 2100 771 asc.
2555 715 2608 786 20

582 897 702 945 amore
722 873 786 941 lilii
801 869 869 940 Dei
882 891 962 958 erga
976 862 1167 937 Ecclesiam
1183 859 1339 941 laeteris,
1363 871 1398 929 et
1412 854 1568 926 vicissim
1618 875 1705 921 num
1720 866 1754 924 et
1770 879 1927 971 snorum,
1951 873 2173 953 contemptus
2184 864 2384 961 Religionis
2399 892 2433 950 et
2448 878 2608 951 Iudicio·

585 978 750 1066 ipsusnet
768 970 959 1043 Ecclesiam
980 978 1107 1037 amato.
1159 959 1251 1029 Volo
1265 960 1569 1073 etiamtcmerpo·
1617 975 1717 1037 rum,
1754 969 1827 1025 vsta
1851 958 1977 1029 similis
1999 961 2182 1084 beluinae,
2220 964 2308 1087 baec
2334 987 2431 1048 tanta
2453 980 2544 1051 mala
2568 993 2609 1050 ut

584 1101 659 1147 rem
693 1097 766 1144 esse
798 1095 897 1141 meae
927 1091 1010 1155 erga
1037 1078 1075 1135 te
1098 1077 1263 1156 paternae
1287 1058 1568 1130 benevolentiae.
1618 1052 2074 1229 clem‘einterstvertatDens,
2098 1070 2248 1139 assiduas
2263 1075 2452 1162 gemitibus
2466 1094 2500 1151 21
2515 1082 2606 1153 ,Μὴ

584 1175 683 1247 Dixi.
1620 1177 1708 1223 oran
1735 1178 1776 1224 us
1791 1180 1853 1227 es.

1722 1253 1827 1328 Nunc
1854 1282 1964 1350 pauca
1991 1261 2107 1333 dicam
2139 1268 2184 1337 de
2213 1269 2329 1361 legum
2358 1278 2529 1369 dignitate
2561 1293 2607 1359 ad

586 1353 1579 1431 -------··-----·--··-··’
1620 1359 1984 1431 commonefaciendus
2017 1363 2190 1448 iuniores,
2229 1386 2270 1443 ut
2298 1378 2467 1452 adversus
2498 1389 2608 1461 snalas
2690 1383 2695 1396 ’

1620 1456 1807 1575 opiniones
1820 1462 2128 1551 praemuniantur.
2157 1466 2309 1562 Hippias
2320 1482 2413 1567 apud
2423 1479 2608 1559 Platonem

587 1557 654 1629 No·
676 1553 757 1627 ¹34⁰
1392 1550 1568 1669 Q
1621 1572 1785 1629 nominat
1812 1560 1925 1649 legem
1952 1573 2162 1656 tyrannum,
2204 1574 2286 1664 qnia
2309 1593 2433 1651 natura
2454 1586 2609 1662 obnoxia

594 1650 764 1683 νυν
1621 1659 1840 1746 vagabundis
1856 1662 2129 1755 cupiditatibus,
2154 1692 2256 1762 aegre
2271 1678 2404 1767 patitur
2417 1683 2534 1758 frenos
2573 1704 2609 1762 et

761 1750 838 1836 De
861 1746 1093 1859 dignitate
1117 1747 1278 1860 legum
1300 1752 1384 1828 ele.
1623 1758 1717 1846 leges
1736 1773 1905 1852 tanquam
1928 1752 2071 1837 vincula
2085 1781 2121 1840 et
2134 1793 2307 1845 carcerem
2328 1781 2426 1867 odit,
2449 1800 2484 1855 et
2503 1741 2608 1860 mblti

654 1910 773 1966 Prodiits
791 1908 913 1979 „Oratio
926 1906 960 1962 sle
974 1904 1104 1978 dignitate
1124 1903 1262 1959 doctrinae
1276 1904 1367 1975 leguas
1381 1910 1408 1957 et
1427 1900 1569 1957 luriseon-
1622 1857 1780 1932 suoemer
1801 1856 1865 1930 '¹⁰⁸
1887 1862 2006 1934 [ΝΜ
2025 1870 2218 1943 mulium·
2276 1874 2375 1957 Talls
2395 1906 2475 1952 cum
2499 1886 2544 1958 sit
2568 1889 2608 1959 in

685 1979 834 2043 sotiorum,
848 1970 1299 2031 11111111111111111111111.
1314 1969 1391 2053 1511.
1409 1971 1469 2028 aa
1494 1970 1571 2027 1,”-
1623 1972 1747 2031 natura
1763 1958 1951 2034 hominurn
1972 1971 2211 2057 contumacia,
2237 1988 2276 2046 ut
2298 1982 2522 2055 manifestum
2544 2003 2608 2075 est,

688 2046 792 2100 llecuss
805 2046 834 2099 in
847 2049 893 2099 sel.
903 2043 1024 2098 Deelsm.
1040 2041 1129 2098 MV.
1141 2057 1168 2111 p.
1181 2040 1296 2113 sssqq..
1313 2057 1343 2094 111
1349 2038 1471 2098 servos.
1503 2038 1568 2097 AV.

687 2134 715 2186 P·
728 2115 783 2179 aa,
799 2115 870 2185 ,ΡΜ
884 2111 1015 2169 mm
1027 2109 1063 2165 n·
1079 2129 1107 2183 P·
1120 2108 1181 2165 ω.
1622 2083 1728 2151 quarn
1749 2064 1895 2155 quidem
1922 2080 1956 2138 et
1978 2067 2073 2137 mala
2098 2074 2273 2166 exempla,
2298 2091 2333 2149 et
2354 2083 2459 2154 multi
2480 2082 2607 2184 μωρό-

1620 2184 1746 2246 mos,
1770 2164 1967 2236 tribunitiis
1981 2172 2204 2243 sermonibus
2216 2177 2440 2268 confirmant,
2465 2187 2607 2261 difficile

586 2280 711 2349 oratio
735 2272 782 2344 de
803 2270 994 2368 tls'psss'tule
1025 2267 1220 2341 6111111111
1245 2269 1369 2366 11911111
1390 2276 1429 2339 et
1449 2272 1569 2339 luris.
1621 2273 1673 2331 est
1693 2276 1828 2334 mentes
1843 2266 1889 2334 ad
1912 2270 2145 2341 reverentiam
2160 2273 2277 2365 legum
2297 2278 2444 2356 flectere.
2496 2287 2607 2362 Multi

546 2383 551 2390 .
947 2373 1211 2444 mmmm,
1621 2361 1726 2431 etiarn
1743 2356 1834 2435 hane
1849 2380 2007 2437 nostram
2031 2371 2229 2445 doctrinam
2254 2379 2419 2453 traditam
2445 2385 2483 2457 in
2504 2388 2607 2463 libris

1519 2534 1530 2552 ‚
1623 2458 1978 2553 Iurisconsultorum,
2002 2481 2141 2543 tantum
2160 2476 2313 2565 cogitant
2332 2504 2424 2571 esse,
2452 2502 2513 2558 ant
2533 2513 2607 2564 non

587 2527 815 2614 Gravissimo
840 2540 988 2611 consffio
1021 2538 1223 2610 institutum
1250 2549 1318 2620 “is
1361 2549 1403 2608 ΰῑ
1428 2534 1570 2627 lmbhee
1621 2566 1851 2636 neeessariam
1877 2568 2128 2654 subtilitatem,
2170 2580 2365 2653 autetiam
2392 2584 2606 2676 sophismata

584 2656 620 2713 et
647 2645 686 2712 in
715 2646 866 2738 qttad‘am
892 2640 1109 2712 “udlwfflm
1136 2637 1334 2730 ff‘quffllll
1366 2636 1569 2754 “llffmnlul
1620 2665 1809 2753 excogitata
1825 2668 1870 2737 ad
1885 2667 2017 2763 illaque
2034 2670 2232 2748 laudandos
2245 2692 2306 2749 sut
2322 2682 2516 2758 eludendos
2531 2690 2607 2762 liti-

585 2745 767 2814 doctrinae
782 2742 996 2816 testimonia.
1044 2739 1117 2811 Nec
1131 2763 1213 2810 “¹⁰
1230 2738 1453 2825 ³¹l⁰d¹¹¹³b¹⁸
1469 2739 1568 2856 (ΜΞ
1618 2781 1766 2856 gatores.
1804 2764 2226 2848 Etsuntmultifascinsti
2240 2779 2400 2853 fanaticis
2414 2790 2594 2865 erroribus

585 2844 626 2914 5¹¹
649 2846 777 2916 1³¹1le
799 2844 1064 2934 ⁶⁰¹¹ssle⁸⁸lb⁰⁸s
1103 2864 1208 2935 quam
1238 2854 1273 2910 ‘l
1301 2838 1476 2908 celebrare
1500 2834 1566 2908 ΒΗ
1619 2869 1683 2961 qui
1700 2867 1890 2939 discrimen
1907 2871 2072 2958 ignorant
2083 2874 2170 2963 legis
2181 2874 2419 2972 etEvangelii‚
2443 2902 2478 2959 et
2492 2847 2607 2964 aeter:

585 2948 700 3030 dms
723 2960 758 3016 ‘l
778 2959 894 3038 Peme
909 2968 1032 3014 ΜΠ·
1049 2939 1369 3024 ⁰⁰⁰⁸⁰¹V³ll⁰¹¹⁸¹¹¹2
1395 2953 1430 3007 ‘¹
1451 2938 1568 3057 ‘lim‘
1620 2993 1686 3038 nae
1703 2969 1861 3040 institiae
1875 2984 1911 3041 et
1925 2971 2089 3060 politicae
2103 2976 2381 3068 gubernationis,
2407 2990 2468 3079 qui
2483 2991 2608 3068 dicunt

584 3046 722 3139 aliquid
736 3048 779 3115 dc
794 3046 954 3116 doctrina
970 3044 1142 3114 divinitus
1156 3053 1347 3110 monstrata
1364 3063 1483 3128 generi
1498 3035 1567 3110 hu·
1620 3068 1804 3139 „mim
1820 3091 1861 3138 εχ
1877 3065 2347 3159 Evgnggfiocudfflgstm,
2399 3086 2468 3158 sed
2496 3116 2607 3167 ΜΗ

583 3170 711 3232 mano,
735 3150 779 3216 ad
797 3147 1009 3215 erudiendos
1029 3144 1204 3226 iuniores,
1223 3155 1284 3210 aut
1305 3141 1506 3210 excitandos
1522 3142 1567 3209 ad
1619 3166 1695 3240 Deo
1711 3169 1750 3237 in
1764 3163 1858 3239 hanc
1871 3169 2059 3240 ,wionem
2073 3174 2235 3250 collocati
2256 3201 2398 3267 sumus,
2424 3203 2465 3260 m
2486 3207 2606 3264 omn.

582 3271 737 3317 amorem
761 3246 942 3316 doctrinae
963 3258 1000 3314 et
1020 3244 1203 3315 virtutum.
1265 3237 1341 3310 Hos
1363 3236 1569 3313 honestissi·
1618 3273 1745 3342 damu,
1766 3293 1885 3341 „mm
1907 3270 1952 3347 de
1975 3272 2148 3361 dissnime
2169 3276 2286 3367 legum
2313 3292 2542 3378 amentiam,
2573 3312 2607 3368 et

582 3371 664 3419 roos
683 3348 774 3419 ritus
792 3346 989 3436 aspernari,
1014 3357 1102 3417 tetra
1119 3342 1299 3416 barbaries
1314 3354 1382 3423 est,
1409 3357 1445 3415 et
1460 3344 1567 3415 disci·
1620 3361 1746 3443 deliri,
1763 3370 1940 3443 commi,
1954 3373 2165 3464 refutemus,
2190 3382 2285 3474 quod
2301 3385 2444 3475 quidem
2461 3389 2528 3460 Dei
2544 3397 2607 3465 he,

582 3451 704 3543 plinae
719 3473 757 3518 ac
775 3446 933 3517 moribus
946 3446 1155 3539 perniciosa.
1180 3442 1300 3533 Quare
1315 3467 1379 3512 vos
1390 3447 1568 3516 auditores
1620 3473 1744 3539 „fficio
1760 3472 1800 3537 3„
1812 3469 1878 3538 hac
1891 3473 1967 3558 59„
1980 3471 2190 3561 Academia,

583 3551 740 3643 primum
766 3550 934 3639 cogitate,
960 3550 1069 3643 quare'
1093 3545 1344 3625 conveneritis,
1370 3561 1404 3618 et
1427 3559 1567 3640 pectora
1621 3567 1848 3641 manfiestum
1865 3579 1927 3636 egi,

548 3716 552 3723 .
585 3653 789 3736 exustllsslfls
821 3663 862 3720 Ul
884 3651 971 3739 dliii
992 3672 1129 3720 mltum
1150 3647 1331 3721 “lebreffi
1345 3644 1482 3730 Deum,
1515 3648 1567 3717 ¹⁸·
1720 3663 1812 3738 Cum
1829 3678 1946 3738 autem
1962 3667 2073 3738 multa
2088 3669 2160 3741 sint
2179 3672 2225 3742 de
2239 3673 2314 3747 Deo
2336 3681 2486 3757 illustria
2508 3698 2608 3766 testi.

584 3775 669 3842 gum
692 3767 725 3822 rt
746 3751 986 3823 doctrinarum
1006 3752 1163 3834 fontem,
1188 3762 1222 3819 0¹
1242 3750 1384 3843 petatis,
1414 3775 1460 3821 ¹¹²
1482 3746 1569 3821 hm
1622 3769 1740 3840 monia
1754 3769 1794 3838 in
1808 3763 1874 3837 har
1888 3766 2021 3838 visibili
2035 3782 2173 3854 natura,
2191 3787 2364 3849 tumvern
2379 3789 2606 3881 praecipuum

586 3877 648 3924 sua
665 3856 758 3923 dona
775 3854 813 3922 in
829 3848 885 3922 his
897 3852 1102 3942 regionibus
1115 3851 1227 3923 deleri
1243 3853 1348 3923 sinat.
1622 3885 1691 3951 eet,
1716 3868 1906 3940 discrimen
1923 3863 2154 3942 honestorum
2170 3888 2204 3946 et
2221 3880 2395 3969 turpium,
2420 3893 2515 3980 quod
2540 3917 2606 3964 no.

686 3969 784 4040 Duae
814 3982 897 4040 sunt
926 3982 1041 4039 autem
1063 3992 1220 4039 summac
1242 3969 1388 4038 virtutes
1409 3991 1569 4059 compre·
1622 3971 1778 4041 minatur
1800 3968 1874 4039 Lex
1897 3984 2062 4057 naturae,
2103 3985 2139 4043 et
2159 3998 2358 4066 expressum
2383 3988 2494 4059 estin
2519 4010 2605 4066 vo'ce

585 4067 715 4142 brnsae
737 4071 777 4138 in
798 4093 856 4154 ea,
880 4095 969 4162 quae
986 4071 1192 4142 nominatur
1207 4068 1418 4155 Gratitudo‚
1443 4068 1571 4138 videli-
1623 4072 1807 4162 Decalogi,
1831 4082 1867 4140 et
1885 4072 2023 4141 assidue
2044 4075 2231 4164 repetitum
2246 4079 2286 4148 in
2302 4086 2532 4161 concionibus
2548 4097 2605 4164 di-

586 4186 641 4244 cct
674 4169 810 4241 Veritas
832 4184 866 4242 et
889 4171 1041 4244 lusticia.
1105 4169 1245 4243 Veritas
1266 4172 1441 4257 agnoscit,
1473 4171 1571 4241 unde
1623 4173 1717 4243 vinis
1733 4169 1955 4257 inEcclesia,
1979 4172 2062 4242 inde
2075 4198 2187 4268 usque
2202 4181 2247 4250 ab
2263 4181 2368 4255 initio
2382 4193 2521 4278 generis
2536 4191 2607 4266 hu.

583 4274 781 4365 profectum
812 4276 857 4341 sit
887 4272 1115 4357 beneficium,
1152 4284 1188 4342 et
1217 4287 1376 4343 autorem
1407 4272 1570 4343 celebrat.
1623 4273 1731 4344 mani.
1794 4267 1893 4341 Haec
1912 4273 1987 4363 ipsa
2008 4273 2065 4343 lex
2084 4289 2230 4349 naturae
2252 4305 2326 4352 non
2350 4301 2401 4359 est
2422 4302 2606 4384 tyrannus,

584 4371 728 4446 iusticia
744 4372 877 4460 obligat
890 4375 937 4443 ad
951 4387 1072 4446 mutua
1090 4371 1216 4447 officia.
1266 4372 1369 4445 Grati
1383 4372 1491 4462 igitur
1509 4374 1572 4442 ad·
1623 4389 1664 4446 ut
1685 4371 1836 4464 Hippias
1864 4372 1972 4478 dixit,
2003 4396 2068 4445 nec
2089 4391 2141 4449 est
2158 4378 2385 4476 imaginatio,
2418 4385 2606 4469 hominnm

586 4474 784 4563 firmamus,
816 4473 908 4564 leges
933 4501 1014 4545 vere
1037 4499 1110 4546 esse
1131 4474 1339 4564 sapientiam
1354 4470 1440 4555 Dei,
1472 4474 1572 4545 cuius
1623 4474 1751 4546 astutis
1780 4473 1992 4564 excogitata,
2033 4489 2075 4547 ut
2094 4478 2200 4547 multi
2219 4488 2420 4574 somniant,
2459 4498 2520 4566 sed
2553 4513 2606 4570 est

587 4576 680 4646 radii
702 4577 741 4644 in
763 4574 951 4647 bominum·
973 4590 1110 4648 mentes
1127 4574 1294 4646 transfusi
1318 4590 1418 4662 sunt,
1450 4592 1485 4651 et
1506 4599 1572 4666 pro
1623 4588 1764 4648 seterm
1780 4587 1815 4645 et
1828 4575 2157 4668 immotssapientia
2172 4580 2212 4651 in
2225 4582 2320 4672 Deo,
2348 4604 2384 4661 et
2402 4613 2526 4668 norma
2549 4600 2607 4671 iu.

587 4671 658 4746 boe
672 4677 807 4766 optimo
822 4699 968 4746 munere
982 4680 1232 4749 lateamurnos
1247 4676 1323 4749 Deo
1343 4678 1471 4749 debere
1493 4699 1574 4766 gra-
1624 4677 1743 4749 stiriae
1770 4699 1833 4746 seu
1863 4676 2104 4758 rectitudinis,
2137 4681 2237 4753 cuius
2266 4688 2458 4778 sapientiae
2485 4699 2606 4770 radios

590 4789 662 4846 tam
677 4776 786 4867 ipsius
801 4778 1074 4848 celebra-tionem
1090 4792 1125 4850 et
1144 4780 1397 4856 reverentiam,
1428 4792 1463 4850 et
1484 4780 1573 4851 obe-
1624 4775 1814 4850 transfudit
1821 4773 1919 4847 Deus
1933 4778 1972 4846 in
1986 4771 2147 4849 homines
2164 4781 2203 4851 in
2216 4788 2405 4873 creatione,
2431 4809 2471 4867 ut
2486 4813 2607 4872 oeten.

589 4877 783 4962 dientiam,
810 4880 910 4948 nasta
931 4872 994 4949 bas
1012 4881 1104 4970 ipsas
1126 4881 1239 4969 leges,
1271 4901 1358 4974 quas
1375 4879 1480 4950 nobis
1501 4892 1574 4953 tra·
1624 4880 1711 4950 dant
1734 4900 1809 4948 esse
1830 4876 1964 4961 mum,
1993 4890 2029 4950 el
2049 4879 2197 4952 doceam
2219 4888 2333 4977 qualis
2356 4892 2403 4963 sit
2426 4893 2539 4986 Deus,
2572 4918 2607 4974 et

589 4978 715 5069 didit„
743 4976 881 5051 Deinde
902 5003 986 5050 eum
1006 4982 1211 5053 ardentibus
1233 4983 1324 5052 votis
1343 5002 1503 5063 oramus,
1534 4996 1575 5053 nt
1624 4980 1720 5073 qued
1737 4979 1783 5049 sit
1800 4978 1929 5048 vindex
1945 4978 2135 5067 scelernm,
2160 5006 2201 5052 ac
2219 4987 2380 5078 obligant
2401 5019 2523 5072 omne,
2538 4997 2605 5070 ho.

590 5092 625 5149 et
647 5075 837 5153 Ecclesiam
861 5079 991 5151 eteius
1012 5077 1164 5176 hospitia
1184 5095 1316 5170 servet,
1347 5095 1384 5154 et
1400 5084 1575 5154 'accendat
1625 5083 1757 5165 mines,
1777 5094 1819 5152 ut
1841 5079 1913 5151 sint
1931 5081 2130 5151 conformes
2143 5079 2243 5170 Deo,
2269 5102 2304 5160 et
2319 5093 2469 5169 doceant
2482 5114 2604 5168 omnes

557 5189 559 5193 '
589 5198 735 5271 pectora
755 5198 892 5269 nostra,
927 5196 967 5256 ut
990 5207 1127 5277 semper
1146 5206 1227 5254 eum
1249 5209 1331 5256 vcra
1350 5172 1585 5256 invocatione
1626 5185 1670 5254 de
1686 5181 1817 5252 iudicio
1830 5177 1920 5266 Dei,
1941 5182 2037 5274 qnod
2052 5204 2134 5251 vere
2150 5197 2186 5255 et
2198 5180 2420 5267 horribiliter
2435 5198 2604 5268 irascatur

563 5346 567 5351 .
591 5283 764 5368 colamus,
786 5301 821 5356 et
836 5286 970 5356 tribuat
982 5283 1122 5357 Politiis
1136 5307 1276 5372 pacem,
1297 5299 1331 5356 et
1353 5286 1394 5355 in
1415 5309 1456 5355 ea
1476 5299 1576 5357 tuea-
1626 5283 1793 5355 omnibus
1810 5281 2063 5353 contumaciter
2075 5283 2290 5361 violantibus
2306 5288 2402 5364 bunc
2416 5292 2525 5381 ipsius
2541 5321 2603 5367 or-

590 5396 650 5455 tus
680 5385 792 5474 leges,
826 5371 984 5470 iudicia,
1016 5384 1239 5476 disciplinans
1270 5398 1305 5456 et
1332 5387 1574 5457 doctrinarum
1626 5385 1765 5466 dinem,
1789 5383 1886 5453 etsit
1901 5383 1994 5471 ignis
2016 5386 2226 5457 consumens
2249 5413 2289 5461 ac
2312 5394 2494 5462 destruens
2515 5419 2603 5467 con-

589 5486 718 5563 stndia.
767 5485 864 5558 Haec
879 5486 1033 5579 precatis
1053 5480 1121 5556 boc
1141 5497 1299 5575 tempore
1318 5486 1364 5557 sit
1383 5488 1576 5572 ardentior,
1625 5499 1790 5558 tumaces.
1839 5481 1909 5554 llic
1926 5484 2041 5573 legum
2062 5499 2262 5559 nostrarum
2281 5489 2363 5556 lons
2383 5501 2452 5574 est,
2475 5507 2510 5565 et
2535 5493 2603 5571 hac

592 5591 677 5682 quis
690 5610 815 5679 magna
836 5613 918 5681 pars
933 5585 1146 5657 Germaniae
1165 5586 1259 5658 bello
1284 5588 1405 5674 ardet,
1429 5589 1575 5659 attinnt
1624 5607 1705 5657 vera
1730 5584 1966 5675 descriptione
1986 5596 2021 5654 et
2039 5583 2242 5660 laudatione
2257 5587 2394 5703 legum,
2414 5587 2507 5662 nibil
2531 5598 2604 5670 dici

537 5736 540 5741 -
590 5690 823 5778 vastationes,
861 5712 948 5784 quas
975 5700 1172 5783 sequnntur
1197 5687 1380 5760 literarum
1402 5702 1437 5761 et
1455 5689 1574 5778 legum
1623 5685 1738 5758 maius
1751 5698 1814 5756 aut
1824 5686 1952 5756 melius
1965 5697 2091 5778 potesl-
2141 5686 2347 5776 Qtfflflffln
2360 5691 2605 5780 wellema-

592 5790 777 5883 interitus,
796 5793 930 5869 laxatio
943 5788 1168 5884 discipliuae,
1192 5784 1422 5888 prophanitss
1435 5789 1576 5884 opiniof
1623 5791 1680 5862 ius
1693 5797 1754 5862 sut
1767 5785 1894 5861 metius
1908 5800 2034 5882 potest,
2051 5808 2157 5886 quant
2169 5784 2439 5878 sapientiam?
2462 5791 2603 5880 Deinde

2214 3480 2364 3554 fideliter
2378 3487 2507 3561 factum
2522 3515 2607 3583 esse,
