6025 6775
489 582 565 665 aaa
966 571 1124 652 unct.
1156 570 1231 647 un
1264 570 1504 649 sruutts
1539 573 1661 650 var.
1694 573 2048 658 eureosoeu.
2446 593 2523 669 sss

593 755 719 847 Quare
740 756 785 826 de
800 748 999 846 Pythagora
1021 746 1196 829 referunt,
1223 746 1316 839 quod
1337 759 1379 817 ut
1394 770 1480 816 con·
1533 747 1708 819 militibus
1722 747 1761 818 in
1774 754 2038 842 oppugnatione
2054 757 2155 828 urbis
2169 758 2310 831 incensa
2323 764 2517 857 conflagra-

491 872 700 959 aequeretur
715 858 832 926 locum
849 854 887 921 in
901 849 1048 939 collegio
1063 848 1285 919 sacerdotum
1298 842 1481 938 Memphi·
1533 863 1605 931 rat,
1629 848 1788 941 periisset
1803 851 1978 946 quidquid
1995 856 2109 927 extitit
2125 873 2211 930 tunc
2225 860 2414 960 celebrium
2429 867 2516 936 scri-

492 967 587 1051 tico,
619 974 653 1032 et
678 958 829 1029 disceret
848 954 910 1023 illa
931 949 1114 1022 occasione
1137 948 1342 1039 disciplinas
1363 947 1482 1042 Aegy·
1533 964 1688 1042 ptorum.
1738 949 1829 1021 Nam
1846 952 1985 1025 circiter
1998 959 2149 1028 ducenta
2166 961 2278 1034 millia
2296 961 2515 1039 voluminum

493 1067 608 1164 ptias,
633 1060 739 1132 etiam
761 1052 968 1126 circumcidi
989 1072 1088 1119 more
1104 1045 1278 1142 Aegyptio
1297 1062 1331 1118 et
1345 1048 1482 1119 usitatis
1533 1045 1698 1122 habuisse
1713 1048 1927 1126 bibliotheca
1944 1053 2188 1148 Pergamensis
2203 1063 2384 1139 scribitur.

496 1165 595 1267 genti
622 1162 730 1235 sacris
760 1154 894 1227 initiari
924 1153 995 1222 ritu
1027 1149 1169 1220 solenni
1196 1173 1270 1220 non
1299 1149 1480 1219 renuarit.
1635 1147 1713 1223 Etsi
1736 1165 1852 1224 autem
1874 1179 1976 1248 saepe
1994 1173 2069 1229 tum
2085 1184 2105 1229 a
2120 1166 2383 1235 successoribus
2398 1162 2521 1236 Phila-

496 1267 582 1343 Fnit
602 1260 663 1336 hic
678 1255 892 1355 Pythagoras
909 1255 947 1324 in
962 1252 1069 1324 Samo
1086 1264 1190 1320 natus
1205 1265 1304 1341 patre
1318 1248 1483 1320 Mnesar·
1534 1249 1657 1349 delphi
1676 1253 1957 1344 flagitiosissimis
1971 1254 2195 1346 hominibus,
2219 1286 2259 1334 ac
2273 1266 2463 1357 praecipue
2476 1271 2521 1338 ab

495 1368 583 1455 cho,
609 1391 674 1437 avo
693 1355 908 1451 Euphrone,
932 1356 1046 1426 abavo
1065 1351 1224 1443 Hippaso
1242 1348 1481 1423 Phliasiorum
1534 1350 1705 1444 Evergete
1719 1353 1903 1445 Secundo,
1922 1383 2027 1453 quem
2049 1375 2086 1433 et
2099 1357 2308 1454 Phisconem
2332 1379 2367 1436 et
2386 1390 2522 1463 anasp-

352 1505 360 1526 κ
494 1468 680 1557 Principe,
705 1462 768 1554 qui
783 1458 940 1531 ¹reversis
963 1456 1002 1526 in
1016 1450 1303 1545 Peloponnesum
1321 1450 1481 1539 Heracli·
1533 1450 1645 1552 ye‘rqr
1666 1471 1857 1542 vocarunt,
1883 1475 1959 1531 tum
1985 1462 2030 1531 ab
2046 1463 2172 1534 exteris
2186 1466 2350 1555 gentibus
2367 1469 2520 1569 graviter
2594 1547 2596 1551 .

497 1573 571 1649 dia,
601 1563 767 1655 expulsus
795 1584 815 1630 a
837 1558 1000 1649 Regnida
1027 1568 1156 1646 nepote
1182 1553 1333 1623 Temeni
1363 1553 1482 1623 fratria
1535 1556 1674 1627 adflicta
1693 1557 1762 1628 fuit
1776 1554 2012 1647 Alexandria,
2034 1578 2139 1657 atque
2161 1565 2368 1658 imprimisa
2384 1565 2520 1640 Roma-

379 1667 382 1674 '
495 1662 727 1759 Cresphontis
751 1676 855 1755 atque
871 1652 1110 1731 Aristomachi
1133 1655 1288 1724 filiorum
1304 1653 1482 1738 Cleodaei,
1536 1657 1610 1741 nis,
1636 1680 1725 1751 quos
1747 1660 1911 1731 seditiose
1927 1665 2222 1737 tumultuantium
2238 1667 2381 1738 interae
2397 1693 2518 1759 regum

497 1767 654 1868 profugit
673 1765 710 1833 in
728 1762 885 1836 Samum.
935 1757 1049 1831 Debet
1070 1752 1155 1826 huic
1176 1769 1272 1845 grata
1296 1756 1483 1847 posteritas
1535 1758 1647 1828 libido
1669 1782 1709 1828 ac
1730 1760 1891 1846 lascivia,
1916 1778 1952 1833 et
1973 1767 2193 1837 contumacia
2213 1771 2386 1859 superbae,
2406 1775 2520 1861 gentis

496 1893 624 1962 magma
639 1892 678 1937 ex
695 1878 806 1957 parte,
832 1885 921 1956 quae
935 1862 979 1931 de
995 1856 1233 1929 differentium
1251 1880 1480 1927 numerorum
1534 1872 1710 1950 pertaesae
1738 1861 1930 1952 petulantis
1957 1866 2213 1938 dominationis
2238 1867 2520 1944 Ptolemaeorum

497 1989 531 2048 et
558 1968 714 2045 naturis,
746 1980 780 2035 ct
809 1964 979 2048 analogiis
1002 1960 1094 2030 miro
1116 1958 1259 2049 ingenio
1280 1958 1483 2048 excogitata,
1534 1955 1750 2041 attrahebat,
1783 1984 1858 2032 non
1886 1978 2004 2035 tamen
2035 1969 2142 2039 decus
2171 1965 2240 2041 hoc
2265 1972 2462 2045 studiorum
2485 1991 2519 2046 et

497 2090 602 2168 atque
624 2072 668 2139 ad
689 2090 774 2138 usus
791 2064 1003 2155 multiplices
1019 2060 1187 2131 varietate
1202 2058 1407 2128 admiranda
1424 2081 1481 2127 ac·
1535 2073 1783 2132 ornamentum
1811 2065 1940 2136 amisit.
2005 2066 2128 2162 Neque
2154 2084 2234 2163 post
2257 2068 2456 2146 Antonium
2486 2091 2518 2147 et

498 2173 736 2252 commodata,
758 2181 792 2237 et
806 2166 954 2235 firmiter
967 2189 1006 2233 ac
1021 2162 1134 2232 solide
1150 2162 1409 2243 demonstrata,
1433 2159 1482 2230 si·
1534 2159 1757 2253 Cleopatram
1779 2165 1824 2232 ad
1842 2162 1985 2261 Actium
2009 2171 2166 2242 devictus
2180 2168 2381 2263 Augustus,
2406 2200 2518 2271 neque

418 2321 422 2332 ι
497 2298 613 2370 neque
628 2270 739 2342 dubio
753 2272 797 2338 de
814 2262 987 2338 thesauris
1001 2262 1192 2354 sapientiae
1210 2256 1404 2354 Aegyptiae
1420 2262 1481 2329 de-
1535 2276 1615 2353 post
1636 2263 1808 2333 domitam
1830 2280 1865 2336 et
1880 2292 2112 2360 compressam
2130 2274 2271 2364 penitus
2285 2276 2455 2348 effrenem
2472 2279 2518 2347 li-

500 2388 680 2471 prompta,
705 2382 738 2440 et
754 2392 859 2460 opera
880 2366 1134 2457 discipulorum
1152 2377 1256 2454 atque
1272 2362 1482 2432 asseclarum
1535 2362 1685 2433 centiam
1708 2365 1822 2454 gentis
1839 2363 2050 2463 Aegyptiae,
2076 2387 2110 2444 et
2134 2375 2318 2465 abrogatas
2341 2377 2434 2467 leges
2456 2405 2516 2471 pa.

454 2552 457 2558 ,
500 2480 574 2550 eius
590 2478 769 2545 adservata
784 2472 828 2538 ad
843 2490 966 2536 manus
977 2479 1115 2536 nostras
1125 2476 1375 2554 pervenerunt.
1405 2457 1483 2532 Eu·
1535 2464 1620 2535 trias
1649 2479 1755 2558 atque
1786 2468 1958 2546 abolitum
1990 2474 2077 2541 anni
2104 2475 2370 2547 celebratissimi
2401 2504 2519 2571 usum,

500 2584 630 2651 doxum
646 2575 749 2644 etiam
765 2571 827 2665 qui
843 2568 1054 2639 octodterida
1065 2564 1211 2635 Graecis
1227 2563 1394 2647 instituit,
1421 2565 1482 2632 ad·
1534 2562 1779 2636 Diocletianus
1802 2571 2002 2642 studiorum
2025 2597 2165 2645 eorsum
2188 2577 2384 2670 impedivit.
2444 2579 2520 2651 fmo

499 2679 625 2773 aptatis
654 2677 760 2745 lunae
783 2670 973 2741 menstruis
995 2667 1149 2760 periodis
1172 2667 1217 2734 ad
1239 2665 1323 2734 solis
1345 2687 1483 2733 annuos
1525 2667 1663 2736 enituit
1682 2681 1801 2758 postea
1816 2673 1928 2762 magis
1942 2674 2122 2768 magisque
2135 2688 2240 2770 atque
2252 2680 2419 2751 inclaruit
2435 2679 2522 2751 Ale-

500 2780 668 2853 circuitus
688 2797 729 2843 ex
749 2774 835 2842 anni
858 2767 1025 2864 Aegyptii
1047 2768 1201 2846 ratione,
1232 2790 1312 2837 cum
1334 2763 1483 2835 Platone
1534 2768 1701 2853 xandria,
1724 2782 1847 2860 aucta,
1872 2774 1945 2844 imo
1968 2775 2128 2846 absoluta
2152 2777 2305 2864 ultimis,
2331 2806 2421 2874 quae
2438 2784 2522 2855 addi

501 2902 614 2954 annos
625 2875 792 2948 tredecim
805 2863 1257 2965 apudAegyptiasThebas,
1283 2864 1482 2961 quasDios·
1535 2881 1621 2939 tunc
1636 2883 1800 2961 poteraut
1812 2875 2070 2947 accessionibus
2084 2879 2175 2949 lucis
2190 2903 2231 2950 ac
2245 2883 2426 2953 doctrinae
2441 2908 2522 2955 coe-

501 2981 601 3077 polin
641 2990 760 3069 postea
791 2985 977 3057 vocarunt,
1026 2970 1265 3040 sacerdotibus
1297 2968 1483 3039 audiendis
1534 2969 1648 3054 lestis,
1681 2971 1781 3044 cuius
1810 2972 1849 3041 in
1880 2998 1920 3045 ea
1949 2979 2037 3047 urbe
2067 2980 2201 3049 semina
2230 2983 2366 3071 primus
2394 2988 2520 3074 sparsit

500 3080 666 3156 tribuisse
681 3076 809 3148 Strabo
833 3087 937 3145 autor
958 3086 1019 3145 est.
1069 3069 1261 3163 Postquam
1279 3094 1362 3138 vero
1379 3093 1482 3138 occu·
1536 3068 1678 3141 Marcus
1699 3069 1942 3163 Evangelista,
1970 3078 2053 3149 Divi
2074 3077 2172 3149 Petri
2193 3106 2235 3151 ex
2257 3070 2378 3155 sorore
2398 3110 2519 3179 nepos,

501 3199 580 3280 pata
595 3182 639 3251 ab
656 3176 860 3249 Alexandro
877 3170 1075 3270 Aegyptus,
1101 3173 1165 3242 illo
1180 3171 1352 3250 extincto,
1378 3183 1481 3239 etso-
1535 3195 1628 3242 unus
1650 3174 1870 3265 septuaginta
1891 3178 2147 3269 discipulorum
2160 3178 2313 3276 sschristi.
2364 3182 2411 3258 Et
2432 3188 2521 3259 fovit

500 3288 564 3360 ciis
593 3306 699 3375 regua
729 3279 885 3373 partitis,
917 3274 1246 3346 cessioPtotemaeo
1270 3271 1359 3361 Lagi
1389 3271 1482 3341 filius
1535 3275 1827 3367 consecravitque
1849 3280 2054 3372 disciplinas
2068 3306 2158 3374 pene
2173 3284 2212 3352 iu
2229 3288 2352 3356 eodem
2367 3303 2522 3361 retentas

499 3380 774 3475 Philadelphus,
812 3380 969 3472 neglecta
1007 3376 1256 3468 superstitione
1290 3373 1483 3469 Aegyptio-
1534 3375 1705 3466 vestigio,
1731 3384 1908 3472 usquead
1931 3381 2178 3456 Sarracenicos
2200 3402 2327 3464 motus.
2377 3385 2431 3460 Ex
2455 3387 2521 3462 bac

500 3513 581 3562 rum
606 3501 640 3557 et
662 3483 889 3572 collegiorum
911 3479 1119 3573 pervetustis
1134 3478 1263 3547 ritibus
1278 3499 1317 3546 ac
1332 3477 1481 3566 legibus,
1535 3479 1690 3569 profecta
1725 3493 1807 3550 sunt
1840 3484 1961 3553 omnia
1993 3487 2195 3557 liberalium
2224 3490 2354 3560 artium
2381 3513 2519 3581 genera,

502 3586 658 3662 scholam
679 3583 912 3654 Alexandriae
943 3581 1080 3673 aperuit
1107 3579 1301 3671 publicam,
1337 3601 1483 3671 eamque
1535 3578 1665 3671 quibus
1693 3583 1790 3649 nunc
1813 3581 1985 3665 fruimur,
2019 3582 2104 3655 haec
2125 3588 2233 3672 fovit,
2266 3593 2436 3678 excoluit,
2468 3608 2521 3666 aa.

502 3706 537 3763 et
559 3684 767 3781 conquisitis
784 3686 943 3779 undique
959 3681 1182 3774 collectisque
1198 3701 1325 3768 magno
1341 3692 1482 3768 sumptu
1536 3704 1604 3773 que
1640 3680 1792 3762 absolvit
1822 3705 1903 3751 vere
1933 3685 2054 3751 divina
2085 3682 2301 3771 Ptolemaei,
2352 3690 2522 3781 Theonis,

502 3787 881 3888 praestantissimorum
904 3799 1067 3856 autorum
1090 3781 1229 3874 scriptis
1251 3781 1289 3849 in
1308 3780 1406 3850 omni
1424 3803 1483 3868 ge·
1534 3779 1671 3864 Procli,
1702 3776 1833 3848 Galeui
1862 3798 1897 3853 et
1926 3783 2077 3851 aliorum
2103 3785 2341 3875 plurimorum
2365 3791 2519 3880 ingenia,

500 3916 585 3966 nere
607 3903 639 3961 et
662 3889 836 3960 accersitis
852 3885 1104 3978 conductisque
1121 3883 1376 3975 professoribus
1389 3880 1483 3973 opti·
1536 3905 1689 3973 quorum
1709 3880 1764 3949 illi
1776 3878 1974 3970 Mathesiu,
1997 3883 2056 3954 hie
2077 3898 2187 3954 artem
2207 3889 2378 3960 medicam
2398 3908 2517 3965 exacto

392 4073 395 4078 ,
503 4016 639 4066 marum
662 3992 813 4076 artium,
838 3990 887 4060 ita
911 3986 1077 4057 instruxit
1099 4000 1134 4058 et
1149 3985 1350 4068 exornavit,
1374 3997 1414 4055 ut
1430 3984 1484 4052 fa·
1536 3984 1654 4054 studio
1677 3982 1886 4072 descriptam
1910 3999 1945 4055 et
1967 3985 2205 4059 elaboratione
2226 4012 2363 4062 summa
2384 3995 2518 4085 expoli-

502 4097 570 4169 cile
592 4114 715 4162 omnes
736 4092 833 4162 orbis
853 4105 1027 4162 terrarum
1041 4087 1260 4181 frequentia,
1282 4085 1483 4157 celebritate
1536 4097 1607 4153 tam
1631 4084 1735 4154 nobis
1749 4084 1979 4179 reliquerunt.
2031 4085 2192 4159 Tandem
2209 4115 2287 4161 curn
2301 4088 2518 4167 Mahometi-

502 4192 659 4269 nominis
679 4216 719 4261 ac
741 4195 871 4274 famae,
897 4205 930 4263 ct
944 4191 1144 4263 studiorum
1162 4189 1325 4261 varietate
1340 4212 1484 4281 supera·
1537 4208 1597 4255 cus
1621 4188 1721 4256 furor
1742 4199 1915 4278 occupata·
1927 4210 2053 4277 magua
2071 4204 2169 4280 parte
2184 4187 2365 4286 Orientis,
2392 4198 2431 4267 in
2448 4196 2518 4269 Ae·

502 4303 560 4374 rit.
613 4293 669 4367 lbi
689 4295 833 4367 demum
850 4294 968 4362 amedi
982 4293 1268 4384 frequentarique
1285 4292 1482 4361 studiomm
1535 4301 1681 4381 gyptum
1699 4286 1803 4355 etiam
1821 4290 2045 4379 pervasisset,
2072 4302 2106 4360 et
2122 4289 2345 4366 sarracenica
2361 4302 2517 4390 potentia

501 4401 610 4492 gratia
633 4399 723 4492 cepit
743 4400 789 4470 ab
808 4394 974 4466 omuibus
988 4393 1162 4483 gentibus.
1214 4391 1299 4462 Fuit
1315 4387 1382 4462 hoc
1396 4387 1483 4460 Phi·
1537 4413 1649 4458 novae
1677 4390 1937 4480 superstitionis
1966 4413 2153 4482 progressu
2182 4396 2390 4488 amplificata
2417 4400 2519 4481 inva-

501 4497 659 4592 ladelpbi
683 4502 840 4574 studium
863 4520 991 4588 magno
1016 4493 1181 4584 Principe
1202 4492 1367 4580 dignum,
1399 4492 1483 4559 toti-
1537 4491 1657 4560 luisset
1663 4540 1676 4574 ‚
1704 4491 1812 4560 armis
1827 4490 2062 4562 Sarracenicis
2084 4508 2185 4587 capta
2207 4520 2247 4566 ac
2262 4500 2377 4571 deleta
2395 4497 2519 4574 Eccle·
2571 4490 2573 4494 ¹

501 4626 569 4697 que
601 4603 734 4692 profuit
762 4599 972 4693 posteritati.
1032 4592 1153 4683 Quare
1181 4592 1213 4661 ei
1236 4616 1315 4661 cum
1340 4605 1484 4682 propter
1524 4591 1609 4677 sine
1642 4606 1676 4663 et
1705 4594 1906 4663 studiorum
1936 4588 2167 4669 honestomm
2194 4599 2418 4674 domicilium
2446 4628 2519 4675 csse

500 4704 568 4772 alia
592 4714 667 4769 tum
685 4701 741 4770 vel
756 4697 824 4770 hoc
841 4700 985 4769 nomine
1001 4696 1186 4788 praecipue
1200 4692 1310 4781 gratia
1325 4692 1484 4775 debetur,
1536 4691 1651 4765 desiit.
1703 4692 1946 4766 Veruntamen
1970 4720 2015 4766 ne
2036 4710 2121 4768 tunc
2143 4699 2287 4792 quidem
2304 4704 2432 4776 excidit
2447 4705 2518 4776 Ae·

500 4803 596 4898 quod
605 4798 779 4869 Graecam
794 4800 898 4868 nobis
909 4820 1088 4870 sacromm
1096 4793 1298 4863 Bibliorum
1310 4792 1483 4882 interpre·
1536 4805 1662 4886 gyptus
1684 4796 1782 4863 omni
1797 4820 1858 4887 spe
1875 4799 2105 4889 recuperandi
2120 4801 2255 4871 decoris
2270 4803 2520 4896 antiquissimi,

499 4905 669 4975 tationem
692 4900 947 4994 suppeditavit,
978 4919 1083 4990 quam
1107 4893 1206 4964 missi
1228 4908 1351 4984 rogatu
1374 4892 1483 4984 ipsius
1537 4917 1739 4988 quanquam
1763 4910 1796 4966 et
1816 4899 1983 4971 servitute
2007 4900 2098 4971 tristi
2121 4926 2160 4972 ac
2181 4904 2351 4987 deformi,
2379 4920 2412 4978 et
2435 4907 2521 4977 bar-

500 5008 545 5077 ab
562 5001 730 5074 Eleazaro
745 5000 915 5073 Pontifice
932 4997 1256 5093 Hierosolymitauo
1273 4996 1483 5086 interpretes
1537 4996 1633 5065 barie
1660 5009 1751 5067 terra
1780 5023 1963 5091 oppressa,
1996 5003 2057 5072 sed
2087 5026 2167 5073 cum
2198 5006 2429 5078 deferbuisset
2454 5013 2520 5080 ali-

500 5107 719 5199 septuaginta
743 5106 981 5177 confecerunt.
1033 5094 1090 5172 Ab
1111 5094 1391 5172 Atheniensibus
1415 5091 1484 5168 αὐ·
1536 5101 1746 5191 quantulum
1769 5102 1944 5173 bellorum
1961 5105 2069 5172 ardor
2081 5118 2116 5175 et
2131 5106 2377 5179 consiluissent
2393 5113 2517 5202 strepi-

498 5202 673 5308 adypcrpo
694 5213 892 5299 poematum
910 5203 1060 5276 Homeri
1076 5219 1111 5276 et
1127 5198 1315 5295 Sophoclis
1332 5200 1483 5295 quinde-
1535 5212 1592 5270 tus
1612 5225 1810 5287 armorum,
1836 5228 1926 5296 quae
1949 5204 2087 5274 exclusa
2109 5207 2264 5279 motibus
2285 5210 2356 5280 alis
2380 5212 2516 5281 fueraut

498 5312 568 5382 cim
598 5309 738 5380 talentis
767 5309 871 5387 emit,
904 5331 1038 5401 suoque
1066 5305 1224 5395 exemplo
1249 5303 1483 5393 Pergamenos
1535 5303 1671 5389 studia,
1695 5316 1856 5373 revocata
1879 5303 1950 5372 coli
1969 5306 2088 5376 denuo
2111 5309 2237 5381 multis
2256 5309 2295 5380 iu
2315 5313 2402 5382 locis
2417 5336 2518 5405 cepe-

497 5436 595 5504 reges
615 5407 812 5483 Eumenem
834 5422 868 5477 et
890 5406 1050 5478 Attalum
1073 5407 1118 5476 ad
1139 5404 1317 5474 aemulum
1340 5408 1483 5495 compa·
1534 5417 1629 5473 runt.
1682 5402 1772 5473 Nam
1795 5418 1831 5475 et
1845 5399 2060 5476 Alexandria
2084 5406 2277 5483 instaurata
2293 5409 2520 5485 estauthori-
2560 5474 2562 5478 .

497 5516 630 5586 candae
653 5504 885 5583 bibliothecae
903 5508 1059 5577 studium
1076 5505 1302 5597 provocavit,
1327 5528 1396 5596 qua
1413 5503 1482 5572 nisi
1534 5516 1605 5573 tate
1636 5515 1670 5571 et
1699 5527 1805 5593 opera
1830 5502 2014 5575 Pontificis
2042 5509 2225 5581 cuiusdam
2248 5509 2337 5607 (suit
2360 5516 2457 5587 enim
2480 5517 2520 5586 in

497 5600 678 5687 Antonius
701 5609 887 5684 Triumvir
907 5604 1161 5679 Alexandriam
1191 5605 1359 5674 translata
1383 5628 1481 5673 com·
1534 5602 1710 5694 principio
1726 5602 1942 5675 Sarracenici
1962 5609 2060 5698 regni
2077 5609 2115 5678 iu
2129 5607 2290 5706 Aegypto
2304 5639 2413 5706 penes
2422 5603 2529 5690 Ponss

496 5729 694 5809 pensasset,
733 5713 832 5808 quod
862 5713 907 5783 de
935 5704 1179 5781 Alexandrina
1209 5728 1230 5777 a
1262 5703 1481 5779 Caemrimis
1533 5704 1660 5790 tibces,
1685 5726 1774 5798 quos
1793 5702 1961 5799 Caliphas
1984 5725 2174 5797 vocarunt,
2197 5735 2333 5786 summa
2354 5734 2521 5811 potestas,
