6025 6775
473 700 576 822 'oer
1231 789 1235 794 .
1271 723 1762 803 ntsrnrartonus
2118 728 2120 732 ⁴
2455 742 2535 826 533

503 919 575 1002 tin,
608 909 712 987 etiam
735 907 769 979 si
791 929 865 978 non
886 902 997 989 fallit,
1024 916 1143 974 tamen
1167 921 1242 970 non
1264 894 1373 973 habet
1394 901 1494 976 testi·
1544 902 1665 970 nando
1694 922 1769 968 non
1788 911 1963 992 repugnat
1985 915 2136 975 naturae
2162 904 2335 995 dominii,
2369 923 2410 983 ut
2429 913 2534 988 docet

504 1017 669 1091 monium
691 1009 773 1081 Dei.
1544 1000 1713 1073 Bartolus
1726 1000 1769 1072 L.
1785 1000 1950 1096 itaquis,
1974 1003 2020 1074 de
2034 1006 2230 1078 verborum
2245 1011 2534 1104 obligationibus.

384 1193 387 1198 ,
610 1113 768 1203 Quidam
784 1106 859 1178 sine
876 1103 946 1172 fine
968 1102 1182 1194 disputavit,
1206 1100 1270 1196 qui
1293 1112 1495 1174 contractus
1646 1099 1717 1173 Hic
1731 1115 1932 1176 contractus
1944 1102 2128 1177 dissimilis
2150 1122 2203 1180 est
2224 1125 2370 1200 mutuo,
2392 1116 2474 1209 quia
2493 1119 2534 1187 in

507 1224 581 1294 sint
595 1208 784 1309 probandi.
820 1203 944 1297 Neque
959 1204 1040 1274 finis
1055 1204 1151 1275 nllus
1166 1216 1216 1275 est
1229 1202 1358 1274 talium
1371 1203 1496 1297 dispn-
1544 1216 1672 1275 mutuo
1703 1203 1786 1277 licet
1813 1205 1914 1277 danti
1941 1219 2066 1279 mutuo
2097 1222 2258 1301 repetere
2278 1228 2435 1303 sortem,
2476 1213 2534 1288 hic

507 1320 703 1398 sationum,
742 1311 772 1381 si
795 1308 1039 1379 consideretur
1061 1329 1135 1376 non
1160 1306 1238 1392 lex,
1274 1306 1336 1378 sed
1368 1319 1496 1378 natura
1546 1304 1698 1399 emptori
1715 1329 1790 1376 non
1806 1306 1890 1378 licet
1904 1308 2091 1399 pecuniam
2105 1324 2275 1402 repetere.

510 1421 641 1518 operis,
1648 1405 1738 1477 Tres
1752 1409 1884 1501 species
1900 1421 2075 1501 ponemus
2095 1404 2201 1484 huius
2223 1428 2444 1507 contractus,
2472 1437 2538 1495 aut

612 1516 672 1591 Sic
704 1515 744 1583 in
772 1512 852 1584 aliis
882 1510 1004 1585 multis
1035 1507 1191 1599 negociis
1224 1507 1393 1602 pleraque
1422 1509 1497 1599 lege
1546 1508 1677 1579 emitur
1698 1523 1813 1579 certus
1835 1511 1990 1601 fundus,
2014 1525 2076 1582 aut
2096 1513 2182 1586 certi
2201 1516 2336 1589 fructus
2354 1519 2393 1589 in
2416 1523 2535 1594 fundo

509 1627 601 1696 iusta
618 1630 721 1703 sunt,
747 1612 886 1685 etiamsi
900 1612 991 1683 ratio
1005 1613 1049 1681 de
1063 1623 1188 1680 natura
1206 1610 1399 1702 praesentis
1413 1632 1497 1702 ope·
1545 1621 1642 1681 certo
1658 1632 1724 1700 pro
1737 1611 1982 1703 proportione.

510 1726 561 1796 ris
585 1721 690 1793 aliter
712 1717 865 1799 indicet,
897 1727 958 1799 ut,
988 1713 1084 1806 qnod
1107 1711 1373 1801 suspenduntur
1393 1712 1499 1796 fures,
1648 1709 1769 1783 Facile
1780 1711 1933 1783 iudicari
1948 1726 2084 1808 potest,
2107 1714 2149 1787 in
2163 1712 2226 1788 his·
2239 1720 2376 1793 duabus
2396 1725 2541 1818 specie-

512 1826 545 1904 si
561 1821 678 1915 operis
701 1834 827 1890 natura
843 1827 1077 1907 spectaretur,
1102 1810 1261 1881 infinitae
1278 1812 1499 1905 quaestiones
1546 1815 1614 1886 bus
1632 1834 1776 1905 prorsus
1789 1808 1884 1884 nihil
1898 1839 1972 1887 esse
1984 1816 2086 1904 vicii,
2112 1842 2194 1889 cunr
2208 1834 2301 1893 recte
2318 1841 2534 1900 concurrant

510 1925 712 1998 existerent.
768 1918 873 1989 Nunc
895 1915 1006 1986 iudici
1026 1912 1111 1982 satis
1136 1924 1208 1993 est,
1249 1912 1363 2004 legem
1387 1914 1500 2008 sequi,
1549 1916 1689 1999 omnia,
1737 1938 1828 2009 quae
1862 1918 2098 2011 requiruntur
2125 1919 2165 1990 in
2193 1923 2386 2016 emptione,
2433 1949 2534 1997 merx

507 2028 596 2122 quia
612 2024 710 2096 Deus
725 2018 898 2111 approbat
912 2015 1033 2085 civiles
1048 2011 1303 2086 ordinationes.
1548 2030 1660 2100 certa,
1686 2030 1822 2088 certum
1835 2018 2012 2110 precium,
2038 2044 2246 2095 consensus.

616 2124 696 2198 Hoc
727 2142 840 2191 unum
870 2116 1024 2211 pertinet
1055 2116 1099 2182 ad
1121 2110 1367 2204 Theologom,
1403 2114 1499 2208 qnod
1651 2115 1773 2189 Tertia
1798 2120 1927 2209 species
1951 2130 2023 2202 est,
2060 2145 2143 2191 cum
2173 2126 2306 2196 emitur
2333 2129 2465 2201 reditur
2490 2130 2534 2198 in

515 2231 594 2300 iam
615 2222 885 2300 admonuimus,
926 2216 1111 2287 ostendere
1141 2215 1238 2307 qnod
1263 2212 1500 2305 Evangelium
1549 2218 1726 2288 universis
1737 2219 1841 2290 bonis
1855 2219 2002 2291 alicuius
2017 2220 2193 2309 civitatis,
2219 2226 2284 2296 nbi
2300 2228 2422 2300 civitas
2438 2230 2536 2300 obli-

513 2328 688 2422 apprnbet
717 2333 917 2394 contractus
940 2315 1199 2388 consentientes
1223 2315 1376 2405 legibus,
1417 2318 1501 2410 quia
1550 2333 1629 2409 gata
1646 2333 1697 2389 est
1718 2321 1858 2393 actione
1876 2322 2073 2414 personali,
2103 2336 2139 2397 et
2160 2324 2237 2410 ius,
2271 2332 2370 2421 quod
2391 2343 2539 2403 vom-m,-

514 2430 687 2522 approbat
707 2424 830 2497 civiles
850 2420 1113 2501 ordinationes,
1146 2418 1237 2487 sicut
1259 2418 1303 2487 de
1324 2419 1501 2489 medicina
1550 2416 1610 2491 hic
1625 2444 1742 2508 merx,
1767 2447 1842 2492 non
1861 2424 2000 2494 videtur
2014 2422 2053 2492 in
2069 2437 2162 2497 certo
2178 2449 2330 2519 corpore
2344 2454 2431 2502 esse.

515 2511 708 2615 admonet,
727 2526 825 2621 quod
849 2523 952 2593 liceat
974 2520 1028 2592 uti
1051 2517 1217 2589 remediis
1243 2519 1336 2591 sicut
1359 2519 1438 2591 cibo
1461 2542 1500 2591 ac
1652 2520 1927 2595 Panormitanus
1959 2537 2078 2595 tamen
2106 2537 2140 2596 et
2167 2520 2260 2598 hanc
2281 2531 2430 2603 tertium
2454 2557 2537 2625 spe-

516 2649 614 2728 Ρῡῑΰ·
1550 2621 1639 2693 ciem
1655 2625 1839 2715 approbat,
1854 2648 1936 2695 cnm
1952 2625 2088 2720 inquit:
2111 2624 2400 2723 Sicuterqoquis
2416 2650 2538 2725 potest

619 2730 753 2821 Quales
771 2717 1018 2798 debeant'esse
1041 2732 1260 2804 contractus,
1292 2744 1367 2791 non
1389 2722 1502 2814 magis
1550 2746 1664 2794 emere
1688 2724 1800 2796 libere
1821 2738 1930 2798 totam
1951 2726 2216 2818 possessionem
2229 2729 2268 2799 in
2289 2724 2534 2826 ἐμφύτευσιν,

514 2837 559 2906 ad
584 2829 810 2920 Theolognm
837 2824 1005 2917 pertinet,
1042 2846 1149 2993 quam
1173 2821 1292 2917 qualia
1313 2818 1501 2915 pharmaca
1551 2826 1608 2894 vel
1634 2849 1751 2896 emere
1774 2850 1933 2897 annuum
1958 2828 2116 2899 reditum
2139 2828 2212 2899 iam
2232 2832 2460 2904 constitutum
2483 2839 2535 2907 ab

514 2937 668 3008 debeant
682 2934 720 3000 in
735 2927 884 3018 singulis
898 2925 1032 2995 morbis
1073 2924 1138 2996 ari.
1550 2927 1721 3021 antiquo,
1759 2927 1807 2999 ita
1827 2927 1965 2999 licitum
1988 2942 2040 3001 est
2061 2931 2106 2999 de
2130 2951 2227 3002 novo
2257 2932 2467 3008 constituere
2497 2951 2536 3008 et

618 3033 740 3126 ltaque
780 3053 855 3099 non
896 3041 947 3097 est
986 3025 1251 3097 concedendum
1292 3025 1502 3096 docentibus
1535 3050 1677 3104 ‘emere
1728 3026 1783 3101 De
1798 3029 1915 3100 usuris
1928 3053 2003 3123 cap.
2018 3030 2057 3099 in
2074 3030 2226 3106 civitate.
2519 3059 2522 3066 Δ

514 3134 772 3226 Evangelium,
797 3142 973 3201 utcontra
990 3128 1138 3199 usitatos
1154 3139 1355 3196 contractus
1371 3128 1414 3195 ad
1436 3151 1502 3217 po·
1653 3127 1700 3202 Et
1722 3156 1801 3202 cum
1819 3132 1874 3201 ius
1891 3145 2052 3224 oporteat
2072 3132 2113 3202 in
2134 3132 2256 3226 aliquo
2282 3159 2429 3229 corpore
2450 3160 2539 3225 csse,

514 3240 642 3331 pulum
669 3234 930 3317 vociferentur,
974 3232 1034 3300 sed
1066 3228 1284 3299 admonendi
1313 3241 1415 3312 sunt,
1461 3243 1502 3299 nt
1551 3246 1602 3304 est
1619 3227 1796 3302 ethicius
1813 3234 1851 3301 in
1867 3256 2024 3325 corpore.

513 3336 623 3413 huius
638 3338 690 3409 rei
705 3335 880 3408 iudicium
905 3333 949 3404 ad
972 3329 1197 3423 magistratus
1218 3343 1253 3399 et
1275 3329 1394 3401 forum
1417 3331 1500 3401 reii-
1651 3331 1700 3406 Ut
1715 3334 1841 3428 siquis
1858 3349 1951 3407 emat
1974 3336 2014 3406 in
2035 3335 2181 3412 alteriue
2200 3337 2307 3410 bonis
2329 3340 2537 3413 servitutem

514 3443 621 3521 ‘lania
1551 3436 1676 3524 agendi
1695 3435 1832 3508 itineris
1848 3459 2066 3529 peregrum,
2092 3439 2141 3511 ita
2163 3440 2203 3509 in
2227 3442 2335 3511 rebus
2355 3443 2441 3514 ratis
2458 3444 2537 3515 fru.

618 3554 801 3628 Praeclare
842 3549 931 3620 dixit
964 3543 1243 3631 Cameracensis,
1291 3541 1500 3616 Cavendum
1551 3537 1701 3608 ctificare
1715 3552 1829 3630 potest
1842 3541 2009 3611 constitui
2023 3541 2187 3627 servitus,
2203 3555 2244 3613 ut
2258 3565 2339 3634 pars
2354 3545 2536 3617 fructuum
2599 3611 2601 3615 ,

515 3683 607 3742 esse,
633 3681 679 3728 ne
706 3655 810 3727 facile
835 3649 1092 3743 pronunciatur
1112 3647 1293 3717 usurarios
1317 3670 1390 3717 esse
1414 3672 1500 3717 con.
1551 3641 1672 3710 redeat
1704 3642 1748 3709 ad
1781 3641 1947 3735 aliquem.
2007 3638 2056 3712 Et
2075 3638 2182 3712 huius
2206 3645 2387 3717 servitutis
2407 3669 2534 3740 corpus

513 3774 667 3843 tractus,
706 3757 790 3850 quia
821 3752 912 3821 varii
937 3761 1137 3820 contractus
1158 3749 1197 3817 in
1218 3748 1290 3818 vita
1315 3751 1501 3819 necessarii
1551 3740 1720 3810 constitui
1749 3755 1898 3832 possunt
1924 3743 2047 3813 omnia
2077 3743 2172 3814 bons
2196 3744 2346 3818 alicuius
2364 3769 2536 3840 personae

513 3874 621 3945 sunt,
648 3883 729 3929 cum
744 3857 816 3928 sint
832 3853 921 3922 iuris
935 3851 1108 3942 gentium.
1551 3854 1612 3912 aut
1626 3842 1901 3915 communitatis.
1985 3846 1987 3850 '
2162 3839 2169 3853 '

616 3978 688 4051 Sed
716 3973 825 4047 huius
848 3971 935 4043 dicti
958 3970 1049 4041 ratio
1070 3968 1225 4042 tenenda
1244 3980 1313 4054 est,
1346 3992 1392 4039 ne
1415 3993 1501 4040 con·
1653 3939 1811 4062 QUldJm
1833 3943 2050 4033 difffl‘lm‘ls
2075 3960 2111 4018 01
2132 3947 2173 4052 ln
2197 3972 2345 4042 persons
2367 3948 2534 4022 constitui

514 4081 659 4155 scientia
682 4079 907 4169 relinquatur
929 4074 1117 4164 ambigua,
1149 4070 1314 4143 videlicet
1336 4071 1416 4142 ideo
1440 4095 1502 4143 va·
1550 4065 1651 4134 P⁰⁵⁸⁰
1681 4046 1846 4115 r0d¹l¹¹¹¹b
1904 4042 2013 4133 0⁰⁰⁶.
2036 4047 2101 4118 ²²⁸5
2125 4052 2537 4143 ⁸¹1bfflll²¹df⁸t>¹¹m¹¹¹2

512 4187 586 4256 lere
621 4192 843 4262 contractus,
884 4176 967 4270 quia
996 4173 1093 4245 Deus
1124 4174 1296 4265 approbat
1326 4172 1501 4245 indicium
1551 4157 1670 4218 lamen
1688 4146 1801 4264 Pllcffl
1822 4141 1906 4233 1¹⁰⁶,
1931 4149 2027 4240 quod
2047 4146 2293 4225 lufilconsulfi
2313 4154 2459 4267 dpoepl,
2493 4155 2536 4269 in

513 4286 739 4379 magtmamg
756 4303 795 4351 π
812 4279 905 4369 lege,
922 4280 966 4348 (ιθ
982 4277 1147 4348 civilibus
1162 4274 1322 4366 negotiis,
1552 4248 1658 4318 rebus
1673 4249 1961 4319 constituendum
1976 4271 2050 4321 esse
2063 4254 2228 4336 reditum,
2253 4265 2292 4320 ut
2304 4249 2470 4322 videlieet
2486 4268 2535 4325 srt

1552 4349 1671 4444 aliqua
1687 4360 1780 4423 certa
1796 4372 1917 4434 merx,
1942 4365 1978 4422 ct
1992 4351 2048 4424 ius
2064 4353 2109 4428 sit
2124 4354 2163 4424 in
2179 4352 2297 4444 aliquo
2310 4373 2472 4443 corpore.

1657 4447 1782 4547 ltaque
1798 4465 1928 4524 comet
1942 4446 2002 4524 hic
2017 4454 2063 4528 sit
2080 4476 2195 4539 merx,
2225 4451 2392 4524 videlicet
2411 4453 2470 4523 ius
2492 4479 2536 4526 ex

1552 4550 1681 4624 alienis
1692 4553 1798 4624 bonis
1811 4554 2029 4648 percipiendi
2043 4555 2176 4626 fructus
2190 4552 2369 4645 precium,
2394 4567 2430 4626 et
2446 4580 2537 4628 con-

1551 4674 1692 4733 sensus,
1718 4656 1904 4746 probanda
1919 4670 1972 4728 est
1985 4671 2019 4730 et
2032 4651 2117 4725 haec
2132 4656 2238 4728 tertia
2254 4656 2396 4748 species.

1653 4751 1837 4827 Praeclare
1860 4757 1980 4852 inquit
2002 4754 2153 4843 Baldns,
2193 4753 2538 4830 hunc-contractum

1552 4852 1689 4925 licitum
1708 4879 1800 4943 esse,
1826 4858 1856 4929 si
1878 4853 2005 4930 babeat
2027 4859 2216 4954 aequitatis
2237 4860 2537 4952 recompensatio-

1550 4980 1631 5026 nem
1648 4970 1682 5027 et
1697 4961 1983 5051 proportionem,
2007 4983 2080 5053 cap.
2100 4963 2133 5033 1.
2152 4964 2195 5032 de
2213 4961 2458 5036 lureiurando.

784 5123 792 5140 .
1228 5117 1236 5134 .
1651 5057 1753 5132 Sicut
1767 5062 1877 5153 igitur
1891 5064 1930 5134 in
1945 5062 2025 5133 aliis
2039 5064 2279 5136 contractibus
2293 5066 2538 5136 conservanda

444 5194 453 5208 .
512 5124 655 5194 mend&
705 5123 749 5200 L·
765 5118 1054 5195 ”fundumffll
1071 5120 1208 5215 depae·
1226 5131 1321 5190 mm
1341 5134 1447 5212 ‘³¹9¹‘
1466 5136 1500 5194 Εἰ
1549 5173 1601 5232 est
1618 5165 1790 5255 aequitas,
1824 5165 1872 5236 ita
1896 5164 1935 5235 in
1957 5159 2026 5236 boc
2048 5179 2232 5239 contractu
2255 5166 2447 5236 videndum
2471 5179 2539 5249 est,

510 5225 645 5298 Vssssdst·
964 5338 973 5358 .
1033 5323 1036 5325 ,
1080 5335 1118 5356 ..
1460 5342 1469 5360 ι
1549 5276 1590 5334 ut
1617 5264 1773 5355 pericula
1804 5266 1936 5357 pariter
1964 5282 2256 5360 compensentur,
2296 5265 2458 5338 videlicet
2487 5289 2536 5334 ne

611 5338 705 5413 Cum
726 5353 844 5411 autem
867 5353 998 5432 emptio
1021 5339 1200 5428 legitimus
1221 5351 1421 5413 contractus
1441 5355 1498 5427 srt,
1549 5387 1674 5435 censu,
1690 5365 1866 5453 exigatur,
1891 5368 1923 5440 ,ἦ
1937 5369 2045 5462 periit
2059 5394 2202 5464 empus,

510 5444 689 5565 “quiinm's
715 5456 750 5558 {l
765 5435 861 5510 hunt
877 5451 1096 5554 ⁶⁰¹¹¹1³⁰l¹¹¹P
1119 5435 1319 5559 lfblfifflllm
1341 5464 1430 5529 “⁸03
1457 5444 1497 5563 {¹¹
1648 5459 1697 5535 Et
1713 5477 1830 5536 tamen
1847 5469 1886 5538 in
1901 5465 1959 5541 his
1974 5471 2114 5542 casibus
2129 5494 2270 5566 qunque
2292 5483 2333 5540 ut
2355 5471 2393 5538 in
2417 5469 2539 5539 omni-

508 5573 582 5643 q¹¹⁰
615 5553 883 5665 mendicum
910 5539 1180 5630 ‘fidflmlem'’
1245 5536 1287 5612 3¹
1307 5553 1427 5613 lamen
1451 5559 1497 5616 ⁸¹²
1548 5566 1615 5635 bus
1641 5568 1880 5643 contractibus
1911 5572 1989 5643 fieri
2018 5575 2143 5658 debet,
2184 5572 2342 5644 medium
2365 5572 2471 5643 debet
2494 5570 2537 5643 ἐν

498 5672 594 5723 md
613 5660 774 5740 θῐῐψῑῑθο,
1547 5657 1674 5739 πλάτει
1688 5669 1798 5749 sumi.

613 5763 720 5850 Etis,
745 5760 810 5858 qui
825 5758 923 5844 emit,
947 5753 1149 5828 dominium
1164 5760 1404 5853 consequitur,
1430 5767 1495 5837 etsi
1647 5770 1692 5840 ln
1708 5791 1865 5854 summa,
1892 5797 1974 5845 cum
1990 5769 2031 5844 bi
2047 5780 2250 5846 contractus¹
2264 5773 2334 5864 legi
2350 5773 2436 5846 iusti
2451 5776 2537 5859 sint,

511 5863 668 5939 alienare
697 5889 773 5952 non
800 5873 936 5957 potest,
968 5857 1051 5954 quia
1075 5871 1219 5954 pactum
1244 5860 1289 5972 de
1310 5884 1388 5933 non
1409 5864 1497 5938 alie-
1547 5882 1582 5942 et
1604 5865 1801 5954 Christiani
1823 5885 1908 5947 'tuto
1936 5874 2075 5965 legibus
2105 5888 2139 5948 et
2170 5874 2330 5969 politicis
2348 5875 2456 5948 rebus
2480 5876 2537 5948 uti

615 4401 849 4495 Magistratus
881 4409 1001 4468 autem
1032 4416 1108 4464 nnn
1130 4406 1269 4465 tantum
1294 4416 1403 4464 unam
1426 4397 1502 4465 ior-

512 4528 607 4580 msm
624 4516 825 4578 contractus
842 4500 882 4570 in
903 4496 1038 4590 specie,
1073 4507 1135 4564 ant
1157 4494 1313 4564 medium
1336 4495 1502 4565 indivisi-

513 4607 587 4675 bile
614 4606 809 4677 constituit.
876 4599 949 4672 Sed
980 4594 1089 4668 sumit
1117 4594 1277 4664 medium
1307 4593 1347 4667 tv
1374 4589 1502 4668 πλάτει

512 4705 609 4777 iuxta
624 4702 828 4796 probabiles
848 4702 1022 4784 rationes,
1047 4695 1145 4791 qnod
1166 4696 1212 4767 ad
1235 4716 1357 4785 pacem
1383 4709 1418 4767 et
1440 4720 1501 4768 so-

513 4804 673 4877 cietatem
703 4800 891 4872 bominum
922 4801 1085 4893 quadrat.
1152 4793 1290 4865 Verum
1321 4809 1374 4868 est
1402 4799 1499 4869 enim

478 4982 481 4986 ,
512 4905 622 4991 illud,
648 4897 916 4984 summumius,
941 4921 1078 4970 summa
1093 4896 1237 4971 iniuria.

613 5017 760 5115 Emptio
788 5042 862 5090 non
892 5014 1045 5086 eiciatur
1073 5037 1135 5107 per
1164 5027 1309 5112 pactum
1332 5015 1378 5086 de
1402 5019 1499 5090 redi-
