6025 6775
440 739 510 813 126

537 908 613 980 Nec
642 905 749 974 mella
771 903 946 972 offerenda
967 915 1068 987 sunt,
1100 904 1136 970 id
1158 918 1230 986 est,
1263 926 1335 992 nou
1358 903 1417 970 in-

438 1010 613 1080 flectenda
628 1020 680 1076 est
697 1004 850 1074 doctrina
867 1006 911 1072 ad
938 1003 1079 1092 plausus
1102 1003 1305 1094 populares,
1341 1026 1415 1071 non

438 1115 485 1181 ad
495 1108 697 1196 Principum
712 1118 768 1174 aut
781 1103 906 1194 populi
918 1104 1125 1194 cupiditates
1141 1105 1416 1192 attemperanda,

441 1233 520 1279 non
535 1223 605 1278 arte
617 1206 762 1273 fucanda
776 1217 860 1272 sunt
872 1206 1054 1292 dogmata,
1075 1221 1113 1275 ut
1131 1219 1251 1281 contra
1273 1216 1415 1272 senten-

443 1311 530 1381 tiam
543 1306 693 1373 divinam
709 1304 940 1376 blandiantur
956 1298 1130 1372 humanae
1151 1303 1302 1387 rationi,
1325 1305 1415 1372 sicut

445 1410 699 1486 Samosatenus,
725 1402 890 1475 Servetur
906 1419 939 1473 et
956 1405 1087 1473 similes
1103 1416 1335 1494 corruperunt
1349 1406 1414 1471 do·

441 1507 584 1578 ctrinam
600 1505 645 1572 de
660 1504 734 1572 lilio
742 1503 822 1576 Dei.
873 1504 953 1573 Non
969 1504 1162 1573 omittenda
1185 1518 1236 1573 est
1253 1504 1413 1572 doctrina

437 1610 478 1676 de
493 1605 728 1696 poenitentia,
754 1617 787 1674 et
801 1606 1039 1673 confirmanda
1063 1604 1229 1675 securitas
1247 1620 1281 1673 et
1303 1602 1414 1672 lieen-

435 1708 482 1778 tia
499 1705 598 1775 inani
612 1706 739 1774 umbra
758 1706 1046 1778 ceremoniarum.

537 1837 652 1909 Salem
670 1860 751 1904 vero
763 1837 863 1906 iubet
878 1837 960 1905 addi
980 1837 1147 1919 victimis,
1173 1831 1241 1905 hoc
1262 1847 1330 1918 est,
1355 1835 1413 1901 in-

436 1951 635 2030 corruptam
660 1937 877 2019 doctrinam,
900 1952 933 2007 et
956 1937 1203 2025 cogitationem
1230 1960 1346 2005 verarn
1368 1937 1412 2003 de

434 2041 530 2123 Deo,
562 2040 600 2106 in
626 2062 693 2129 qua
716 2035 857 2122 Timor,
889 2036 1013 2120 Fides,
1041 2036 1243 2126 lnvocatio,
1267 2033 1412 2105 Gratia-

435 2166 512 2208 rum
544 2140 635 2207 actio
664 2141 908 2209 accendantur.
970 2138 1097 2206 Procul
1129 2139 1340 2205 removenda
1361 2146 1412 2202 est

436 2242 545 2330 impia
575 2253 608 2308 et
638 2236 774 2307 etlrnica
802 2240 998 2327 persuasio,
1031 2263 1118 2330 quate
1140 2238 1263 2324 fingit,
1296 2235 1411 2303 Deum

435 2340 705 2410 mactationibus
731 2353 791 2408 aut
819 2342 971 2408 externis
998 2335 1296 2426 tragoediis-coti,
1335 2334 1410 2401 sine

435 2440 645 2528 cogitatione
664 2441 759 2507 vocis
781 2442 937 2524 divinae,
960 2439 1063 2526 Legis
1086 2452 1120 2505 et
1144 2432 1343 2523 Evangelii,
1377 2447 1409 2503 et

434 2544 512 2610 sine
529 2541 732 2609 ardentibus
756 2542 911 2610 motibus
934 2538 1061 2607 cordis.
1112 2534 1248 2605 Romae
1264 2536 1407 2629 quidam

435 2644 625 2731 imperator
651 2642 688 2709 in
712 2665 783 2709 uno
806 2640 975 2707 sacrificio
997 2651 1136 2708 centurn
1158 2650 1293 2721 tauros,
1325 2659 1408 2703 ceu·

435 2758 508 2811 tum
532 2743 667 2824 leones,
700 2754 734 2809 ct
759 2753 899 2807 centurn
922 2736 1057 2830 aquilas
1078 2737 1252 2809 mactavit.
1318 2733 1407 2803 'l'ale

434 2843 639 2912 sacrificium
654 2856 706 2908 εει
725 2840 839 2906 inanis
856 2823 1040 2908 osteirtatio
1055 2862 1181 2927 opum,
1211 2859 1300 2927 quae
1314 2834 1409 2900 mul·

435 2944 600 3033 tipliciter
624 2942 740 3007 irritat
765 2938 851 3006 iram
876 2936 953 3013 Dei.
1019 2937 1070 3010 lta
1091 2936 1188 3007 Deus
1208 2957 1280 3004 sese
1304 2933 1423 3019 nobis,

431 3041 666 3112 communicat
689 3052 822 3108 et'vere
843 3043 959 3124 adest,
985 3055 1018 3110 et
1036 3040 1148 3128 fulget
1169 3038 1208 3105 in
1230 3034 1408 3105 mentibus

432 3143 581 3219 nostris,
612 3162 688 3206 cum
712 3141 877 3208 excitatae
896 3154 1031 3208 mentes
1052 3163 1137 3206 voce
1159 3137 1280 3205 divina
1299 3158 1408 3221 agno-

433 3251 536 3307 scunt
558 3258 655 3314 eunt,
687 3237 775 3302 sicut
798 3258 831 3300 se
852 3238 1030 3322 patefecit,
1059 3238 1297 3304 erintuentur
1317 3256 1409 3314 eum,

431 3361 473 3405 ac
489 3336 525 3401 in
549 3331 641 3399 veris
662 3331 844 3401 doloribus
865 3335 910 3402 ad
935 3356 1015 3402 eurn
1036 3333 1263 3420 confugiunt,
1285 3342 1411 3420 petunt

427 3432 721 3535 gubernationem
737 3446 771 3501 ct
787 3436 972 3516 auxilium,
995 3447 1027 3503 et
1041 3431 1162 3503 inDeo
1176 3430 1410 3523 acquiescunt,
1423 3510 1426 3515 ¹

428 3546 560 3603 erectae
576 3555 659 3600 voce
673 3531 804 3601 divina.
850 3533 947 3601 Talis
962 3534 1125 3619 cogitatio
1140 3531 1320 3598 doctrinae
1336 3552 1408 3597 non

429 3632 583 3714 insulsa,
609 3656 682 3700 non
700 3632 870 3721 insipida,
897 3633 955 3701 sed
975 3633 1012 3696 in
1029 3630 1133 3696 corde
1155 3650 1257 3694 veros
1282 3641 1407 3708 motus,

430 3718 592 3827 pivores,
630 3732 787 3812 dolores,
821 3730 1004 3816 fiduciam,
1045 3726 1216 3796 laeticiam
1247 3725 1407 3808 miscens,

431 3837 510 3905 salis
530 3832 710 3901 mentione
733 3828 966 3918 significatur,
1007 3850 1112 3918 quam
1144 3824 1406 3914 interpretatio·

430 3960 509 4005 nem
524 3931 650 4002 vetusti
666 3931 755 4000 ritus
772 3930 877 3999 tradit
894 3928 987 3996 filius
1001 3924 1089 4010 Dei,
1116 3949 1195 3994 cum
1217 3925 1267 3992 ait
1290 3925 1327 3992 in
1349 3947 1406 4003 ca-

430 4032 622 4128 piteMarci
636 4055 750 4099 nono:
776 4029 857 4100 Non
870 4030 942 4097 sale
955 4041 1111 4110 tantum,
1131 4027 1190 4094 sed
1206 4025 1287 4112 igne
1301 4025 1406 4095 etiam

431 4158 501 4207 esse
523 4134 741 4204 condiendos
762 4131 909 4199 animos.
965 4126 1051 4197 Vult
1071 4148 1167 4196 acres
1190 4139 1224 4194 et
1245 4126 1408 4193 ardentes

430 4251 563 4319 motus,
589 4256 690 4304 veros
707 4232 865 4315 dolores,
889 4242 923 4299 et
938 4228 1108 4298 laeticiam
1125 4227 1162 4293 in
1173 4224 1248 4295 Deo
1263 4225 1407 4316 acquie-

430 4351 598 4419 scentem,
627 4335 724 4405 iuxta
751 4356 871 4401 vocem
894 4329 1050 4399 divinam
1072 4329 1110 4395 in
1131 4327 1237 4396 nobis
1256 4325 1406 4395 misceri.

430 4436 476 4510 Et
496 4460 613 4507 curam
635 4434 811 4505 retinendi
835 4431 916 4500 salis
940 4428 1045 4515 nobis
1068 4426 1307 4510 commendat,
1350 4427 1407 4492 in-

430 4541 569 4632 quiens:
603 4534 725 4605 Bonus
747 4547 797 4602 est
822 4531 890 4615 sal,
916 4527 1082 4601 Retinete
1104 4528 1143 4596 in
1163 4527 1266 4596 vobis
1288 4525 1407 4610 salem,

429 4656 462 4717 et
477 4640 551 4708 sitis
568 4639 660 4706 inter
679 4657 742 4702 vos
758 4630 959 4702 concordes.

511 4770 702 4861 Praecipua
716 4779 800 4836 sunt
815 4757 900 4831 baec
917 4761 1080 4830 mandata
1094 4761 1138 4828 de
1151 4757 1405 4847 gubernatione

430 4875 471 4939 iu
502 4868 673 4954 Ecclesia,
720 4867 873 4937 retinere
913 4861 1111 4932 doctrinam
1151 4852 1405 4948 incorruptam,

428 4981 525 5041 recte
541 4969 765 5052 intellectam,
787 4989 853 5035 nec
869 4964 1012 5036 turbare
1027 4983 1249 5040 consensum,
1269 4972 1336 5054 ¹aut
1350 4982 1405 5026 er-

426 5093 511 5142 rore
536 5066 677 5147 iudicii,
701 5081 762 5137 aut
781 5062 1048 5142 malevolentia,
1073 5061 1291 5143 ambitione,
1322 5059 1404 5128 odio

428 5188 464 5245 et
480 5170 562 5242 aliis
579 5166 696 5259 pravis
710 5166 879 5237 incendiis
893 5164 1106 5274 animorum.

528 5300 627 5390 Quid
642 5294 816 5368 Ecclesiae
827 5297 939 5366 maius
955 5307 987 5365 et
1002 5294 1131 5364 melius
1145 5305 1266 5383 optare
1281 5314 1405 5383 possu-

429 5429 523 5486 mus,
549 5426 654 5496 quam
673 5411 712 5469 ut
729 5393 900 5465 haecduo
920 5393 1057 5465 habeat.
1113 5394 1248 5472 Salem,
1283 5393 1404 5478 idest,

428 5507 549 5577 indicii
579 5498 846 5577 rectitudinem,
878 5491 972 5564 iuxta
998 5518 1119 5563 vocem
1150 5494 1331 5581 divinam,
1369 5507 1404 5565 ει

428 5605 663 5679 concordiam.
734 5595 817 5666 Non
851 5591 927 5661 sine
959 5593 1126 5681 singulari
1159 5607 1261 5664 motu
1291 5594 1402 5662 animi

428 5710 626 5777 dictumest
642 5727 661 5772 a
675 5700 748 5769 filio
766 5691 849 5765 Dei:
871 5690 994 5761 Bonus
1015 5705 1064 5764 est
1077 5695 1154 5778 sal,
1178 5695 1277 5787 quasi
1292 5695 1401 5764 dicat:

427 5809 556 5895 lugens
576 5805 709 5875 bonum
723 5812 776 5871 est
790 5794 952 5874 doctrina
964 5792 1101 5887 prolata
1114 5817 1157 5891 er
1172 5794 1253 5867 sinu
1270 5795 1401 5869 aeterni
1420 5868 1428 5894 .

963 730 1152 853 'DECL.
1192 729 1264 805 DE
1303 726 1537 807 SALlNlS
1566 731 1894 810 SAXONlClS.

2371 752 2444 823 126

1465 904 1591 993 patris,
1619 927 1688 998 qua
1711 924 1746 972 se
1761 904 1854 975 Deus
1872 909 2028 997 patefecit
2041 906 2197 983 humano
2209 915 2347 1002 generi,
2373 941 2442 1009 qua

1464 1005 1616 1074 restituit
1638 1018 1820 1075 ,aeternam
1848 1008 2021 1077 iusticiam
2046 1026 2080 1081 et
2102 1014 2227 1098 vitam,
2264 1017 2322 1085 sed
2349 1031 2443 1087 recte

1464 1104 1691 1193 intelligenda
1716 1119 1783 1188 est,
1816 1130 1891 1175 non
1913 1111 2124 1182 misceantur
2145 1120 2274 1183 sordes.
2337 1114 2440 1185 Hanc

1463 1203 1621 1274 divinam
1647 1206 1925 1275 admonitionem
1954 1226 1986 1279 et
2017 1235 2078 1280 vos
2105 1214 2283 1283 auditores
2305 1215 2441 1304 infigite

1462 1303 1608 1381 animis,
1632 1318 1665 1372 et
1683 1306 1782 1374 vobis
1798 1331 1938 1399 quoque
1953 1312 2157 1381 concionari
2171 1314 2282 1382 fitium
2289 1313 2356 1384 Dei
2370 1316 2440 1385 sci-

1463 1417 1545 1477 tote.
1597 1401 1760 1474 Retinete
1776 1407 1884 1474 salem
1901 1421 1935 1477 ει
1949 1413 2182 1483 concordiam.

1563 1500 1612 1573 Et
1628 1502 1758 1574 Paulus
1780 1506 1910 1597 inquit:
1937 1506 1991 1577 Sit
2006 1532 2119 1579 sermo
2136 1525 2249 1583 vester
2263 1516 2334 1585 sale
2351 1540 2437 1587 cun-

1462 1606 1575 1687 ditus,
1599 1605 1645 1673 sit
1666 1619 1826 1695 sumptus
1842 1631 1881 1674 ex
1901 1610 2080 1677 doctrinae
2095 1611 2269 1696 fontibus,
2291 1628 2325 1686 et
2340 1640 2437 1685 acce.

1461 1706 1522 1773 dat
1549 1705 1671 1772 iudicii
1702 1706 1885 1775 rectitudo.
1947 1707 2184 1778 Consideretis
2209 1715 2295 1803 quid
2325 1718 2438 1784 causis

1462 1804 1667 1893 conveniat,
1699 1807 1783 1896 quid
1800 1808 1964 1876 sanandis
1981 1810 2166 1877 animabus
2184 1813 2304 1899 prosit.
2354 1813 2437 1883 Non

1460 1904 1663 1974 sireni-dida
1686 1919 1719 1973 et
1740 1905 1852 1973 futilis
1870 1909 2066 1993 garrulitas.
2118 1908 2198 1977 Non
2223 1912 2338 1994 falsis,
2363 1937 2437 1982 non

1462 2005 1614 2087 insulsis,
1638 2028 1710 2070 non
1726 2006 1933 2092 prodigiosis
1949 2008 2131 2095 paradoxis
2146 2007 2439 2081 turbanteEccle-

1461 2107 1566 2188 siam,
1604 2104 1694 2171 sicut
1714 2119 1794 2172 ante
1818 2130 1944 2193 paucos
1970 2131 2081 2176 annos
2102 2109 2244 2198 quidam
2268 2112 2438 2202 impostor

1462 2208 1633 2293 paradoxa
1651 2204 1781 2302 edidit,
1808 2206 1990 2296 inquibus
2012 2221 2044 2275 et
2067 2202 2151 2274 haec
2176 2225 2291 2295 erant,
2323 2214 2438 2281 insul·

1459 2305 1593 2375 sissime
1614 2329 1654 2371 ex
1671 2295 1869 2373 Stoicorum
1895 2310 2031 2397 porticu
2056 2308 2093 2373 in
2107 2304 2297 2378 Ecclesiam
2323 2325 2437 2380 trans-

1459 2419 1573 2476 vecta:
1603 2401 1735 2473 Omnia
1759 2402 1897 2495 peccata
1919 2410 2016 2497 paria
2038 2432 2127 2493 esse,
2154 2404 2286 2479 Omnia
2307 2411 2436 2484 scelera

1462 2505 1654 2575 necessario
1672 2506 1765 2588 fieri,
1792 2521 1854 2574 etc.

1560 2604 1629 2674 Sed
1659 2607 1784 2673 omitto
1818 2604 1908 2674 barte
1938 2609 2248 2683 enumerationem.
2300 2605 2433 2682 Cultor*

1459 2730 1555 2774 resco
1579 2705 1672 2773 enirn
1696 2706 1856 2793 cogitans·
1875 2721 1907 2774 et
1927 2707 2062 2777 furores
2078 2710 2180 2794 istos,
2203 2724 2237 2781 ει
2250 2733 2436 2781 aerumnas

1457 2802 1644 2872 Ecclesiae.
1710 2804 1783 2874 Nec
1804 2810 1847 2876 de
1867 2807 1939 2877 sale
1961 2808 2091 2879 dicenti
2112 2813 2277 2882 convenit
2305 2812 2436 2881 insulse

1459 2904 1551 2971 dicta
1573 2904 1763 2970 cumulare.

1560 2995 1699 3071 Omitto
1716 3000 1840 3082 etiam,
1870 3018 2015 3090 propter
2039 3009 2205 3095 temporis
2228 3012 2438 3097 angustiam,

1459 3127 1496 3172 ea
1515 3124 1605 3195 quae
1622 3103 1665 3171 de
1679 3101 1825 3189 figurate
1840 3100 1960 3182 dictis,
1988 3127 2075 3192 quae
2084 3104 2201 3171 Latini
2217 3108 2303 3173 sales
2318 3111 2436 3178 nomi-

1459 3215 1646 3285 naverunt,
1661 3197 1720 3268 hic
1733 3200 1817 3266 addi
1832 3209 2004 3288 poterant,
2020 3201 2081 3291 qui
2094 3202 2142 3271 sic
2157 3204 2330 3273 nominati
2345 3221 2437 3290 sunt,

1460 3301 1543 3392 quia
1564 3313 1648 3368 sunt
1670 3299 1767 3367 velut
1788 3298 2009 3369 condimenta
2028 3302 2217 3387 sermonis,
2243 3317 2277 3373 et
2294 3320 2437 3398 propter

1460 3401 1651 3489 figurarum
1667 3412 1884 3468 venustatem
1897 3414 1981 3468 sunt
1995 3402 2146 3471 acriores
2168 3404 2437 3491 admonitiones,

1460 3515 1493 3570 et
1524 3499 1629 3566 altius
1655 3510 1842 3587 penetrant
1867 3499 1906 3565 in
1928 3500 2075 3574 animos.
2134 3501 2317 3575 Delectant
2339 3506 2435 3577 enirn

1458 3599 1608 3694 figurae,
1634 3597 1717 3689 quia
1739 3598 1879 3667 collatio
1895 3594 2019 3667 'rerum
2041 3617 2122 3692 apta
2143 3626 2205 3672 oeu
2221 3605 2355 3692 pictura
2372 3621 2437 3691 est,

1457 3709 1491 3765 et
1509 3707 1607 3785 grata
1622 3709 1672 3765 est
1688 3699 1821 3786 ingenii
1841 3700 1998 3768 celeritas
2022 3701 2060 3767 in
2083 3703 2350 3787 collationibus,
2375 3722 2436 3776 aut

1457 3797 1494 3864 in
1511 3796 1623 3866 causis
1637 3800 1826 3871 mutandis.

1559 3893 1656 3983 Quid
1674 3899 1789 3986 potuit
1804 3899 1948 3987 cogitari
1962 3903 2140 3973 venustius
2149 3902 2315 3975 Demadis
2329 3911 2436 3994 dicto,

1458 4018 1539 4065 enm
1555 3996 1636 4064 ait:·
1646 3993 1847 4066 Alexandro
1864 4013 2003 4069 mortuo
2028 4006 2216 4074 exercitum
2238 4007 2313 4079 eiu-s
2335 4011 2434 4081 simi-

1457 4096 1528 4164 lem
1544 4118 1617 4163 esse
1631 4092 1778 4189 Cyclopi
1793 4099 1918 4166 effosso
1932 4102 2063 4169 oculo?
2269 4109 2271 4114 '

1523 4211 1529 4223 ’
1558 4193 1656 4264 Salsa
1673 4191 1898 4284 reprehensio
1912 4198 1979 4266 luit
1995 4197 2218 4292 Principum,
2243 4230 2321 4275 cum
2337 4205 2434 4277 Rosa

1457 4291 1695 4362 Maximiliani
1710 4295 1811 4362 miles
1828 4295 1866 4362 in
1882 4296 1966 4365 ludo
1982 4312 2103 4368 nactus
2120 4305 2209 4372 duos
2233 4301 2434 4375 chartaceos

1458 4414 1575 4482 reges,
1603 4390 1852 4483 interrogaret,
1877 4420 1923 4464 an
1945 4400 2129 4487 pecuniam
2145 4403 2366 4490 universam,
2389 4407 2434 4475 de

1457 4517 1527 4588 qua
1541 4493 1746 4580 ludebatur,
1771 4498 1908 4565 auferre
1931 4498 2073 4570 deberet
2093 4501 2140 4585 is,
2165 4503 2228 4594 qui
2246 4516 2315 4572 tres
2336 4526 2433 4593 reges

1457 4589 1620 4677 haberet,
1657 4606 1691 4664 et
1715 4596 1967 4666 assentirentur
1987 4596 2168 4691 Principes
2188 4602 2238 4671 ihi
2262 4604 2434 4692 ludentes,

1456 4707 1531 4766 tum
1563 4690 1659 4764 Rosa
1699 4697 1901 4788 complexus
1931 4695 2217 4770 Maximilianum
2249 4717 2433 4792 astantem,

1455 4793 1611 4865 ostendit
1624 4795 1713 4865 duos
1730 4791 1931 4867 chartaceos
1948 4820 2063 4886 reges,
2089 4814 2124 4872 et
2137 4816 2336 4874 monstrans
2349 4803 2433 4876 Ma-

1454 4894 1696 4980 ximilianum‚
1723 4891 1800 4980 hie,
1823 4897 1957 4987 inquit,
1991 4898 2112 4968 tertius
2136 4915 2198 4976 est.
2257 4902 2315 4972 Sic
2335 4906 2432 4976 enirn

1455 4996 1488 5064 ei
1510 4995 1776 5085 obtemperatis,
1813 5006 1855 5063 ut
1873 4990 2074 5068 chartaceis.
2132 4999 2191 5069 Sic
2211 5004 2337 5074 emisso
2360 5009 2432 5078 telo

1453 5095 1640 5187 pecuniam
1657 5094 1813 5168 abstulit.
1849 5092 1969 5165 Licuit
1981 5077 2049 5166 hoe
2058 5095 2195 5183 Prosae,
2217 5104 2283 5172 etsi
2298 5106 2343 5176 ab
2358 5107 2433 5177 alio

1455 5196 1635 5264 videretur
1647 5194 1829 5263 scurrilius
1845 5193 1990 5265 dictum.

1555 5291 1626 5364 Sed
1644 5294 1794 5364 libenter
1816 5289 1910 5363 banc
1933 5309 2068 5384 partem
2092 5300 2261 5373 orationis
2282 5306 2328 5374 de
2346 5308 2432 5378 sali-

1452 5394 1521 5464 bus
1532 5394 1706 5487 relinquo.
1756 5391 1806 5465 Ut
1819 5395 1914 5462 enirn
1927 5394 2093 5468 laudatur
2112 5402 2163 5470 sal
2181 5405 2315 5491 patriae
2332 5429 2431 5475 meae

1452 5508 1597 5586 propter
1618 5495 1823 5576 candorem,
1852 5496 1902 5564 ita
1931 5510 1966 5566 et
1995 5519 2061 5586 ego
2089 5503 2240 5573 candido
2272 5506 2343 5572 sale
2366 5507 2429 5573 de-

1451 5597 1574 5666 lector.
1634 5592 1781 5679 Atrum,
1814 5596 1876 5763 glui
1897 5593 2013 5666 Momi
2038 5620 2111 5668 esse
2133 5603 2281 5683 dicitur,
2314 5614 2429 5671 totum

1452 5696 1618 5789 relinquo
1644 5696 1794 5767 rabiosis
1847 5696 2036 5790 ypocritis,
2081 5700 2142 5791 qni
2176 5699 2367 5768 ambitione
2393 5720 2431 5776 et

1452 5796 1544 5869 odiis
1561 5798 1655 5870 inter
1669 5820 1743 5871 sese
1761 5808 1913 5882 certant,
1938 5819 2017 5868 cum
2034 5797 2188 5888 pernicie
2201 5795 2356 5889 publica.
