6025 6775
518 630 680 752 619Η

1287 610 1775 718 nrsrurarrouss

2462 613 2561 716 'aaa‘

519 803 661 886 ficator,
692 793 742 864 sic
765 793 809 862 ad
824 750 939 862 Deum
956 787 1191 858 accedendum
1208 808 1301 866 esse,
1327 759 1506 875 agnitione
1556 798 1655 856 mant
1675 786 1826 879 impium
1850 788 1977 881 dogma
2000 792 2046 864 de
2063 792 2298 875 dubitatione.
2348 801 2544 884 Noncecte

520 899 670 991 gratiae,
695 897 822 977 idest,
847 891 1018 981 gratuitae
1041 887 1302 959 misericordiae
1323 901 1418 1006 certo
1440 889 1506 956 do-

522 1014 625 1072 natae
646 1010 791 1090 propter
812 992 1017 1062 mediatoris
1033 991 1270 1062 obedientiam
1288 1000 1323 1058 et
1336 1001 1505 1060 interces-

429 1094 439 1119 ⁸
523 1103 672 1172 sionem.
724 1094 820 1165 llaec
841 1116 922 1164 vera
947 1091 1140 1163 consolatio
1155 1113 1293 1183 semper
1307 1089 1506 1208 praeluceat

521 1198 757 1282 invocationi,
792 1219 856 1266 nec
886 1195 1059 1266 obruatur
1087 1193 1196 1286 impia
1218 1190 1379 1263 doctrina
1399 1188 1506 1281 Papr-

423 1339 429 1352 ··
522 1320 653 1377 starum
676 1313 709 1368 et
732 1297 873 1369 concilii
888 1295 1112 1375 Tridentini,
1140 1317 1228 1387 quae
1244 1293 1344 1363 iubet
1358 1314 1507 1362 convec-

522 1429 579 1476 sos
608 1402 788 1485 dubitare,
818 1423 868 1468 an
894 1398 966 1466 sint
986 1397 1025 1464 in
1049 1393 1177 1486 gratia,
1210 1416 1276 1463 nec
1299 1393 1508 1510 obscuretur

521 1500 833 1577 Euthusiastarum
875 1512 910 1566 et
947 1494 1258 1586 Anabaptistarum
1299 1493 1506 1586 praestigiis,

521 1607 585 1708 qui
616 1588 740 1675 iubent
767 1615 804 1670 te
833 1598 987 1689 aspicere
1015 1597 1228 1682 novitatem,
1261 1608 1296 1667 et
1325 1594 1508 1666 abducunt

520 1721 656 1779 mentes
671 1728 691 1775 a
707 1712 896 1792 conspectu
912 1697 1126 1767 mediatoris.

623 1820 685 1895 37.
715 1815 945 1889 Manifestum
967 1829 1037 1899 est,
1063 1838 1142 1883 cum
1160 1809 1292 1884 Paulus
1310 1812 1378 1901 ait:
1405 1812 1507 1885 iusti-

432 1981 435 1989 .
520 1928 668 1996 beamur
687 1921 775 2003 fide,
799 1918 840 1986 in
855 1916 962 1985 verbo
977 1914 1235 1988 iustificationis
1251 1939 1332 1985 eum
1347 1938 1508 2005 compre-

520 2023 676 2097 hendere
701 2016 794 2089 hanc
815 2017 1043 2102 relationem,
1084 2016 1239 2107 accipere
1262 2015 1506 2087 remissionem

519 2142 555 2199 et
576 2119 907 2197 reconciliationem.
958 2116 1098 2189 Deinde
1119 2142 1210 2211 quae
1228 2117 1447 2199 obedientia,
1473 2131 1507 2235 et

520 2227 701 2324 quomodo
715 2205 874 2314 placeat,
898 2231 934 2291 et
952 2220 1158 2292 nominetur
1176 2220 1311 2291 iustitia
1327 2231 1361 2289 et
1375 2232 1507 2289 sancts-

520 2343 591 2410 tas,
613 2349 676 2397 suo
692 2325 771 2396 loco
788 2323 928 2393 dicitur.

619 2444 681 2519 88.
722 2438 804 2534 lpsa
824 2439 976 2533 symboli
998 2438 1174 2509 recitatio:
1206 2435 1321 2509 Credo
1345 2461 1418 2508 esse
1437 2434 1506 2509 Ec-

519 2547 661 2617 clesiam
683 2556 838 2615 sanctam
860 2535 1090 2621 catholicam,
1118 2550 1263 2610 testatur
1282 2552 1505 2630 praeceptum

519 2646 587 2719 Dei
610 2669 700 2729 esse,
726 2658 766 2714 ut
787 2663 1013 2736 quaeramus,
1039 2664 1129 2733 qnae
1149 2653 1184 2710 et
1204 2640 1267 2710 ubi
1283 2639 1327 2711 sit
1342 2663 1424 2710 vera
1439 2637 1506 2709 Dei

519 2748 697 2833 Ecclesia,
722 2759 758 2816 et
777 2758 818 2815 ut
840 2742 971 2832 singuli
994 2764 1031 2811 se
1052 2743 1095 2810 ad
1119 2765 1194 2814 eam
1216 2740 1411 2831 adiungant
1425 2740 1506 2821 fide,

520 2849 765 2933 invocatione,
790 2843 1010 2914 confessione
1024 2856 1058 2913 ct
1072 2842 1284 2927 dilectione,
1310 2843 1406 2913 iuxta
1421 2837 1506 2912 haec

519 2951 631 3036 dicta,
662 2942 879 3018 Psalm.25.:
913 2940 991 3015 Odi
1011 2939 1206 3014 Ecclesiam
1224 2944 1505 3032 malignantium,

478 3065 495 3089 '¹
518 3052 747 3124 circumdabo
763 3049 872 3118 altare
888 3059 989 3118 tuum
1004 3041 1169 3118 Domine.
1220 3041 1270 3116 Et
1283 3043 1412 3118 Psalm.
1425 3042 1503 3116 26.;

516 3153 639 3227 Unum
655 3152 741 3245 petii
758 3174 778 3221 a
793 3147 962 3232 Domino,
990 3142 1058 3216 hoc
1075 3146 1267 3239 requiram,
1292 3158 1332 3214 ut
1349 3140 1504 3214 habitem

516 3258 555 3326 in
591 3257 698 3325 domo
727 3251 876 3324 Domini
908 3248 1075 3319 omnibus
1111 3248 1236 3317 diebus
1270 3243 1360 3314 vitae
1394 3268 1503 3314 meae.

517 3355 610 3427 Psal.
624 3356 702 3429 bb:
727 3351 829 3425 Beati
843 3351 906 3444 qui
920 3346 1082 3420 habitant
1093 3347 1254 3429 indomo
1269 3359 1327 3417 tua
1345 3344 1503 3428 Domini,

518 3458 557 3525 in
580 3455 677 3527 atriis
697 3457 824 3525 domus
839 3451 907 3523 Dei
922 3451 1033 3520 nostri
1050 3450 1239 3520 florebunt.
1292 3448 1384 3522 Psal.
1404 3452 1502 3522 1at.:

516 3553 654 3647 Rogare
669 3577 758 3648 quae
772 3555 817 3624 ad
834 3576 954 3645 pacem
970 3564 1053 3620 sunt
1071 3550 1271 3621 lerusalem.

618 3687 680 3761 59.
715 3682 780 3757 Est
800 3698 919 3756 autem
942 3704 1024 3751 vera
1040 3677 1196 3752 Ecclesia
1212 3684 1364 3754 visibilis
1382 3685 1420 3753 in
1437 3681 1503 3776 hac

516 3795 611 3873 vita,
639 3801 758 3860 coetus
775 3783 1062 3878 amplectentium
1081 3782 1323 3875 incorruptam
1339 3782 1503 3875 Evange-

517 3894 560 3966 lii
589 3891 807 3976 doctrinam,
846 3898 940 3956 recte
966 3883 1143 3956 utentium
1175 3883 1430 3971 sacramentis,
1464 3889 1502 3956 in

517 4018 588 4089 quo
604 3993 697 4063 filius
709 3988 775 4061 Dei
793 4011 858 4082 per
872 3985 1106 4056 ministerium
1116 3983 1300 4076 Evangelii
1315 4000 1366 4058 est
1384 3989 1503 4058 efficax

516 4109 551 4169 et
571 4094 703 4169 multos
725 4101 925 4181 regenerat,
950 4100 984 4160 et
1002 4087 1086 4158 facit
1101 4082 1269 4158 haeredes
1285 4089 1376 4160 vitae
1391 4103 1504 4160 aeter-

514 4190 592 4271 nae.
643 4192 692 4268 Et
712 4193 855 4265 suntin
878 4213 919 4261 co
941 4203 1041 4260 coetu
1066 4189 1171 4262 multi
1193 4214 1266 4260 non
1285 4191 1416 4279 sancti,
1441 4193 1502 4263 sed

515 4314 635 4371 tamen
650 4299 694 4369 de
709 4294 872 4368 doctrina
884 4290 1156 4362 consentientes.

615 4414 676 4488 40.
720 4414 804 4487 Non
825 4411 1008 4507 loquimur
1028 4410 1073 4479 de
1092 4405 1268 4496 Ecclesia,
1299 4425 1339 4483 ut
1359 4414 1403 4482 de
1423 4413 1502 4484 idea

515 4518 717 4602 Platonica,
743 4519 805 4586 sed
826 4525 1064 4586 monstramus
1084 4533 1181 4597 eam,
1204 4535 1294 4604 quae
1314 4526 1350 4582 et
1363 4515 1427 4582 ubi
1444 4515 1489 4585 sit

517 4632 551 4690 et
571 4621 669 4706 signa
688 4640 763 4685 non
777 4616 916 4687 fallacia
932 4612 1170 4696 ostendimus,
1195 4626 1237 4683 ut
1250 4612 1404 4683 discerni
1421 4639 1501 4700 vera

459 4778 461 4790 ,
515 4717 673 4791 Ecclesia
700 4719 746 4786 ab
774 4717 853 4785 aliis
882 4712 1215 4804 congregationibus
1243 4714 1372 4804 possit,
1414 4739 1502 4808 quae

515 4832 600 4893 sunt
629 4814 747 4889 hostes
778 4838 880 4885 verae
910 4815 1102 4884 doctrinae.
1169 4812 1308 4887 Recens
1337 4813 1502 4886 Bavarici

515 4904 706 5015 Episcopi,
733 4930 768 4989 ct
787 4915 850 4988 atti
869 4915 956 4986 alibi
973 4917 1066 5006 leges
1080 4916 1251 5006 sanguine
1266 4917 1412 5009 scriptas
1426 4919 1503 4988 edi·

1549 4944 1774 5035 χειροτονεῖν
1803 4938 1922 5040 πάσης

1557 888 1703 972 docent,
1728 912 1818 980 quae
1840 914 1945 981 opera
1969 893 2040 965 sint
2067 897 2184 970 cultus
2198 897 2286 983 Dei,
2309 916 2344 974 et
2361 915 2542 999 quomodo

1557 985 1817 1080 placeantDco:
1838 991 1978 1081 fingunt
1987 989 2150 1068 homines
2159 1024 2262 1091 posse
2274 1002 2460 1080 instituere
2469 1016 2544 1084 cul-

1557 1102 1615 1159 tus
1629 1086 1716 1173 Dei,
1742 1101 1777 1161 et
1798 1114 1857 1161 eos
1878 1094 1993 1166 cultus
2016 1103 2214 1173 necessario
2238 1109 2434 1179 servandos
2456 1136 2545 1184 esse:

1558 1203 1790 1281 corrumpunt
1810 1203 1921 1263 totam
1941 1195 2137 1271 doctrinam
2158 1203 2203 1274 de
2226 1208 2469 1298 poenitentia,
2492 1216 2549 1283 di-

1558 1305 1643 1362 cunt
1672 1292 1922 1363 contritionem
1949 1310 2112 1389 oportere
2131 1305 2367 1382 sufficientem
2388 1335 2483 1401 esse,
2515 1329 2551 1390 et

1557 1391 1687 1477 mereri
1701 1394 1960 1467 remissionem:
1986 1399 2113 1474 dicunt
2126 1411 2358 1483 necessariam
2373 1436 2450 1487 csse
2460 1440 2550 1489 enn-

1558 1494 1790 1586 merationem
1811 1498 1972 1568 omnium
1993 1500 2204 1576 delictorum
2220 1508 2260 1581 in
2275 1517 2427 1604 petenda
2440 1518 2549 1589 abso-

1558 1595 1711 1666 lutione:
1735 1597 1872 1687 lingunt
1893 1600 2147 1677 satisfactiones
2164 1613 2367 1701 canonicas,
2394 1619 2547 1691 ctainnt

1559 1719 1632 1765 csse
1650 1699 1952 1788 compensationcs
1967 1727 2164 1794 poenarum
2182 1717 2394 1805 purgatorii:
2420 1719 2543 1791 defen-

1559 1798 1648 1867 dunt
1670 1799 1910 1871 invocationes
1929 1797 2116 1878 hominum
2138 1828 2379 1905 mortuorum,
2404 1821 2541 1912 praeci·

1558 1898 1662 1990 piunt
1677 1902 1918 1972 adorationem
1929 1904 2053 1976 falsam
2064 1910 2259 2003 signorum,
2283 1916 2541 2008 cumnihilha·

1559 2002 1641 2071 beat
1662 2003 1834 2072 rationem
1860 2001 2077 2081 Sacramenti
2096 2025 2317 2106 extraneum
2338 2020 2543 2094 institutum

1559 2102 1744 2188 divinitus,
1770 2101 1936 2175 horribili
1952 2106 2543 2203 prophanationecoenamDomini

1560 2204 1746 2273 conferunt
1769 2206 1806 2273 in
1830 2224 2032 2299 quaestum,
2064 2226 2098 2285 et
2119 2238 2264 2308 prorsus
2285 2218 2427 2295 ethnico
2442 2248 2541 2294 more

1559 2304 1697 2394 fingunt
1712 2308 1924 2378 sacrificulos
1939 2314 2067 2383 mereri
2081 2316 2224 2390 facienti
2239 2334 2272 2391 et
2285 2322 2386 2406 aliis,
2412 2337 2445 2395 et
2459 2325 2540 2418 qui-

1559 2408 1639 2473 dem
1662 2429 1702 2474 ex
1726 2432 1832 2504 opere
1852 2427 1997 2502 operato
2014 2413 2089 2485 sine
2103 2417 2198 2489 bono
2214 2436 2314 2492 motu
2328 2426 2460 2496 utentis
2475 2439 2541 2499 etc.

1559 2502 1756 2577 Prohibent
1777 2512 1979 2602 coniugium
1993 2515 2046 2584 'iis
2062 2518 2217 2610 quisunt
2232 2522 2354 2593 idonei
2369 2528 2415 2595 ad
2432 2528 2541 2597 coeli-

1558 2607 1693 2679 batum.
1759 2609 1917 2701 Pingunt
1944 2612 2140 2688 Ecclesiam
2168 2622 2262 2694 velut
2288 2648 2458 2714 regnum,
2501 2628 2541 2695 in

1558 2732 1629 2800 quo
1661 2711 1837 2781 dominari
1865 2715 1989 2788 dicunt
2009 2715 2216 2792 Romanurn
2238 2720 2473 2816 Episcopum,
2504 2743 2540 2797 ct

1558 2804 1688 2879 habere
1718 2814 1942 2885 autoritatem
1973 2818 2186 2893 instituendi
2213 2824 2326 2895 cultus
2355 2841 2391 2898 et
2420 2842 2538 2899 trans-

1556 2901 1691 2980 ferendi
1710 2914 1856 3005 imperia
1872 2920 2026 3012 politica.
2250 2999 2253 3004 ,

1659 3015 1719 3087 42.
1755 3013 1810 3086 De
1831 3012 1887 3088 his
1909 3020 2017 3090 tantis
2037 3021 2143 3094 rebus
2165 3047 2249 3096 cum
2266 3027 2426 3121 papistici
2446 3027 2539 3125 Epi-

1557 3113 1652 3204 scopi
1669 3116 1857 3188 defendant
1873 3120 2000 3210 impios
2016 3136 2051 3195 et
2065 3126 2280 3215 perniciosos
2296 3152 2443 3213 errores,
2462 3157 2539 3205 non

1557 3228 1639 3284 sunt
1663 3211 1819 3290 Ecclesia
1837 3218 1922 3308 Dei,
1947 3238 1983 3295 et
2004 3226 2125 3317 regula
2147 3232 2301 3301 tenenda
2324 3246 2391 3305 est:
2416 3230 2543 3327 Fugite

1555 3317 1662 3387 idola.

1657 3418 1718 3493 43.
1751 3421 1877 3496 Servat
1900 3441 2016 3500 autem
2039 3430 2133 3503 filius
2154 3430 2222 3504 Dei
2243 3457 2382 3531 semper
2403 3440 2540 3534 aliquos

1556 3521 1618 3614 qui
1648 3525 1802 3598 retinent
1832 3528 2094 3612 fndamentum,
2126 3557 2191 3605 nec
2220 3538 2377 3627 pmbant
2405 3566 2540 3615 errores

1555 3639 1751 3714 pugnantes
1783 3653 1862 3697 cum
1891 3631 2048 3703 articulis
2072 3635 2173 3721 fidei,
2204 3650 2239 3708 et
2262 3642 2439 3716 admoniti
2465 3669 2540 3718 non

1556 3726 1751 3798 defendunt
1782 3729 1896 3814 idola,
1937 3756 2139 3827 quanquam
2173 3737 2212 3806 in
2241 3735 2307 3812 hac
2336 3744 2541 3820 infirmitate

1555 3825 1642 3894 alias
1671 3827 1770 3918 plus,
1800 3829 1888 3899 alias
1918 3833 2036 3903 minus
2066 3835 2156 3906 lucis
2182 3856 2246 3917 est.
2296 3840 2346 3917 Et
2369 3847 2539 3920 immensa

1555 3926 1712 3998 bonitate
1726 3929 1820 4000 filius
1834 3927 1901 4002 Dei
1916 3934 2068 4006 subinde
2081 3941 2237 4012 tenebris
2252 3944 2405 4036 depulsis
2420 3950 2536 4019 reddit

1556 4028 1739 4099 doctrinae
1773 4032 1908 4118 lucem,
1939 4035 2030 4106 sicut
2057 4035 2187 4112 Psalm.
2210 4041 2268 4116 15.
2298 4046 2442 4116 dicitur:
2474 4046 2537 4120 Tu

1554 4143 1727 4201 sustentas
1748 4129 1999 4208 haereditatem
2020 4163 2146 4217 meam.
2198 4142 2314 4217 Funes
2331 4147 2536 4222 ceciderunt

1554 4226 1643 4299 mihi
1665 4232 1704 4300 in
1724 4235 1923 4321 praeclaris.
1972 4234 2182 4314 Haereditas
2200 4269 2273 4315 mea
2287 4248 2465 4336 praeclara
2482 4266 2536 4323 est

1553 4327 1656 4405 mihi.
1707 4332 1828 4405 Simus
1850 4337 1958 4429 igitur
1981 4340 2074 4412 cives
2094 4339 2205 4429 huius„
2219 4369 2321 4417 verae
2344 4343 2536 4448 Ecclesiae.

1556 4432 1597 4503 ln
1627 4430 1693 4504 hac
1720 4461 1800 4508 cum
1822 4439 1868 4509 sit
1889 4440 2124 4516 ministerium
2148 4443 2351 4538 Evangelii,
2382 4453 2537 4525 certissi-

1492 4569 1502 4599 ‚
1554 4559 1652 4604 mum
1675 4552 1726 4609 est
1747 4562 1823 4608 eam
1845 4556 1879 4613 et
1896 4547 2101 4615 mandatum
2115 4543 2244 4620 habere
2259 4554 2412 4624 vocandi
2426 4569 2462 4626 et
2476 4582 2537 4628 or-

1554 4636 1702 4707 dinandi
1734 4642 1915 4714 ministros
1944 4641 2148 4736 Evangelii,
2180 4651 2272 4725 sicut
2296 4650 2429 4728 Paulus
2450 4655 2536 4728 Tito

1553 4737 1741 4828 praecipit,
1774 4756 1814 4813 ut
1835 4745 2017 4817 ministros
2038 4750 2240 4826 constituat.
2296 4750 2347 4827 Et
2366 4756 2536 4830 usitatum

1552 4838 1621 4908 fuit
1643 4839 1680 4908 in
1696 4837 1852 4914 Ecclesia
1875 4847 1986 4941 veteri
2008 4848 2136 4939 eligere
2150 4850 2334 4929 ministros
2347 4851 2537 4951 Evangelii

1948 4943 2157 5048 συμψήφου
2185 4952 2398 5053 ἐκκλησίας,
2439 4966 2537 5056 quod

512 5025 666 5104 derunt,
698 5021 737 5089 in
768 5019 899 5115 quib&
930 5017 1152 5110 Pfflssclplussl
1178 5017 1309 5111 lmPl⁰⁸
1333 5019 1448 5091 ‘ullu‘
1468 5031 1502 5091 ‘l
1552 5065 1626 5111 non
1644 5046 1687 5113 de
1706 5041 1866 5119 hostibus
1880 5045 2084 5139 Evangelii,
2108 5055 2171 5127 sed
2183 5058 2230 5129 de
2243 5084 2348 5132 verae
2360 5058 2538 5135 Ecclesiae

515 5125 625 5218 impia
637 5146 756 5195 onera.
800 5118 943 5192 Talium
958 5121 1075 5212 legum
1091 5135 1231 5193 autores
1245 5145 1284 5190 ac
1298 5143 1502 5213 propugna-

513 5240 609 5301 tores
636 5247 858 5320 nequaquam
889 5236 972 5293 sunt
1001 5225 1160 5293 membra
1190 5246 1294 5292 verae
1322 5217 1500 5295 Ecclesiae

512 5330 592 5409 Dei.
650 5327 823 5398 Tenenda
852 5337 903 5394 est
930 5324 1027 5394 enim
1046 5324 1193 5413 regula:
1226 5322 1267 5395 Si
1294 5326 1376 5418 quis
1401 5325 1503 5398 aliud

511 5428 748 5523 Evangelium
765 5427 886 5510 docet,
912 5417 1097 5494 anathema
1111 5423 1168 5493 sit.

500 5542 505 5547 ’
539 5602 543 5606 .
613 5548 674 5622 41.
708 5541 941 5615 Manifestum
963 5550 1015 5610 est
1035 5552 1154 5610 autem
1174 5528 1361 5633 papisticus
1377 5543 1502 5613 defen-

1552 5145 1728 5237 suffragiis
1753 5149 1905 5242 intelligi
1931 5174 2072 5225 necesse
2098 5170 2161 5231 est.
2213 5157 2336 5253 Quare
2363 5187 2438 5235 non
2464 5176 2538 5234 ter-

1552 5270 1693 5319 reamur
1721 5253 1937 5324 clamoribns
1963 5248 2129 5345 illorum,
2160 5263 2225 5356 qui
2257 5264 2365 5336 ritum
2387 5263 2536 5336 ordina-

1552 5348 1662 5419 tionis
1684 5351 1930 5426 ministrorum
1945 5350 2132 5452 Evangelii
2152 5363 2199 5436 ad
2213 5359 2330 5438 hostes
2344 5386 2446 5434 verae
2460 5359 2536 5438 Ec-

1551 5448 1676 5520 clesiae
1690 5449 2068 5535 retrahereconantnr.
2170 5458 2176 5467 ’

1652 5547 1714 5625 tt.
1752 5550 1801 5625 Et
1824 5557 1863 5628 in
1884 5560 1956 5633 ritu
1977 5563 2231 5652 ordinationis,
2259 5589 2332 5661 quo
2353 5590 2450 5639 nunc
2470 5594 2537 5663 pa-

512 5652 597 5725 dere
620 5648 751 5721 multos
774 5657 882 5716 tetros
906 5661 1052 5710 errores.
1102 5638 1186 5711 Non
1203 5656 1297 5712 recte
1313 5644 1441 5714 docent
1456 5646 1502 5714 de
1549 5649 1666 5741 pistici
1680 5647 1847 5750 Episcopi
1862 5676 2025 5748 utuntur,
2050 5669 2229 5740 adduntur
2239 5666 2348 5763 impis
2363 5683 2398 5744 et
2411 5684 2536 5768 tyran·
2634 5763 2639 5771 ‚

512 5765 672 5846 peccato,
704 5764 738 5822 et
761 5749 807 5820 de
828 5741 1094 5825 iustificatione,
1120 5756 1155 5816 et
1178 5745 1221 5813 de
1244 5743 1334 5830 fide,
1366 5745 1496 5815 confir·
1550 5750 1631 5822 nica
1651 5754 1810 5842 vincula,
1834 5762 1968 5853 petitur
1986 5789 2091 5842 verae
2111 5769 2293 5844 doctrinae
2306 5770 2536 5867 improbatio,
