6025 6775
521 557 605 672 ‘sss
766 571 770 580 '
1074 633 1091 670 a
1210 593 1241 671 1.
1293 585 1856 670 cunomcon'canronrs.
2466 596 2541 675 sss

460 764 593 852 ¹·''ubi
621 788 710 858 quae
738 763 871 857 praelia
900 764 990 838 iacta
1013 765 1103 845 sint,
1133 784 1224 854 qnae
1246 763 1352 834 urbes
1374 774 1506 856 quanto
1660 760 1792 833 Narrat
1818 760 1912 831 enim
1943 774 1977 833 et
2004 760 2204 857 Diodorus,
2238 762 2424 837 Seleucum
2451 769 2540 841 seri·

526 864 648 934 labore
664 880 784 954 captae
800 867 886 950 sint,
909 879 1039 957 quanta
1053 861 1195 931 victoris
1207 863 1414 952 magnitudo
1428 862 1507 929 ani·
1557 862 1687 954 psisse,
1712 858 1910 932 Chaldaeos
1930 867 2125 937 sacerdotes
2144 866 2356 956 praedixisse
2370 867 2437 936 sibi
2453 866 2538 938 Ale-

527 964 598 1049 mi,
624 966 761 1035 iusticia
785 978 820 1035 et
838 965 1005 1034 modestia
1027 960 1132 1031 initio
1147 961 1273 1046 scierit,
1297 962 1504 1031 discendum
1556 962 1685 1032 xandri
1703 962 1906 1048 interitum,
1931 976 1966 1034 et
1982 965 2208 1054 partitionem
2226 966 2325 1055 regni
2342 966 2437 1036 inter
2449 991 2537 1060 qua-

509 1076 639 1133 estex
659 1066 805 1155 integris
828 1061 992 1133 historiis.
1043 1058 1241 1131 Modestiae
1262 1062 1504 1131 testimonium
1555 1074 1640 1132 tuor
1661 1064 1777 1139 duces.
1828 1061 1926 1134 Haec
1954 1064 2114 1135 existimo
2145 1088 2187 1135 ex
2215 1063 2366 1136 Daniele
2396 1081 2536 1158 sumpta

526 1163 652 1251 ingens
675 1179 744 1249 est,
779 1166 872 1256 quod
896 1184 975 1229 cnm
999 1159 1102 1232 Darii
1122 1161 1324 1249 coniugem,
1357 1160 1450 1229 filios
1470 1174 1505 1231 ct
1553 1162 1673 1237 luisse.

527 1264 616 1332 filias
638 1266 819 1354 coepisset,
849 1261 987 1330 curavit
1010 1274 1051 1331 ut
1074 1261 1171 1349 regio
1193 1282 1292 1329 more
1314 1261 1502 1347 alerentur,
1655 1261 1849 1355 Praecipue
1871 1287 1956 1333 vero
1978 1264 2015 1332 io
2036 1257 2103 1334 hac
2125 1260 2274 1336 historia
2293 1267 2535 1336 consideretur

526 1377 562 1432 et
590 1363 688 1433 nulla
711 1361 923 1440 contumelia
946 1362 1153 1434 afficeretur.
1211 1357 1319 1447 Quod
1342 1358 1503 1431 Persicus
1552 1363 1770 1453 exemplum,
1796 1366 1891 1456 quod
1916 1365 1954 1431 in
1978 1377 2075 1434 tanta
2096 1365 2290 1437 mutatione
2311 1366 2449 1454 generis
2466 1361 2534 1434 hu-

525 1462 675 1530 nnncius
705 1483 854 1529 narrans
881 1457 1008 1542 Dario,
1040 1454 1097 1528 bis
1124 1482 1205 1528 eum
1233 1459 1352 1527 verbis
1379 1473 1500 1530 ornat:
1550 1464 1649 1531 mani
1663 1461 1759 1534 Deus
1774 1461 1988 1549 Ecclesiam,
2014 1488 2095 1533 curn
2120 1466 2219 1535 nulla
2237 1461 2361 1535 babuit
2377 1459 2533 1535 humana

522 1559 763 1630 Alexandrum
778 1574 811 1630 et
823 1560 862 1627 in
877 1559 1022 1650 praeliis
1035 1559 1263 1642 acerrimum,
1287 1560 1374 1629 etin
1389 1562 1501 1628 victo-
1551 1563 1743 1651 praesidia,
1768 1565 1960 1636 clementer
1979 1564 2084 1647 terit,
2109 1579 2144 1636 et
2163 1565 2230 1636 init
2252 1564 2439 1635 mediocris
2460 1560 2532 1633 Ec-

521 1658 576 1727 ria
597 1658 802 1729 clementem
818 1681 909 1745 esse,
933 1654 1067 1732 Δεινὸν
1079 1652 1313 1753 μαχόμενον,
1336 1654 1501 1755 χρηστὸν
1550 1659 1674 1729 clesiae
1689 1666 1926 1755 tranquillitas
1943 1665 2008 1733 sub
2025 1661 2264 1735 Macedonicis
2277 1664 2437 1754 regibus,
2458 1663 2531 1732 iere

520 1752 826 1855 dispersionem.
1549 1784 1661 1853 usque
1683 1763 1726 1829 ad
1743 1759 1914 1833 Antiochi
1929 1758 2129 1856 Epiphania
2150 1778 2325 1858 tempora,
2351 1776 2389 1834 ut
2410 1775 2530 1854 postea

623 1909 760 1998 Quarto
782 1931 876 1979 anno
898 1933 977 1980 cum
993 1906 1116 1981 Asiam
1138 1920 1172 1978 et
1188 1903 1348 1978 Ciliciam
1371 1929 1498 1995 magno
1549 1861 1717 1935 dmm·

519 2004 640 2082 labore
655 2009 857 2094 domuisset,
882 2007 1017 2103 Tyrum
1036 2021 1114 2099 post
1123 2008 1266 2097 longam
1276 2008 1497 2077 obsidionem
1881 2031 1949 2101 De
1979 2031 2040 2101 ,10
2046 2043 2195 2127 wgo,

518 2112 668 2227 septimo
697 2133 816 2178 mense
845 2110 979 2226 eoepit..
1007 2110 1070 2178 ubi
1092 2122 1225 2201 septem
1246 2107 1358 2176 millia
1380 2102 1497 2225 homi-
1650 2156 1815 2248 Regnum
1841 2153 2061 2255 Aegyptium
2114 2176 2154 2232 m
2180 2186 2286 2254 ,upra
2307 2163 2440 2242 dictum
2464 2179 2514 2236 ω

518 2235 605 2302 ¹¹1¹!st
628 2234 666 2278 ¹¹¹
690 2223 951 2302 ⁰l>P¹¹8¹¹³u⁰¹¹e
967 2210 1149 2280 ”uellem
1167 2221 1268 2286 Μ’
1294 2208 1366 2275 ‘³¹¹⁰
1384 2208 1497 2323 nullia
1522 2248 1524 2281 ¹
1548 2259 1641 2327 inter
1663 2260 1778 2348 prima
1800 2272 1834 2330 et
1849 2209 2088 2350 pulcherrimis
2104 2284 2212 2350 regna
2227 2266 2364 2353 generis
2379 2219 2528 2335 humani
2571 2297 2574 2304 ·

516 2324 635 2402 9⁰⁸⁰*
657 2309 870 2398 ⁸lr³¹¹3¹¹l³l³
893 2307 997 2388 Μ’
1022 2307 1189 2424 tredecim
1206 2307 1316 2375 mima
1334 2308 1497 2424 linem
1546 2359 1615 2426 fuit
1663 2372 1699 2428 et
1720 2382 1921 2452 quanquam
1941 2360 2034 2429 bella
2056 2361 2158 2448 gessit
2183 2385 2263 2430 cum
2282 2359 2470 2433 Chaldaeis
2492 2378 2528 2434 et

515 2425 627 2481 tutem
642 2410 781 2478 redacta
795 2419 888 2479 sunt.
921 2406 1018 2476 Haec
1031 2407 1212 2476 calamitas
1225 2407 1270 2476 ab
1277 2403 1380 2476 Esaia
1395 2430 1497 2497 prae·
1546 2410 1721 2550 Αωὲήὴ,
1745 2472 1862 2528 tamen
1878 2482 1990 2552 usque
2003 2461 2046 2527 ad
2060 2459 2197 2530 Persica
2213 2475 2388 2553 tempora,
2412 2486 2527 2533 annos

517 2509 611 2580 dicta
623 2522 692 2593 est,
714 2509 777 2602 qui
791 2505 874 2600 Cap.
884 2509 945 2579 25.
960 2506 1092 2599 inquit,
1116 2504 1296 2577 Venturos
1310 2529 1382 2576 esse
1397 2529 1496 2575 ever·
1567 2560 1576 2575 .
1620 2558 1629 2573 .
1747 2560 1756 2577 .
2063 2560 2071 2575 ,
2127 2560 2135 2577 ,
2285 2561 2294 2578 ‚

517 2630 612 2681 som
627 2606 716 2703 Tyri
729 2632 771 2678 ex
788 2621 882 2678 tem
896 2604 1033 2681 einim·
1545 2570 1685 2628 circiter
1708 2560 1823 2642 malle,
1849 2582 1988 2650 semper
2006 2572 2153 2629 retinuit
2174 2583 2336 2651 propnos
2354 2584 2468 2649 reges,
2491 2577 2526 2633 et

1544 2670 1699 2728 veterem
1718 2659 1817 2747 regni
1834 2660 1997 2733 formam.
2046 2657 2235 2753 Cambyses
2249 2684 2332 2730 vero
2348 2675 2381 2731 et
2397 2663 2526 2731 deinde

614 2752 704 2824 Inde
734 2751 938 2827 Alexander
966 2754 1011 2823 ad
1039 2750 1206 2822 Iudaeam
1237 2752 1399 2833 accessit,
1436 2753 1495 2822 eui
1545 2756 1675 2827 Darius
1697 2752 1806 2846 regno
1827 2754 2002 2849 Aegyptio
2027 2760 2130 2847 potiti
2153 2774 2245 2834 sunt.
2297 2760 2419 2831 Postea
2444 2786 2524 2830 com

514 2847 624 2927 iratus
639 2868 730 2938 erat,
755 2853 837 2946 quia
854 2851 975 2923 ludaei
987 2853 1025 2922 in
1043 2853 1228 2923 obsidione
1245 2852 1334 2947 Tyri
1347 2875 1494 2943 respon·
1544 2857 1611 2927 sub
1626 2857 1740 2925 Dario
1757 2852 1877 2927 Natho
1899 2855 2097 2943 deiecisset,
2119 2858 2258 2927 difficili
2281 2860 2374 2930 bello
2394 2862 2524 2951 recepit

514 2958 659 3042 derant,
704 2976 741 3023 se
777 2974 950 3023 memores
985 2975 1195 3044 magnorum
1231 2952 1494 3037 beneficiorum,
1543 2979 1620 3026 eam
1634 2950 1777 3039 Ochus,
1802 2970 1836 3027 et
1852 2978 2016 3044 magnam
2031 2955 2084 3024 ibi
2099 2957 2341 3029 crudelitatem
2358 2961 2522 3031 exercuit.

513 3080 603 3151 quae
625 3053 807 3144 aregibus
821 3049 970 3125 Persicb
983 3065 1207 3144 acceperant,
1231 3046 1324 3121 nihil
1339 3053 1493 3122 facturos
1543 3056 1628 3146 Fuit
1654 3067 1770 3124 autem
1795 3054 1915 3125 ultimi
1937 3052 2038 3125 Darii
2067 3068 2225 3146 tempore
2253 3057 2447 3146 praefectus
2470 3059 2523 3130 ibi

514 3179 588 3226 esse
609 3168 728 3244 ¹eontra
750 3176 820 3223 eos.
869 3149 959 3224 Cum
974 3166 1092 3225 autem
1107 3152 1205 3248 Tyro
1221 3166 1320 3244 capta
1337 3151 1493 3221 Alexan·
1543 3155 1726 3239 Mazabes,
1752 3155 1814 3246 qui
1837 3178 1917 3225 cum
1941 3154 2063 3235 sciret,
2089 3150 2282 3250 Aegyptios
2303 3157 2418 3226 odisse
2434 3157 2523 3229 Per-

515 3259 579 3327 der
599 3254 638 3323 in
652 3252 817 3325 Iudaeam
839 3254 1008 3339 venisset,
1031 3254 1233 3346 placaturus
1248 3277 1329 3324 eum
1344 3246 1493 3321 Ioddns
1543 3256 1653 3326 sicum
1682 3255 1888 3345 imperium,
1919 3266 1954 3323 et
1978 3255 2061 3348 quia
2087 3255 2130 3323 ad
2152 3256 2343 3325 arcendum
2366 3252 2522 3327 Alexan-

514 3376 671 3430 summus
693 3354 875 3440 sacerdos,
897 3367 1044 3425 ornatus
1058 3366 1152 3426 veste
1166 3353 1391 3439 sacerdotali,
1410 3376 1492 3424 eum
1542 3359 1646 3427 drum
1668 3354 1863 3446 imparatus
1885 3367 1992 3440 esset,
2017 3354 2174 3424 venienti
2198 3378 2239 3427 er
2258 3354 2363 3450 Syria
2384 3358 2522 3431 dedidit

512 3470 614 3530 coetu
648 3457 868 3527 sacerdotum
900 3467 935 3523 et
963 3454 1144 3524 seniorum
1172 3455 1340 3546 processit
1367 3453 1400 3521 ei
1425 3454 1492 3522 ob-
1542 3479 1616 3527 sese
1636 3470 1671 3526 et
1693 3451 1892 3550 Aegyptum
1912 3455 1988 3524 sine
2007 3455 2208 3526 certamine.
2269 3452 2323 3526 lta
2343 3470 2522 3528 vetustum

513 3558 627 3641 viam,
644 3568 686 3626 *et
705 3579 826 3649 pacem
847 3553 983 3645 petivit.
1032 3553 1089 3625 lbi
1108 3552 1310 3624 Alexander
1330 3553 1375 3622 de
1398 3575 1489 3645 equo
1541 3570 1579 3627 et>
1590 3556 1798 3649 opulentum
1812 3552 2168 3644 regnnmAlerander
2180 3557 2374 3646 occupavit,
2398 3571 2432 3626 et
2445 3559 2521 3627 fon

512 3656 725 3727 descendens
754 3677 932 3725 summum
963 3653 1177 3723 sacerdotem
1206 3664 1408 3721 reverenter
1434 3675 1490 3721 sa·
1541 3670 1664 3728 tunam
1685 3656 1860 3748 sapienter
1880 3658 2082 3727 moderatus
2103 3668 2174 3737 est,
2200 3678 2275 3725 non
2292 3656 2443 3726 mutavit
2457 3681 2521 3726 ve·

511 3758 619 3840 lutat,
641 3767 675 3826 et
696 3777 815 3847 pacem
835 3754 1021 3847 promittit.
1072 3753 1192 3824 Duces
1204 3751 1418 3823 admirantes
1433 3751 1490 3820 in·
1539 3771 1648 3828 terem
1664 3759 1814 3826 sormam
1830 3756 2115 3846 gubernationis,
2138 3758 2197 3826 sed
2216 3756 2325 3826 veteri
2340 3780 2437 3826 more
2445 3756 2520 3826 No·

511 3867 714 3944 terrogant,
739 3876 803 3923 cut
823 3867 921 3925 tanto
938 3849 1075 3925 honore
1089 3848 1187 3925 hunc
1200 3853 1415 3923 sacerdotem
1430 3875 1490 3921 ex·
1538 3851 1699 3930 marchas
1719 3857 1819 3941 lecit,
1850 3870 1886 3928 et
1908 3858 2051 3951 quidem
2073 3853 2281 3950 Aegyptios,
2305 3857 2455 3927 neroni
2477 3881 2519 3927 ex

510 3957 642 4048 ceperit
650 3955 675 4049 i·
697 3953 838 4044 Quibus
850 3956 1053 4046 respondet,
1077 3977 1115 4026 se
1130 3954 1170 4024 in
1183 3951 1393 4025 Macedonia
1408 3967 1490 4022 ante
1538 3959 1611 4028 suis
1633 3957 1891 4028 commendavit
1911 3956 2071 4027 universi
2094 3957 2194 4046 regni
2214 3956 2520 4046 gubernationem,

507 4058 642 4130 bellum
667 4053 902 4126 dormientem
923 4055 1054 4126 vidisse
1072 4055 1178 4127 talem
1199 4055 1349 4146 speciem
1370 4054 1490 4123 numi·
1538 4060 1598 4129 sed
1622 4057 1796 4148 praesidia
1821 4057 1989 4144 imposuit
2010 4055 2159 4125 diversis
2181 4055 2286 4140 locis,
2310 4068 2345 4126 et
2367 4050 2424 4125 his
2447 4058 2518 4125 du-

507 4160 581 4244 nis,
618 4170 780 4229 ornatam
816 4155 926 4224 simili
963 4170 1077 4243 veste,
1112 4166 1296 4228 vocantem
1332 4177 1413 4223 eum
1449 4153 1488 4221 in
1538 4171 1651 4228 ctores
1670 4153 1852 4244 praefecit,
1877 4153 1972 4243 pacis
1992 4154 2143 4223 tuendae
2160 4177 2275 4224 causa.
2326 4150 2380 4224 Ac
2397 4155 2518 4225 scribit

508 4258 647 4340 Asiam,
688 4272 723 4329 et
751 4254 952 4340 iubentem,
989 4271 1033 4327 ut
1057 4255 1193 4327 bellurn
1217 4266 1339 4326 contra
1364 4252 1489 4323 Persas
1536 4256 1730 4337 Arrianus,
1753 4251 1890 4323 additos
1903 4273 1976 4322 csse
1991 4254 2083 4322 duos
2095 4253 2320 4345 inspectores,
2345 4276 2435 4346 quos
2448 4277 2516 4323 no-

467 4380 472 4385 ·
510 4370 687 4443 moveret,
711 4368 746 4427 et
768 4356 926 4424 dextram
948 4355 1208 4444 porrigentem,
1231 4368 1400 4445 tanquam
1420 4355 1488 4422 du·
1537 4354 1689 4425 minavit
1711 4347 1928 4450 Episcopos.
1989 4351 2090 4442 Quae
2112 4354 2231 4422 omnia
2253 4354 2302 4423 sic
2325 4355 2516 4424 constituta

512 4454 667 4528 ctricem.
714 4451 802 4526 Eius
822 4452 947 4546 speciei
967 4475 1047 4522 cum
1070 4454 1199 4523 viderit
1214 4447 1310 4521 hunc
1325 4455 1489 4523 sacerdo-
1536 4469 1639 4541 sunt,
1662 4456 1753 4524 nesi
1767 4476 1859 4524 unus
1875 4467 1962 4525 esset
1976 4476 2134 4524 sommus
2148 4454 2371 4543 gubernator,
2397 4475 2515 4543 regem

510 4565 581 4624 tem
606 4552 755 4623 similem
777 4578 866 4640 esse,
897 4552 1096 4623 existimare
1118 4575 1174 4639 se,
1199 4548 1296 4623 hunc
1313 4553 1487 4644 populum
1536 4580 1574 4627 se
1594 4558 1734 4630 iaceret.
1783 4551 1832 4624 Et
1847 4555 1934 4626 dicit
1949 4551 2140 4639 Arrianus,
2163 4551 2346 4624 Romanos
2360 4551 2515 4623 Alexan·

509 4652 586 4724 Deo
614 4674 718 4723 curae
738 4675 827 4741 esse,
857 4677 964 4749 seque
983 4653 1028 4722 ab
1051 4648 1159 4725 huius
1179 4653 1302 4744 populi
1323 4649 1399 4724 Deo
1423 4656 1487 4724 ad·
1536 4658 1592 4726 dri
1616 4655 1802 4726 consilinm
1824 4667 1943 4743 postea
1967 4653 2006 4722 in
2022 4650 2172 4747 Aegypti
2190 4653 2445 4742 gubernatione
2459 4651 2514 4722 se-

510 4755 625 4826 iutum
648 4772 739 4837 esse,
763 4777 868 4847 quare
888 4756 920 4823 ei
939 4776 1081 4846 parcere
1097 4767 1132 4825 et
1147 4754 1350 4824 benefacere
1366 4755 1486 4824 decre·
1536 4772 1664 4850 quutos
1687 4779 1770 4830 esse.
1822 4752 1875 4824 Ita
1900 4767 1999 4825 vetus
2014 4755 2176 4824 doctrina
2192 4753 2231 4821 in
2248 4776 2290 4821 eo
2304 4775 2413 4843 regno
2427 4777 2516 4822 con·

508 4854 625 4926 visset.
688 4848 813 4922 Postea
843 4848 1064 4947 hospitaliter
1094 4868 1256 4945 exceptus
1281 4854 1414 4925 tributa
1440 4855 1484 4924 ab
1536 4871 1669 4928 servata
1699 4869 1750 4927 est
1777 4855 1860 4924 inde
1886 4877 1997 4947 usque
2023 4849 2189 4943 aloseph
2211 4853 2255 4922 ad
2275 4847 2514 4923 Mahometica

507 4947 615 5022 Ocho
633 4966 786 5048 tyranno
808 4950 967 5045 imposita
980 4954 1133 5041 remisit,
1155 4954 1367 5044 compescuit
1380 4953 1485 5024 etiam
1534 4971 1710 5048 tempora,
1734 4952 1837 5026 annis
1859 4956 1938 5047 plus
1960 4955 2100 5026 duobus
2118 4953 2289 5024 millibus.
2337 4951 2516 5025 Scribitur

508 5051 644 5125 vicinos
664 5054 703 5121 in
719 5052 896 5138 Samaria,
920 5058 982 5149 qui
1000 5059 1168 5129 adversus
1184 5052 1333 5124 ludaeos
1348 5054 1485 5125 tumul·
1535 5071 1570 5128 et
1595 5058 1729 5126 reditus
1745 5052 1947 5123 Alexandro
1972 5054 2146 5133 indicatos
2168 5074 2242 5123 esse
2258 5073 2316 5121 sex
2330 5053 2443 5122 millia
2459 5066 2513 5124 ta·

507 5153 712 5224 tuebantur.
762 5149 943 5222 Credibile
963 5172 1013 5228 est
1032 5157 1158 5241 etiam,
1191 5176 1351 5225 narrasse
1371 5177 1485 5224 saeer—
1533 5159 1732 5239 lentorum,
1758 5154 1795 5221 id
1811 5166 1882 5243 est,
1905 5176 1964 5223 ser
1979 5168 2013 5224 et
2028 5153 2170 5244 triginta
2186 5165 2316 5224 tonnas
2330 5153 2422 5227 auri.

507 5254 607 5324 dotes
624 5250 826 5323 Alexandro
840 5246 997 5339 Dibielis
1007 5256 1301 5347 praedictionem,
1327 5253 1485 5347 quiante

507 5377 621 5425 annos
641 5353 718 5423 200
746 5347 956 5423 vaticinatus
984 5354 1116 5444 inerat,
1160 5379 1278 5446 regem
1306 5353 1484 5424 Graecum
1730 5321 1798 5405 90
1823 5317 2015 5412 praem
2043 5315 2102 5390 Ml
2130 5316 2314 5393 Arbela·

506 5455 705 5545 potiturum
724 5474 798 5523 esse
813 5452 964 5545 imperio
980 5450 1134 5530 Persico.
1181 5453 1230 5529 Et
1245 5479 1319 5526 non
1335 5457 1484 5526 dubium
1633 5447 1834 5524 Constituto
1856 5470 1967 5539 regno
1990 5443 2142 5545 Aegypti
2163 5474 2204 5522 ex
2227 5451 2317 5523 urbe
2339 5443 2513 5540 Memphi,

507 5569 576 5640 0⁸²2
608 5557 654 5626 (le
683 5548 748 5624 hac
770 5567 867 5625 tanta
887 5552 1025 5644 generis
1046 5546 1195 5628 humani
1212 5556 1408 5632 mutatione
1427 5579 1485 5630 sa·
1534 5576 1622 5647 quae
1644 5576 1741 5623 nunc
1763 5565 1815 5625 est
1829 5545 2031 5636 Alcairum,
2055 5550 2161 5621 rediit
2173 5545 2376 5621 Alexander
2392 5549 2429 5616 in
2443 5547 2512 5642 Sy-

506 5652 641 5743 pientes
654 5655 766 5727 multa
783 5655 976 5728 collocutos
990 5674 1075 5731 estc.
1534 5656 1641 5742 riam,
1685 5677 1779 5724 anno
1817 5667 1912 5724 sexto
1950 5665 2135 5744 postquam
2165 5673 2310 5740 regnare
2340 5662 2512 5738 coeperat.
