6025 6775
518 598 591 676 757
1202 586 1838 670 rcasosrconcanronrs.
2456 572 2550 681 rss'

614 767 817 840 Constituto
832 780 950 837 autem
962 785 1082 853 regno,
1101 762 1212 833 multa
1226 734 1394 853 'deinceps
1410 785 1496 832 con·
1548 762 1684 853 politiis
1710 764 1817 834 etiam
1841 761 1992 849 tribuat,
2025 766 2231 840 ardentibus
2248 772 2339 842 rotis
2360 790 2530 867 petamus.

516 872 702 941 sideranda
718 884 817 947 sont,
843 868 937 937 bona
952 879 984 935 et
997 863 1100 936 mala.
1151 861 1340 954 Summum
1359 865 1495 933 bouum
1546 860 1594 935 Et
1610 864 1675 935 ubi
1692 866 1839 950 dantur,
1866 888 2095 956 agnoscamus
2115 894 2154 940 ea
2171 894 2245 942 esse
2260 870 2327 942 Dei
2343 900 2468 967 opera,
2491 894 2527 951 et

516 974 556 1040 in
570 972 729 1063 qualibet
740 969 1007 1057 congregatione
1020 975 1070 1032 est
1079 965 1298 1033 conservatio
1314 987 1416 1031 verae
1429 965 1495 1031 do·
1546 966 1636 1054 grati
1655 962 1771 1036 Deum
1794 979 1953 1038 autorem
1974 983 2009 1041 et
2029 974 2211 1043 custodem
2234 974 2467 1063 celebremus,
2491 994 2526 1050 et

517 1074 651 1143 ctriuae
684 1071 727 1138 de
746 1066 822 1139 Deo
851 1081 883 1136 et
912 1062 1100 1134 Ecclesiae.
1152 1061 1246 1151 Quia
1269 1059 1430 1133 homines
1448 1067 1492 1133 ed
1545 1067 1696 1136 retinere
1714 1090 1754 1136 ea
1773 1070 1986 1141 studeamus.

515 1172 732 1261 agnitionem
747 1170 837 1251 Dei,
862 1178 896 1235 et
912 1167 955 1234 ad
971 1180 1132 1237 aeternae
1147 1158 1322 1233 Ecclesiae
1347 1164 1493 1235 societa-
1645 1166 1694 1238 Ut
1708 1182 1826 1240 autem
1840 1183 1974 1241 caetera
1989 1170 2111 1244 divina
2127 1198 2232 1265 opera
2246 1176 2423 1249 Diabolus
2439 1179 2522 1251 odio

514 1286 607 1356 tem,
633 1295 706 1340 non
720 1282 855 1339 tantum
871 1267 915 1335 ad
932 1261 1040 1335 huius
1055 1265 1148 1334 vitae
1161 1266 1318 1334 mortalis
1332 1265 1492 1354 ingentes
1542 1263 1610 1337 Dei
1637 1293 1864 1363 corrumpere
1885 1285 2050 1358 conatur,
2083 1276 2182 1345 utin
2207 1275 2281 1368 ipsa
2301 1294 2428 1350 natura
2451 1274 2522 1351 hu·

513 1392 698 1443 aerumnas
715 1367 850 1437 conditi
863 1380 965 1451 sunt,
991 1367 1081 1434 sicut
1096 1365 1227 1435 dicitur
1236 1361 1409 1436 Matthaei
1426 1367 1490 1437 16:
1542 1391 1646 1439 mana
1664 1371 1897 1443 tristissimam
1918 1374 2192 1446 destructionem
2212 1380 2312 1451 fecit:
2339 1379 2399 1451 Sic
2410 1395 2445 1453 et
2460 1406 2520 1451 or-

512 1473 610 1561 Quid
624 1469 766 1561 prodest
777 1464 936 1550 homini,
962 1467 992 1534 si
1010 1480 1122 1535 totum
1136 1467 1311 1537 mundum
1324 1468 1490 1553 lucretur,
1542 1469 1661 1539 dinem
1680 1473 1717 1540 in
1734 1474 1989 1562 gubernatione
2005 1475 2112 1546 variis
2128 1479 2308 1552 furoribus
2322 1484 2459 1567 turbat,
2486 1497 2520 1553 et

510 1572 665 1642 animam
691 1594 774 1639 vero
801 1568 962 1638 amittat?
1007 1565 1114 1635 ltem:
1147 1565 1307 1637 Primum
1333 1570 1489 1660 quaerite
1540 1569 1726 1643 infirmitas
1742 1569 1918 1646 humanae
1930 1592 2076 1649 naturae
2089 1603 2153 1668 per
2167 1602 2241 1651 sese
2256 1583 2358 1652 facile
2374 1583 2517 1665 labitur,

507 1694 656 1761 reguum
672 1670 764 1754 Dei,
792 1682 826 1739 et
842 1680 974 1738 caetera
990 1668 1201 1737 adiicientur
1216 1669 1329 1739 vobis.
1540 1681 1575 1737 et
1590 1684 1685 1741 extra
1701 1676 1865 1747 ordinem
1881 1679 1966 1751 ruit.
2018 1675 2094 1748 Hae
2108 1694 2193 1751 sunt
2211 1704 2334 1752 causae
2351 1684 2517 1753 innume-

607 1771 791 1841 Laudatur
805 1792 887 1859 ergo
902 1793 922 1839 a
939 1767 1056 1838 Moise
1072 1782 1105 1838 et
1126 1768 1204 1838 aliis
1220 1765 1408 1862 Prophetis
1423 1794 1488 1861 po·
1540 1770 1708 1841 rabilium
1723 1775 1897 1847 viciorum
1919 1792 1954 1850 et
1970 1780 2206 1852 calamitatum
2227 1782 2267 1851 in
2288 1784 2517 1873 gubernatio-

506 1874 584 1945 litia
600 1870 731 1956 lsraiil,
754 1873 850 1963 quod
867 1872 906 1939 in
923 1870 996 1960 ipsa
1020 1872 1134 1940 luceat
1148 1892 1230 1938 vera
1246 1872 1429 1951 doctrina,
1454 1885 1489 1941 et
1539 1894 1595 1942 ne.
1638 1870 1768 1967 ltaque
1791 1889 1827 1945 et
1846 1877 1884 1944 in
1907 1902 2016 1967 regno
2035 1880 2158 1973 populi
2175 1882 2246 1952 Dei
2261 1885 2371 1955 multa
2388 1906 2517 1974 magna

507 1975 603 2068 quqd
617 1974 670 2044 ibi
685 1973 731 2042 sit
745 1985 839 2042 certo
853 1967 1009 2040 Ecclesia
1018 1969 1098 2041 Dei.
1139 1967 1223 2040 Ideo
1238 1972 1487 2043 diciturDeu·
1538 1972 1631 2042 mala
1643 1989 1862 2045 accesserunt
1874 1978 1919 2045 ad
1935 1979 2056 2049 divina
2072 1982 2252 2052 beneficia.
2304 1979 2463 2056 Ambitio
2479 2001 2522 2055 et·
2560 2040 2564 2046 .
2648 1988 2652 1998 '

504 2075 696 2148 teronomii
712 2073 765 2146 4.:
791 2072 863 2142 Nec
880 2084 933 2141 est
947 2070 1148 2157 alienatio,
1175 2095 1264 2164 quae
1281 2068 1408 2144 habeat
1423 2098 1487 2165 ap·
1537 2076 1725 2147 aemulatio
1752 2077 1909 2168 primum
1937 2100 2053 2167 regem
2081 2076 2271 2151 Saulem
2294 2084 2437 2175 impulit
2468 2088 2515 2156 ad

505 2177 806 2270 propinquantem
829 2172 897 2241 sibi
915 2171 1052 2253 Deum,
1079 2172 1169 2243 sicut
1192 2174 1289 2242 adest
1304 2172 1400 2244 Deus
1418 2200 1485 2244 no-
1537 2175 1779 2247 crudelitatem
1807 2190 1842 2246 et
1867 2178 2104 2271 tyrannidem.
2155 2178 2319 2253 David
2341 2186 2515 2277 voluptati

505 2291 578 2349 ster
593 2274 728 2348 cunctis
742 2272 1044 2345 obsecrationibus
1059 2273 1201 2344 nostris.
1252 2269 1310 2343 Ad
1327 2271 1390 2346 has
1406 2277 1485 2347 lau·
1537 2274 1702 2363 indulsit,
1734 2278 1815 2347 ideo
1845 2301 1909 2369 per
1937 2278 2144 2348 seditionem
2168 2284 2282 2353 atilio
2305 2287 2429 2377 pulsus
2453 2300 2514 2359 est.

505 2380 566 2449 des
579 2378 733 2469 pertinet
754 2388 848 2446 totus
870 2374 961 2445 liber
976 2373 1194 2458 Salomonis,
1221 2374 1279 2445 cui
1292 2375 1418 2448 titulus
1433 2390 1484 2448 est
1536 2373 1706 2448 Salomon
1728 2378 1773 2448 ad
1795 2378 1993 2471 voluptates
2014 2381 2152 2452 addidit
2173 2381 2306 2453 cultum
2323 2387 2515 2473 idolorum,

503 2471 762 2551 Canticum.
853 2515 858 2524 ·
1534 2475 1614 2546 ideo
1640 2492 1758 2570 postea
1783 2479 2011 2551 dilaceratum
2033 2493 2084 2550 est
2100 2505 2263 2570 regnum..
2307 2482 2403 2555 Haec
2418 2487 2515 2557 dila·-

606 2576 683 2648 Hoc
705 2578 815 2668 igitur
841 2578 880 2645 in
903 2575 1001 2665 regio
1027 2588 1120 2678 statu
1141 2576 1276 2646 bonum
1290 2590 1359 2660 est,
1384 2578 1480 2668 quod
1534 2579 1663 2650 ceratio
1679 2581 1815 2672 peperit
1829 2581 1976 2651 adsidua
1997 2582 2092 2651 bella
2109 2583 2246 2664 civilia,
2272 2587 2463 2657 seditiones
2479 2603 2515 2657 et

503 2680 624 2773 aliquo
654 2681 760 2748 modo
785 2679 928 2768 piorum
949 2700 1072 2766 regum
1100 2676 1203 2745 labor
1225 2672 1308 2746 Deo
1337 2677 1481 2747 iuvante
1533 2677 1712 2752 idolorum
1733 2681 1862 2752 cultus.
1919 2679 1969 2752 Et
1992 2695 2071 2772 post
2092 2706 2206 2755 annos
2227 2686 2273 2755 ab
2294 2686 2397 2757 initio
2414 2686 2513 2758 lero-

499 2781 636 2874 profuit
657 2781 701 2849 ad
726 2778 908 2848 doctrinae
936 2776 1256 2862 conservationem,
1288 2790 1329 2848 ut
1351 2774 1480 2861 David,
1532 2780 1637 2849 boam
1652 2784 1822 2853 ducentos
1837 2781 2070 2874 quadraginta
2087 2799 2249 2875 quatuor,
2275 2787 2512 2858 tristissimam

501 2881 689 2965 Salomon,
721 2873 903 2969 losaphat,
926 2872 1117 2964 Ezechias,
1143 2876 1254 2947 losias
1274 2878 1390 2947 studia
1414 2879 1476 2946 do·
1532 2879 1796 2971 dissipationem
1819 2884 1938 2951 decem
1966 2882 2147 2969 tribuum,
2181 2909 2271 2978 quae
2298 2888 2511 2978 posteritatis

501 2983 635 3054 ctrinae
650 2994 685 3051 et
701 3003 803 3050 veros
820 2981 935 3049 cultus
949 2980 1173 3052 adiuverunt.
1531 2977 1637 3050 lacob
1659 3004 1740 3072 pars
1759 2982 1912 3051 maxima
1925 2979 2011 3067 fuit,
2034 3004 2073 3051 ac
2088 3006 2310 3077 nequaquam
2332 2986 2512 3057 existima·

599 3081 803 3152 Secundum
818 3080 953 3149 bonum
974 3080 1062 3169 regii
1084 3079 1295 3166 statusluit,
1320 3080 1417 3171 quod
1439 3076 1477 3145 in
1531 3081 1581 3149 vit
1604 3083 1785 3165 futurum,
1815 3094 1855 3151 ut
1880 3107 1921 3150 ex
1941 3074 2005 3150 hac
2027 3083 2110 3151 sede
2133 3084 2333 3171 eiiceretur,
2366 3109 2456 3178 quae
2475 3101 2511 3157 et

498 3207 619 3276 regum
652 3181 809 3253 victoriis
839 3180 935 3251 Deus
967 3182 1121 3250 illustria
1156 3179 1359 3251 testimonia
1395 3201 1478 3249 suae
1530 3181 1702 3253 divinitus
1723 3181 1894 3273 promissa
1923 3194 2015 3265 erat,
2044 3196 2078 3252 et
2102 3183 2305 3272 ingentibus
2328 3186 2510 3256 miraculis

499 3285 720 3379 praesentiae·
731 3284 769 3351 in
784 3277 852 3351 hoc
867 3282 999 3373 populo
1015 3282 1185 3362 ostendit,
1211 3304 1285 3352 sese
1304 3278 1478 3372 patefecit,
1531 3284 1658 3354 tradita
1675 3296 1709 3353 et
1725 3282 1867 3352 defensa
1879 3282 2006 3355 fuerat.
2057 3279 2127 3353 Sed
2152 3278 2220 3353 hoc
2238 3287 2396 3376 exemplo
2412 3290 2509 3357 mul-

500 3402 534 3460 et
557 3385 755 3458 testimonia
780 3384 962 3454 doctrinae
986 3398 1020 3452 et
1041 3380 1219 3453 Ecclesiae
1241 3379 1418 3467 exhibuit,
1444 3395 1477 3450 et
1528 3397 1564 3454 ta
1585 3380 1682 3455 Deus
1703 3396 1836 3454 monet.
1886 3377 2056 3454 Ostendit
2078 3384 2349 3473 promissionem
2372 3390 2511 3480 praeci-¹

496 3484 691 3578 Prophetas
705 3486 849 3577 regibus
863 3484 1034 3555 adiunxit.
1076 3481 1257 3555 Summam
1275 3485 1379 3555 etiam
1393 3507 1477 3574 pro·
1529 3508 1634 3576 puam
1663 3509 1736 3555 non
1766 3507 1839 3554 esse
1868 3485 1912 3554 de
1941 3479 2009 3553 hoc
2037 3485 2181 3574 politico
2211 3509 2339 3576 regno,
2374 3491 2434 3558 sed
2463 3492 2508 3560 de

498 3589 702 3659 missionem
725 3590 769 3656 de
790 3579 849 3655 M
851 3583 946 3655 essi
952 3609 977 3653 a
998 3584 1180 3675 repetivit,
1206 3597 1239 3653 et
1264 3587 1309 3654 ad
1331 3585 1474 3672 stirpem
1528 3587 1679 3657 aeternis
1701 3587 1817 3658 bunis.
1873 3579 1921 3655 Et
1943 3583 2056 3654 voluit
2076 3585 2115 3653 in
2136 3587 2259 3677 poenis
2276 3588 2363 3657 disci
2382 3589 2508 3660 discri-

498 3681 706 3757 Dns‘idis
738 3689 913 3778 alligavit,
952 3700 993 3756 ut
1019 3699 1113 3756 certo
1144 3685 1310 3770 sciretur,
1351 3685 1413 3753 ubi
1442 3696 1474 3753 et
1527 3711 1610 3757 men
1639 3686 1913 3779 promissionum
1943 3696 2164 3754 aeternarum
2194 3701 2228 3759 et
2248 3690 2507 3779 temporalium.

499 3791 642 3883 quando
652 3786 797 3858 Messias
807 3805 977 3860 venturus
991 3799 1077 3857 erat.
1110 3782 1157 3856 Et
1169 3781 1253 3855 huic
1268 3785 1475 3876 promissio·
1526 3784 1579 3858 Ac
1594 3790 1751 3880 prolecto
1766 3785 1925 3878 oportuit
1940 3807 2013 3855 esse
2029 3786 2252 3856 excellentem
2269 3789 2505 3860 eruditionem

495 3892 533 3961 ni
545 3887 612 3961 hoc
628 3892 761 3959 bonum
777 3890 980 3960 adiunctum
990 3889 1066 3972 luit,
1090 3890 1185 3980 quod
1198 3901 1292 3958 certo
1309 3887 1475 3971 sciebant,
1526 3891 1764 3973 sacerdotum,
1802 3887 1865 3981 qui
1896 3887 2093 3957 docuerunt
2123 3900 2258 3958 rectum
2285 3888 2505 3961 intellectum

495 3993 593 4063 illam
608 3991 769 4084 politiam
785 3993 989 4062 duraturam
1008 4014 1100 4073 esse,
1122 3991 1235 4057 donec
1247 3988 1397 4057 Messias
1414 4012 1473 4056 cx·
1526 3991 1820 4085 promissionum,
1855 3983 1906 4059 Et
1929 3987 1977 4056 ob
2009 3980 2102 4058 hanc
2134 4011 2273 4059 causam
2306 3985 2504 4083 Prophetae

493 4090 629 4166 hibitus
648 4106 749 4164 esset.
800 4090 897 4163 Haec
916 4093 1011 4162 bona
1037 4115 1112 4160 non
1132 4089 1277 4161 suerunt
1291 4091 1330 4158 in
1354 4083 1473 4158 ethni·
1523 4092 1622 4161 missi
1646 4102 1741 4162 sunt.

494 4197 543 4267 cis
568 4195 737 4289 imperiis.
790 4192 874 4263 ldeo
895 4190 963 4264 hoc
980 4216 1128 4282 regnum
1151 4192 1256 4282 lunge
1269 4189 1473 4260 antecelluit
1624 4188 1749 4259 Postea
1781 4179 1889 4252 huius
1919 4185 2021 4274 regni
2054 4189 2221 4281 exemplis
2251 4202 2372 4259 monet
2405 4180 2502 4260 Deus

493 4299 531 4365 in
545 4311 617 4368 toto
638 4319 766 4388 genere
781 4290 950 4366 humano.
978 4356 983 4363 .
1003 4291 1056 4364 Ac
1073 4293 1296 4363 interiectum
1311 4292 1378 4361 luit
1393 4289 1471 4358 aliis
1523 4313 1645 4363 omncs
1657 4285 1840 4369 homines,
1862 4293 1904 4353 ut
1918 4298 2118 4356 reverenter
2138 4290 2242 4359 donis
2255 4287 2324 4361 Dei
2343 4301 2502 4374 utantur,

494 4398 628 4485 regnis,
663 4396 857 4492 Aegyptio,
888 4389 1093 4485 Assyriam,
1126 4388 1302 4464 Chaldaeo
1330 4404 1365 4459 et
1384 4388 1471 4459 Per·
1522 4406 1556 4464 et
1570 4390 1724 4480 cogitent
1738 4389 1781 4457 de
1794 4383 1928 4453 iudicio
1941 4384 2026 4472 Dei,
2052 4399 2086 4459 et
2100 4410 2172 4457 sese
2187 4391 2230 4459 ad
2244 4390 2500 4481 poenitentiam

496 4493 588 4576 sico,
611 4508 651 4564 ut
665 4497 748 4566 inde
768 4495 901 4589 agnitio
923 4495 999 4563 veri
1015 4491 1082 4565 Dei
1097 4504 1349 4585 propagaretur
1364 4491 1468 4562 etiam
1521 4508 1558 4565 et
1577 4514 1695 4562 veram
1717 4484 1977 4558 invocationem
1993 4488 2197 4559 exuscitent.
2248 4484 2303 4560 Ac
2320 4489 2499 4580 magnitu-

495 4593 541 4662 ad
555 4593 683 4663 multas
698 4597 783 4668 alias
798 4613 927 4690 gentes.
1522 4598 1567 4666 do
1583 4613 1780 4686 poenarum
1796 4600 1976 4681 utrunque
1992 4589 2164 4674 ostendit,
2188 4588 2278 4658 iram
2289 4591 2360 4661 Dei
2372 4593 2498 4660 adver-

597 4691 759 4765 Tertium
779 4700 914 4772 bonum
936 4695 1006 4768 suit
1029 4692 1117 4783 regii
1138 4707 1267 4779 status,
1292 4693 1387 4787 quod
1410 4706 1469 4763 ut·
1521 4707 1793 4787 suspectarum,
1818 4702 1853 4758 et
1868 4711 1990 4758 rursus
2005 4688 2237 4780 praesentiam
2252 4688 2337 4775 Dei,
2362 4692 2497 4781 potenti

494 4818 634 4888 cunque
662 4797 797 4884 proluit
825 4805 869 4871 ad
902 4797 1126 4872 durationem
1160 4795 1317 4886 politiae.
1376 4790 1469 4865 Sunt
1520 4799 1640 4868 dextra
1664 4794 1759 4866 inter
1785 4801 1900 4861 tantas
1932 4789 2156 4881 confusiones
2179 4791 2350 4862 servantis
2376 4807 2496 4864 tamen

494 4896 588 4963 enim
605 4895 815 4987 aprincipio
827 4898 972 4973 Davidis
991 4919 1104 4991 usque
1127 4897 1173 4966 ad
1189 4909 1339 4966 mortem
1357 4893 1469 4966 Sede·
1520 4898 1619 4988 regni
1634 4909 1788 4989 partem,
1813 4903 1987 4984 quatenus
2002 4903 2177 4973 servatur,
2201 4892 2292 4963 sicut
2304 4892 2425 4986 inquit
2440 4888 2496 4961 le-

494 4989 593 5063 cbiae
619 4995 706 5066 anni
731 4999 975 5090 quadringenti
1005 4998 1184 5089 sexaginta
1219 5010 1364 5089 septem.
1420 4992 1469 5065 Et
1519 5000 1662 5070 remiss:
1700 4991 1968 5064 Misericordiae
1996 4989 2145 5064 Domini
2176 4996 2271 5086 quod
2300 5015 2375 5063 non
2408 5016 2495 5065 con·

492 5108 610 5165 tamen
635 5110 754 5186 postea
779 5088 918 5192 quoq'ue
939 5116 1019 5194 pust
1041 5100 1195 5170 reditum
1221 5120 1263 5168 ex
1285 5095 1469 5188 Babylone
1519 5096 1651 5192 sumpti
1675 5092 1807 5165 sumus·

494 5196 600 5265 duces
620 5198 766 5270 fuerunt
793 5223 833 5267 ex
860 5200 967 5292 stirpe
985 5201 1103 5273 David
1124 5222 1236 5293 usque
1262 5199 1307 5268 ad
1327 5196 1467 5268 Macca-
1620 5195 1801 5266 intuentes
1813 5188 1932 5287 itaque
1940 5187 2123 5263 historiam
2137 5193 2259 5288 populi
2267 5192 2388 5280 lsraie'l,
2404 5195 2494 5265 scia-'

490 5297 614 5379 baeos,
638 5320 750 5369 annos
764 5312 937 5370 trecentos
952 5305 1168 5393 septuaginta
1183 5314 1265 5371 tres.
1518 5320 1596 5370 mus
1626 5295 1709 5369 nos!
1721 5296 1766 5365 de
1786 5292 1909 5364 multis
1929 5294 2066 5385 maguis
2093 5296 2199 5367 rebus
2223 5296 2492 5367 commonefieri.

593 5395 690 5469 llaec
710 5401 806 5471 bona
823 5400 931 5471 luisse
953 5423 1078 5489 magna
1098 5418 1132 5476 et
1154 5401 1346 5492 singularia
1361 5422 1466 5492 opera
1518 5396 1572 5469 Ac
1585 5398 1690 5469 initio
1704 5391 1812 5468 huius
1825 5388 1996 5467 Chronici
2013 5394 2184 5482 diximus,
2207 5421 2248 5467 ex
2263 5393 2320 5468 his
2335 5394 2491 5466 historiis

491 5493 589 5580 Dei,
617 5503 878 5590 agnoscendum
897 5512 967 5584 est,
992 5499 1082 5570 sicut
1104 5503 1355 5594 scriptumest:
1387 5500 1466 5570 Nisi
1518 5524 1593 5572 non
1614 5512 1751 5571 tantum
1773 5496 1929 5589 exempla
1950 5496 2114 5587 politicae
2134 5497 2400 5587 gubernationis
2428 5517 2492 5585 pe-

489 5593 679 5671 Dominns
692 5599 899 5674 custodierit
910 5599 1107 5683 civitatem,
1127 5603 1257 5677 frustra
1270 5604 1392 5696 vigilat
1403 5601 1467 5695 qui
1517 5603 1622 5673 tenda
1637 5624 1729 5685 esse,
1754 5598 1872 5695 qualia
1886 5597 2057 5697 praebent
2071 5593 2126 5668 res
2138 5612 2252 5688 gestae
2267 5598 2305 5665 in
2328 5595 2407 5665 aliis
2422 5594 2491 5661 im-

491 5703 643 5776 rustodit
665 5727 755 5783 eam.
802 5699 851 5778 Et
877 5717 919 5776 ut
938 5696 1025 5772 baec
1052 5719 1188 5772 summa
1212 5706 1308 5778 bona
1335 5703 1467 5779 nuruis
1515 5702 1642 5798 periis:
1671 5702 1733 5775 sed
1745 5701 1858 5774 multo
1872 5698 1983 5787 magis
1997 5697 2194 5772 testimonia
2217 5694 2490 5787 patefactionum
