6025 6775
1004 806 1163 890 99⁵

1217 970 1328 1049 Ex
1384 971 1659 1043 Iustina
1705 971 1859 1043 nati
1909 985 2076 1044 sunt
2119 971 2662 1049 Valentinianus
2717 1000 2972 1058 secun-

1017 1089 1188 1165 dus,
1248 1072 1481 1160 lusta,
1542 1070 1766 1145 Grata
1808 1085 1877 1143 et
1927 1070 2179 1158 Galla,
2239 1099 2451 1168 quam
2489 1090 2731 1170 postea
2776 1079 2978 1153 duxit

1018 1175 1489 1253 Theodosius.
1590 1170 1973 1267 Postquam
2014 1188 2250 1245 autem
2286 1175 2832 1251 Valentinianus
2864 1202 2978 1250 se-

1014 1281 1290 1355 cundus
1353 1300 1393 1347 a
1435 1272 1783 1346 Gratiano
1845 1273 2060 1344 fratre
2095 1297 2384 1347 consors
2429 1277 2708 1370 imperii
2749 1280 2978 1352 factus

1013 1395 1156 1466 est,
1205 1402 1368 1449 cum
1411 1376 1492 1445 in
1529 1374 1707 1444 urbe
1733 1372 2013 1445 Galliae
2043 1372 2323 1444 Vienna
2366 1400 2514 1447 non
2558 1392 2756 1453 cavet
2796 1380 2977 1451 insi·
3021 1390 3022 1395 ’

1014 1484 1206 1565 dias,
1253 1479 1346 1549 ab
1376 1475 1769 1562 Arbogasto
1814 1473 2257 1551 interficitur.
2357 1475 2457 1547 Hi
2488 1478 2717 1550 tristes
2749 1480 2976 1553 exitus

1012 1585 1302 1654 fuerunt
1340 1576 1654 1646 filiorum
1700 1574 2184 1668 imperatoris,
2237 1577 2363 1671 qui
2392 1578 2709 1651 iustitiae
2745 1580 2977 1653 cultor

1004 1683 1164 1755 fuit.

1214 1778 1462 1853 Redeo
1524 1788 1759 1848 autem
1813 1776 1905 1846 ad
1964 1772 2336 1848 Valentem
2361 1825 2383 1860 ,
2445 1778 2571 1874 qui
2625 1793 2978 1875 superstes

1009 1882 1147 1957 fuit
1199 1880 1406 1951 fratri
1469 1875 1744 1947 circiter
1806 1876 2233 1963 triennium,
2296 1902 2456 1949 cum
2509 1895 2718 1953 antea
2762 1882 2975 1953 simul

1009 2007 1174 2057 cum
1219 1981 1436 2051 fratre
1477 1976 1815 2048 tenuisset
1859 1975 2240 2066 imperium
2286 2002 2512 2050 annos
2554 1982 2703 2052 fere
2746 1984 2976 2054 unde-

1010 2086 1190 2163 cim,
1271 2081 1597 2149 indoctus
1657 2088 1730 2147 et
1785 2077 2128 2161 crudelis,
2207 2080 2569 2171 amplexus
2628 2083 2975 2154 Arianam

1010 2183 1441 2274 impietatem
1519 2179 1735 2248 fratre
1793 2200 1954 2247 eum
2007 2172 2461 2265 dehortante,
2542 2177 2977 2254 orthodoxos

1005 2278 1394 2375 Episcopus
1454 2278 1532 2346 in
1597 2276 1806 2347 exilia
1864 2276 2080 2348 misit.
2186 2276 2401 2350 Initio
2447 2281 2718 2353 bellum
2764 2284 2974 2374 gessit

1007 2407 1168 2453 cum
1215 2377 1562 2468 Procopio
1611 2375 1871 2446 Iuliani
1933 2390 2230 2468 cognato
2281 2381 2406 2473 qui
2452 2405 2698 2474 rapere
2746 2383 2973 2476 impe-

1007 2483 1192 2553 rium
1239 2492 1532 2549 conatus
1575 2487 1699 2550 est‘.
1799 2474 2014 2547 Hunc
2050 2478 2210 2564 ‘acie
2240 2482 2506 2551 victum
2526 2483 2797 2554 milites
2825 2496 2972 2555 tra-

1005 2582 1347 2651 diderunt
1378 2576 1705 2661 Valenti,
1757 2578 1879 2670 qui
1917 2601 2077 2647 eum
2110 2580 2338 2650 occidi
2367 2580 2591 2658 iussit.
2692 2581 2973 2656 Deinde

1005 2700 1449 2772 repressurus
1470 2674 1717 2747 Persas
1747 2677 1947 2748 duxit
1977 2680 2353 2751 exercitum
2383 2683 2468 2751 ad
2488 2680 2967 2756 Antiochiam.

1005 2777 1115 2853 Eo
1171 2793 1487 2871 tempore
1531 2777 1754 2848 multa
1802 2771 1966 2848 'fecit
2009 2780 2389 2851 crudeliter
2430 2798 2678 2855 contra
2717 2780 2973 2857 ortho-

1001 2884 1246 2951 doxos.
1389 2877 1789 2950 Revocatus
1856 2891 2088 2948 autem
2151 2880 2229 2949 in
2284 2878 2710 2969 Thraciam,
2804 2886 2972 2980 quia

1002 2979 1210 3052 Gotti
1254 2980 1501 3051 urbem
1549 2976 2236 3070 Constantinopolim
2286 2986 2828 3073 oppugnabant,
2892 2985 2972 3075 in

1000 3104 1307 3178 quorum
1339 3079 1646 3159 exercitu
1675 3079 2088 3150 nominatur
2117 3082 2260 3151 dux
2288 3079 2787 3171 Fridigernus,
2836 3108 2971 3155 no-

997 3184 1368 3253 minantur
1419 3193 1489 3250 et
1529 3177 1860 3269 Turingi.
1961 3178 2375 3272 Reprimere
2409 3178 2672 3256 Gottos
2716 3185 2970 3278 coepit,

999 3286 1120 3354 sed
1179 3306 1339 3354 cum
1405 3281 1493 3351 ad
1542 3280 2085 3371 Adrianopolim
2128 3282 2593 3372 praeliaretur
2640 3308 2800 3355 cum
2845 3286 2968 3368 eis,

1001 3384 1296 3454 vulnere
1336 3395 1616 3471 accepto
1661 3381 1923 3453 decidit
1965 3404 2047 3452 ex
2088 3405 2308 3475 equo,
2361 3383 2538 3455 etin
2568 3385 2968 3475 proximum

1000 3483 1366 3574 tugurium
1410 3482 1660 3553 ductus
1710 3495 1844 3571 est,
1894 3484 2087 3576 quod
2130 3507 2292 3553 cum
2323 3499 2691 3578 sequentes
2725 3481 2967 3559 hostes

1001 3583 1513 3667 incendissent,
1608 3583 1756 3673 ipse
1813 3589 2109 3676 quoque}
2158 3583 2442 3655 flamma
2501 3601 2967 3680 consumptus

1000 3696 1128 3756 est.
1243 3682 1350 3754 lta
1410 3706 1669 3773 poenas
1725 3682 1921 3752 dedit
1971 3682 2272 3753 iniustae
2308 3685 2686 3773 saeviciae,
2748 3712 2965 3781 quam

998 3787 1334 3856 adversus
1366 3777 1828 3856 Orthodoxos
1871 3797 2306 3870 exercuerat,
2355 3798 2423 3855 et
2463 3787 2749 3878 quidem
2793 3812 2967 3880 pro-

995 3885 1335 3957 ficiscenti
1379 3886 1471 3954 ad
1519 3884 1862 3976 praelium
1907 3883 2256 3977 praedixit
2297 3884 2411 3955 vir
2439 3899 2760 3974 sanctus,
2809 3890 2964 3986 igni

998 3987 1397 4081 periturum
1427 4006 1595 4059 esse.

1098 4183 1316 4261 Anno
1340 4186 1588 4257 mundi
1612 4160 1860 4278 quater
1879 4188 2253 4261 millesimo
2282 4191 2766 4264 trecentesimo
2787 4216 2963 4289 qua-

1408 4287 1801 4376 dragesimo
1833 4302 2113 4379 quarto.

1092 4393 1310 4463 Anno
1339 4385 1618 4460 Romae
1645 4388 2024 4459 millesimo
2056 4389 2433 4463 centesimo
2464 4394 2818 4465 tricesimo
2852 4416 2962 4467 se-

1095 4591 1312 4661 Anno
1326 4490 2110 4661 Ctffiffl‘l}ecentesimo
2139 4595 2606 4683 octuagesimo
2628 4599 2960 4674 seeundo.

1707 4744 2249 4814 Gratianus.

1190 4885 1484 4960 Mortuo
1580 4885 1882 4958 Valente
1969 4878 2393 4962 Gratianus
2471 4887 2961 4966 Valentiniani

991 4987 1208 5079 primi
1253 4991 1476 5075 filius,
1539 5004 1748 5060 natus
1793 5013 1874 5059 ex
1901 4985 2159 5064 Severa
2207 4994 2282 5064 in
2315 4996 2493 5064 urbe
2524 4990 2841 5089 Syrmio,
2892 5011 2959 5068 et

997 5082 1585 5179 Valentinianus
1631 5093 2031 5178 secundus,
2070 5091 2401 5165 Gratiani
2445 5097 2697 5181 frater,
2747 5110 2957 5168 natus

986 5211 1071 5261 ex
1109 5186 1417 5271 Iustina,
1467 5203 1966 5260 successerunt.
2069 5191 2263 5264 Fecit
2301 5209 2533 5265 autem
2568 5193 2955 5268 Gratianus

985 5301 1383 5362 consortem
1433 5288 1714 5380 imperii
1757 5285 2281 5377 Theodosium,
2343 5319 2504 5365 cum
2548 5320 2689 5391 quo
2728 5322 2956 5370 annos

981 5408 1290 5488 quatuor
1317 5389 1656 5478 regnavit,
1706 5411 1866 5457 cum
1891 5403 2096 5460 antea
2124 5416 2284 5462 cum
2316 5409 2508 5485 patre
2531 5420 2756 5469 annos
2774 5415 2955 5487 octo,

1477 798 1898 879 scam-A
1947 800 2103 877 ru.
2151 798 2386 882 MEL.
2438 801 2575 879 An
2623 804 2882 885 ms'r.
2931 804 3225 895 mor.
3267 808 3406 890 Er
3452 813 3841 903 ramos,
3892 820 4575 915 srssc'rAN'mA:

4876 847 5051 926 996

3074 1006 3366 1071 cenum,
3425 998 3496 1058 et
3538 986 3617 1056 in
3658 990 3797 1061 line
3836 995 4035 1067 addit
4073 993 4616 1103 Epiphonema,
4667 1034 5044 1104 agnoscere

3073 1103 3147 1153 se
3173 1079 3359 1154 hanc
3390 1107 3590 1157 suam
3620 1091 4119 1167 confessionem
4149 1124 4300 1173 non
4332 1107 4435 1178 ita
4466 1113 4838 1203 splendide
4869 1122 5048 1190 scri-

3072 1198 3267 1276 ptam
3305 1208 3488 1271 esse,
3536 1198 3615 1257 ut
3649 1191 4056 1280 magnitudo
4089 1201 4192 1269 rei
4222 1208 4492 1295 poscit,
4540 1216 4668 1283 sed
4701 1217 4934 1289 dicere
4964 1243 5045 1292 se

3072 1284 3161 1354 de
3192 1284 3353 1356 Deo
3397 1301 3742 1381 quantum
3788 1290 3864 1360 in
3908 1287 4039 1365 hac
4065 1296 4466 1378 infirmitate
4499 1306 4816 1388 humana
4851 1319 5049 1394 iuxta

3030 1440 3031 1480 ÷
3072 1384 3329 1477 scripta
3371 1383 3785 1481 prophetica
3831 1405 3901 1462 et
3942 1400 4317 1486 apostolica
4356 1411 4618 1498 possit,
4686 1440 4837 1487 non
4884 1432 5050 1491 tan-

3030 1547 3031 1552 ,
3071 1496 3226 1554 tum
3289 1500 3637 1581 quantum
3693 1491 3783 1563 de
3822 1495 4309 1585 magnitudine
4351 1529 4586 1581 rerum
4623 1514 5052 1603 divinarum

3065 1606 3145 1692 se
3173 1586 3407 1658 dicere
3435 1610 3640 1681 posse
3669 1604 3888 1683 optet.

3274 1702 3570 1777 Mortuo
3609 1705 3908 1781 Valente
3948 1716 4311 1791 revocavit
4348 1726 4705 1802 exulantes
4735 1736 5059 1826 Episco-

3071 1825 3202 1893 pos
3248 1800 3723 1894 orthodoxos,
3776 1824 3847 1881 et
3892 1811 4098 1884 eiecit
4134 1837 4220 1885 ex
4256 1817 4590 1899 Ecclesiis
4636 1827 5056 1924 haereticos,

3071 1915 3140 1973 et
3194 1906 3503 1999 symboli
3543 1905 3798 1979 Niceni
3845 1913 4356 2003 professionem
4404 1949 4651 2001 omnes
4690 1931 5052 2009 Ecclesias

3070 2006 3431 2075 communi
3463 2030 3811 2081 consensu
3842 2014 4175 2106 amplecti
4208 2018 4433 2096 iussit.
4530 2017 4537 2025 ¹

3275 2118 3460 2194 Vivo
3492 2120 3794 2197 Valente
3835 2144 3991 2221 post
4032 2149 4331 2208 mortem
4375 2146 4598 2235 patris
4629 2147 4727 2218 'ad
4763 2150 5055 2241 Argeu-

3017 2277 3018 2282 ,
3068 2232 3379 2292 toratum
3434 2224 3943 2299 Alemanorum
4002 2231 4289 2324 triginta
4342 2244 4569 2317 millia
4636 2250 5059 2327 trucidavit.

3069 2317 3160 2389 In
3216 2344 3301 2391 eo
3358 2326 3626 2415 praelio
3675 2329 3903 2400 socios
3947 2326 4199 2405 habuit
4242 2335 4588 2427 Francos,
4654 2363 4736 2418 ut
4781 2351 5060 2423 scribit

3066 2418 3570 2507 Marcellinus,
3622 2440 3692 2499 et
3731 2430 3930 2500 addit
3974 2446 4136 2525 post
4182 2459 4330 2507 eam
4371 2444 4734 2517 victoriam
4762 2449 5059 2520 vicinas

3066 2522 3470 2611 provincias
3517 2526 3933 2621 aliquandiu
3976 2531 4395 2631 tranquillas
4434 2545 4672 2619 fuisse.
4793 2546 5053 2636 Quare

3068 2619 3484 2695 Gratianus>
3519 2624 3967 2701 Pannoniam
4034 2636 4219 2718 adit,
4301 2654 4384 2713 ut
4438 2643 4728 2717 Valenti
4788 2665 5051 2722 contra

3069 2717 3327 2793 Gottos
3372 2725 3863 2816 opitularetur.
3984 2732 4132 2805 Sed
4176 2734 4440 2814 Valens
4484 2769 4632 2817 non
4677 2764 5048 2842 expectato

3066 2844 3153 2891 eo
3186 2823 3531 2896 dimicans
3561 2831 3794 2919 periit.

3269 2936 3454 3012 Cum
3499 2943 3716 3035 igitur
3746 2946 4129 3024 Gratianus
4160 2954 4414 3027 fortem
4434 3011 4456 3042 ,
4506 2960 4775 3033 fidelem
4807 2979 4879 3036 et
4910 2992 5045 3059 pe-

3011 3091 3023 3127 ,Ῑ
3065 3037 3283 3156 ritum
3317 3042 3652 3134 collegam
3696 3065 4101 3142 quaereret,
4153 3055 4485 3128 adiunxit
4520 3062 4663 3133 sibi
4692 3060 5043 3139 Theodo-

3022 3202 3023 3207 ,
3065 3161 3275 3215 sium.

3396 3140 3535 3214 Hic
3583 3144 3840 3222 Gottos
3899 3151 3977 3221 in
4023 3148 4334 3240 Thracia
4390 3164 4744 3252 repressit.
4883 3166 5040 3261 lpse

3067 3236 3454 3313 Gratianus
3497 3244 3576 3315 in
3608 3245 3918 3319 Galliam
3961 3254 4209 3340 rediit,
4257 3256 4383 3328 ubi
4416 3262 4678 3340 omissa
4706 3288 4880 3337 cura
4909 3293 5038 3359 gu-

3012 3362 3013 3365 *
3066 3340 3502 3416 bet-nationis
3540 3348 3820 3422 deditus
3860 3353 4223 3425 venationi
4269 3369 4336 3429 et
4383 3359 4607 3450 ludis,
4656 3377 4728 3437 et
4768 3366 5035 3442 Alanos

3064 3441 3326 3513 milites
3372 3447 3777 3521 domesticis
3823 3455 4219 3527 anteferens
4259 3457 4339 3528 in
4384 3463 4634 3534 odium
4678 3470 4910 3555 venit,
4969 3486 5034 3544 et

3062 3539 3404 3634 Lugduni
3453 3570 3496 3619 a
3554 3548 3869 3624 Maximo
3916 3552 4194 3626 Galliae
4252 3564 4575 3651 praeside
4631 3567 5033 3645 interfectus

3064 3656 3170 3715 est
3188 3696 3211 3730 ,
3261 3666 3455 3716 anno
3479 3651 3724 3722 aetatis
3749 3653 4082 3727 vicesimo
4110 3681 4329 3731 nono.

3266 3780 3544 3855 Interea
3604 3782 4167 3875 Valentinianus,
4208 3790 4609 3868 Mediolani
4667 3800 4808 3876 fuit
4863 3809 5035 3879 ado:

3062 3877 3372 3969 lescens,
3436 3884 3565 3955 ubi
3621 3882 3890 3957 Iustina
3949 3890 4101 3962 eius
4159 3908 4391 3967 mater
4446 3898 4681 3967 favens
4732 3901 5039 3979 Arianis

3064 3977 3522 4053 Ambrosium
3551 3981 3980 4079 Episcopum
4008 3992 4270 4083 pellere
4298 4009 4535 4065 conata
4563 4009 4697 4079 est,
4751 4012 4829 4071 et
4853 4008 5040 4081 mis·

3064 4079 3159 4156 sis
3202 4077 3507 4152 Gotticis
3549 4087 4009 4176 satellitibus,
4073 4094 4151 4162 vi
4190 4095 4384 4165 iussit
4421 4116 4578 4163 eum
4615 4118 4702 4166 ex
4754 4111 5037 4199 templo

3049 4179 3244 4270 eiici.
3346 4180 3447 4253 Hi
3486 4208 3646 4255 cum
3690 4186 4114 4282 irrupissent
4157 4195 4245 4263 ad
4289 4215 4447 4263 eum
4488 4198 4786 4280 armati,
4841 4209 5039 4280 affir-

2963 4338 2975 4353 .
3020 4357 3023 4361 ,
3064 4295 3211 4354 mat
3240 4304 3313 4353 se
3342 4284 3763 4359 Ambrosius
3794 4312 3945 4360 non
3977 4293 4431 4364 discessurum
4459 4317 4608 4365 esse
4637 4320 4679 4367 a
4712 4321 4851 4372 suo
4880 4328 5040 4397 gre..

3063 4405 3187 4474 ge,
3236 4386 3358 4454 sed
3398 4386 3459 4455 si
3494 4386 3713 4459 velint
3744 4411 3908 4461 eum
3938 4393 4355 4478 interficere,
4406 4394 4487 4464 in
4513 4401 4787 4491 templo
4814 4426 4901 4478 se
4928 4434 5041 4480 ex.

3064 4495 3340 4574 pectare
3382 4509 3627 4557 omnes
3671 4511 3891 4566 casus.
3995 4491 4144 4585 lpse
4173 4495 4423 4566 scribit
4459 4499 4547 4566 de
4579 4495 4835 4574 Gottis
4870 4503 5042 4582 haec

3064 4583 3310 4653 verba:
3361 4581 3564 4660 Olim
3596 4588 3907 4679 plaustra
3935 4592 4033 4669 eis
4061 4593 4319 4665 domus
4352 4610 4591 4679 erant,
4641 4612 4824 4674 tunc
4861 4622 5043 4680 tem-

3060 4683 3180 4776 pla
3236 4707 3367 4776 pro
3428 4687 3762 4778 plaustris
3822 4689 4113 4778 habent,
4196 4696 4710 4780 vociferantur,
4782 4712 5043 4782 omnia

3003 4880 3004 4890 ἵ
3060 4785 3506 4876 imperatoris
3543 4810 3711 4860 esse.
3815 4790 3949 4864 Sed
3984 4791 4174 4864 Deus
4202 4797 4537 4884 affirmat,
4583 4819 4742 4868 suas
4770 4805 5039 4882 domos

3059 4906 3206 4956 esse
3254 4888 3551 4981 templa,
3605 4891 3686 4960 in
3724 4893 3979 4986 quibus
4021 4908 4228 4967 sonat
4263 4922 4425 4968 vera
4457 4900 4784 4971 doctrina
4808 4931 4830 4975 ι
4890 4906 5036 4980 Do-

3058 5008 3217 5058 mus
3279 5009 3434 5058 mea
3492 4991 3747 5063 domus
3808 4994 4151 5065 orationis
4197 4999 4588 5076 vocabitur.
4722 5001 4933 5080 Citat
4974 5024 5032 5080 et

3058 5079 3229 5158 hoc:
3288 5083 3471 5161 Date
3513 5089 3666 5161 Deo
3723 5093 4085 5184 quae-Dei
4136 5112 4343 5185 sunt,
4401 5111 4472 5170 et
4510 5097 4816 5177 Caesari
4865 5132 5029 5203 quae

3054 5201 3224 5261 sunt
3250 5186 3587 5261 Caesaris.

3254 5302 3440 5377 Cum
3476 5317 3707 5376 autem
3742 5306 4288 5387 Valentinianus
4316 5291 4720 5392 Maximum
4759 5325 5025 5416 fugiens

3054 5405 3395 5478 auxilium
3433 5428 3472 5474 a
3504 5402 3915 5481 Theodosio
3951 5429 4251 5505 peteret,
4298 5420 4655 5511 rescripsit
4692 5425 4768 5494 ei
4798 5425 5024 5498 Theo-

979 5518 1142 5566 cum
1176 5507 1427 5587 pau-uo
1461 5503 1604 5561 tres
1636 5503 2014 5578 regnasset.
2122 5491 2285 5564 Fuit
2315 5496 2657 5572 eruditus.
2759 5498 2952 5571 Scri·
3052 5504 3331 5588 dosins,
3378 5508 3623 5595 puniri
3663 5510 3811 5582 eius
3855 5513 4324 5606 impietatem,
4372 5521 4611 5612 seipsi
4644 5548 4808 5598 non
4841 5531 5023 5599 defu·

977 5598 1135 5688 psit*
1167 5617 1451 5667 carmen
1505 5591 1893 5681 eleganter,
1945 5606 2016 5664 et
2058 5595 2456 5668 oratoribus
2499 5598 2742 5669 aetatis
2786 5623 2952 5670 suae
2994 5628 2995 5634 ¹
3049 5619 3290 5675 turum
3350 5628 3531 5689 esse,
3594 5612 3657 5680 si
3711 5635 3949 5682 veram
3996 5619 4413 5688 sententiam
4460 5624 5022 5716 amplecteretur.

974 5697 1374 5789 praecipuis
1417 5705 1920 5765 annumeratus
1967 5707 2095 5773 est.
2214 5692 2430 5768 Extat
2473 5697 2623 5768 eius
2657 5699 2951 5791 epistola
3049 5698 3386 5778 Occurrit
3411 5709 3629 5797 igitur
3656 5709 3975 5784 Maximo
4003 5718 4325 5788 venienti
4349 5721 4772 5816 Aquileiam
4800 5728 5020 5801 Theo.

979 5796 1070 5865 ad
1127 5795 1587 5866 Ambrosium
1634 5791 2244 5866 Mediolanensem
2286 5795 2718 5889 Episcopum
2774 5798 2950 5869 scri-

975 5909 1136 5987 pta,
1189 5896 1264 5963 in
1312 5919 1452 5988 qua
1496 5897 1865 5988 profitetur
1911 5919 1985 5967 se
2018 5897 2342 5989 amplecti
2381 5897 2782 5991 symbolum
2815 5895 2948 5968 Ni-
2990 5862 2998 5990 Ι

3047 5803 3326 5893 dosius,
3370 5811 3495 5881 ubi
3542 5836 3701 5882 cum
3735 5815 4001 5904 praelio
4034 5832 4441 5909 superatum
4476 5821 4898 5902 Maximum
4929 5830 5016 5901 sui

3047 5906 3307 5980 milites
3340 5905 3750 5984 Theodosio
3792 5916 4281 6024 tradidissent,
4334 5920 4544 5997 iussit
4583 5950 4764 6003 eum
4796 5929 5015 6007 Theo-
