6025 6775
557 578 655 656 1009
1112 570 1142 646 t.
1190 560 1483 644 ennontcon
1516 560 1764 645 cantouts.
1807 565 2014 645 raasn.
2467 541 2566 654 1'090

556 752 633 822 eius
653 746 735 818 liliis
759 745 881 817 oculos
913 740 1044 813 effodit.
1095 733 1335 810 patriarcham
1359 736 1538 808 verberari
1588 737 1690 807 etin
1721 736 1914 809 Germania
1943 741 2134 811 modestiae
2164 746 2360 836 exemplum
2379 748 2563 821 sostendit.

557 852 677 936 iussit,
701 861 735 919 et
753 846 956 939 impositum
980 842 1080 912 asino
1102 861 1269 909 conversa
1290 838 1380 908 sacia
1391 840 1436 907 ad
1454 861 1538 907 cau·
1587 834 1787 911 Saxonihus
1807 841 1882 911 acie
1904 840 2005 914 victis
2026 842 2129 913 etiam
2155 844 2202 915 ita
2232 869 2297 935 pax
2320 849 2399 917 data
2419 863 2489 929 est,
2523 863 2565 921 ut
2677 929 2679 934 ,

556 955 656 1037 dam,
681 972 787 1043 quam
802 947 968 1017 manibus
981 951 1125 1025 teneret,
1150 934 1392 1010 circumvehit.
1444 935 1537 1007 Cum
1587 960 1651 1008 suo
1673 943 1831 1012 contenti
1855 936 1946 1012 nihil
1966 943 2162 1015 adimerent
2186 967 2293 1034 regno
2312 945 2504 1034 Francico,
2529 963 2565 1021 et
2610 967 2614 974 ·

556 1051 721 1141 Balgatia
745 1048 843 1118 varia
877 1046 980 1137 gessit
1002 1041 1106 1112 bella.
1163 1038 1326 1109 Tandem
1351 1051 1536 1132 postquam
1586 1039 1659 1109 suis
1680 1039 1815 1130 legibus
1839 1043 2015 1129 viverent,
2046 1056 2184 1116 tantum
2205 1049 2395 1138 quotannis
2410 1051 2564 1120 adduce-

557 1152 691 1222 variam
705 1148 947 1221 crudelitatem
964 1142 1134 1219 exercuit,
1161 1140 1286 1208 morbo
1300 1152 1460 1211 mortuus
1476 1150 1537 1211 est.
1586 1154 1667 1211 rent
1700 1144 1745 1211 ad
1784 1166 1899 1234 regem
1931 1143 2142 1216 Francicus„
2173 1160 2347 1220 trecento,
2377 1151 2563 1222 hennom

555 1251 673 1345 Ipsius
687 1266 844 1342 tempore
859 1246 965 1317 desiit
979 1236 1197 1312 Exarchatus
1214 1239 1252 1306 in
1278 1236 1398 1321 Italia,
1425 1253 1459 1311 et
1475 1238 1537 1308 Pi·
1586 1263 1704 1336 equos.

555 1354 663 1446 pinus
675 1352 769 1421 filius
783 1346 904 1419 Caroli
919 1341 1078 1415 Martelli
1099 1364 1178 1410 cum
1196 1339 1322 1410 suisset
1340 1339 1459 1411 Maior
1471 1342 1537 1409 do-
1686 1343 1719 1411 A
1736 1341 1866 1436 Pipino
1888 1346 1993 1416 eriam
2015 1347 2172 1417 ,tribum
2193 1372 2370 1419 ,nmmum
2387 1345 2563 1419 Iudicium

556 1474 636 1525 mus
656 1473 768 1523 annos
791 1451 930 1531 decem,
956 1464 1130 1513 consensu
1152 1438 1342 1510 Procerum
1360 1441 1471 1512 lactus
1486 1452 1538 1509 est
1586 1442 1624 1508 in
1642 1440 1780 1534 Gallia,
1804 1449 1900 1539 quod
1916 1440 2197 1518 Parlamentum
2220 1451 2428 1533 nominant,
2452 1449 2563 1520 Lute-

555 1578 616 1624 rex
623 1552 841 1624 Francorum
855 1569 950 1616 anno
960 1539 1096 1614 Christi
1110 1541 1417 1632 septingentesima
1430 1540 1537 1633 quin·
1585 1541 1654 1611 tiae
1670 1543 1774 1614 initio
1792 1548 2021 1620 constitutum
2038 1553 2132 1635 esse,
2158 1552 2253 1643 quod
2274 1549 2445 1643 sapientia
2466 1551 2563 1621 iudi-

555 1654 758 1748 quagesimo
786 1647 913 1739 primo.
970 1643 1146 1717 Scribitur
1175 1638 1333 1712 Romani
1354 1640 1537 1712 Pontificis
1585 1666 1684 1722 cum,
1718 1645 1844 1715 ordine
1872 1648 2102 1739 cognitionis,
2140 1652 2322 1721 severitate
2347 1652 2562 1722 ρχρςῃῑῑοῃῑς

555 1749 745 1823 Zachariae
769 1748 956 1819 autoritate
978 1765 1139 1835 proceres
1154 1742 1353 1815 iuramento
1369 1742 1537 1812 liberatos
1584 1744 1689 1831 longe
1706 1745 1883 1817 antecellit
1898 1750 2063 1820 omnibns
2077 1750 2218 1821 iudiciis
2240 1752 2277 1820 in
2293 1774 2418 1841 genere
2434 1748 2563 1822 huma.

554 1853 710 1943 toiigisse
730 1849 972 1932 Hildericum,
1003 1859 1043 1915 ut
1067 1844 1202 1933 regium
1221 1866 1358 1912 nomen
1379 1845 1536 1932 depone-
1585 1868 1644 1914 no.
1694 1842 1792 1914 Haec
1811 1868 1894 1914 vere
1917 1843 2058 1919 heroica
2080 1864 2181 1935 sunt,
2206 1852 2296 1923 iusta
2320 1853 2413 1922 bella
2431 1875 2563 1942 gerere,

554 1966 618 2027 ret.
669 1949 852 2021 Hilderico
876 1950 915 2017 in
936 1945 1191 2016 monasterium
1211 1943 1348 2012 incluso
1365 1941 1535 2033 Pipinum
1584 1945 1672 2016 etin
1695 1945 1842 2015 victoria
1863 1946 2036 2017 iusticiam
2062 1964 2095 2020 et
2109 1952 2316 2023 modestiam
2331 1954 2502 2038 retinere,
2526 1964 2563 2022 et

554 2052 759 2124 Bonilacius
778 2050 967 2123 Suessione
985 2044 1179 2116 coronavit.
1231 2040 1368 2112 Deinde
1385 2040 1535 2134 Pipinus
1558 2097 1560 2108 .
1583 2045 1738 2134 legitima
1760 2045 1891 2117 iudicia
1916 2050 2100 2139 prolutura
2123 2053 2187 2123 toti
2211 2054 2406 2143 posteritati
2429 2052 2562 2123 consti-

554 2154 665 2223 bisin
681 2152 816 2225 ltaliam
839 2162 983 2219 vocatus
1003 2159 1055 2217 est
1077 2155 1201 2214 contra
1213 2141 1534 2231 Longobardorum
1583 2159 1692 2217 tuere.
1742 2143 1838 2217 Haec
1859 2148 2046 2239 praecipua
2069 2164 2170 2235 strnt,
2201 2176 2291 2244 qnae
2313 2155 2350 2221 in
2366 2150 2562 2224 Occidente

419 2245 422 2250 ’
554 2277 672 2344 regem
690 2253 881 2325 Astulfum.
933 2247 976 2318 ln
1000 2259 1149 2335 utraque
1171 2243 1395 2333 expeditione
1410 2245 1535 2312 mode·
1583 2243 1800 2341 Copronymi
1814 2261 1971 2340 tempore
1985 2262 2058 2318 acta
2076 2264 2169 2323 sunt.
2222 2251 2358 2322 luterea
2373 2254 2412 2323 in
2427 2251 2562 2324 Orien-

553 2355 619 2426 stia
643 2353 764 2446 Pipini
787 2374 869 2421 vere
896 2345 1039 2418 heroica
1068 2343 1153 2428 fnit,
1184 2365 1288 2433 quam
1309 2344 1466 2414 fortassis
1491 2368 1533 2413 eo
1582 2361 1617 2419 te
1634 2372 1675 2417 ex
1691 2347 1808 2435 Portis
1823 2346 1960 2440 Caspiis
1977 2350 2077 2419 ellusi
2092 2347 2229 2421 Tuccae
2251 2352 2288 2420 in
2312 2350 2513 2423 Colchicam
2528 2366 2562 2423 et

553 2456 687 2524 maiore
709 2476 793 2524 cura
819 2446 1013 2540 praestitit,
1045 2444 1128 2537 quia
1155 2443 1225 2513 suit
1249 2445 1415 2514 educatus
1438 2447 1533 2536 apud
1582 2445 1788 2519 Armeniam
1805 2449 2020 2541 irruperunt,
2044 2450 2108 2522 ubi
2124 2464 2159 2522 et
2176 2475 2255 2521 cum
2265 2450 2450 2523 Saracenis
2459 2478 2562 2544 prae-

551 2578 668 2645 regem
691 2550 950 2622 Lutbrandum.
1001 2541 1086 2616 Ideo
1106 2543 1156 2614 sic
1176 2543 1355 2616 consuluit
1372 2545 1467 2635 Paci,
1491 2558 1535 2616 ut
1582 2549 1764 2620 liatisunt.
1812 2547 1915 2620 Hanc
1936 2551 2044 2622 luisse
2058 2575 2198 2623 causam
2213 2553 2393 2632 existimo,
2417 2578 2480 2624 cur
2495 2551 2561 2624 Sa-

552 2678 699 2745 regnum
708 2649 1026 2740 Langobardorum
1043 2668 1118 2716 non
1133 2643 1315 2730 deleverit,
1336 2669 1376 2716 ac
1390 2669 1436 2715 ne
1451 2645 1533 2739 qui·
1581 2652 1699 2720 raceni
1729 2653 1897 2721 adversus
1926 2649 2190 2746 copronymum
2218 2649 2311 2722 nibil
2331 2654 2562 2724 memorabile

552 2758 634 2824 dem
656 2750 842 2842 vestigium
864 2750 902 2818 in
930 2748 1031 2821 ltalia
1056 2745 1291 2836 occupaverit.
1342 2746 1386 2816 ln
1414 2748 1533 2838 priore
1582 2750 1728 2837 egerint.
1778 2746 1857 2821 Etsi
1879 2764 1995 2821 autem
2010 2750 2179 2823 Mauricii
2200 2766 2358 2846 tempore
2374 2755 2467 2824 bella
2482 2776 2561 2845 ges-

552 2851 773 2947 expeditione
802 2874 882 2920 cum
913 2850 1096 2920 Astullum
1117 2844 1238 2915 Ticini
1265 2846 1533 2918 circumsessum
1581 2863 1705 2920 serunt
1720 2848 1859 2920 Turcae
1883 2864 2005 2922 contra
2025 2850 2164 2923 Persas:
2189 2866 2308 2924 tamen
2329 2855 2413 2947 quia
2434 2869 2561 2925 tunca

551 2954 721 3044 coiigisset
741 2952 946 3045 promittere
966 2973 1109 3041 pacem,
1133 2946 1226 3017 datis
1238 2947 1440 3033 obsidibus,
1465 2943 1532 3016 hac
1580 2949 1696 3020 Persis
1710 2951 1859 3040 repressi
1875 2963 1977 3036 sunt,
2001 2974 2042 3021 ea
2056 2953 2196 3045 eruptio
2210 2953 2330 3024 minus
2347 2954 2495 3025 celebris
2508 2968 2561 3026 est

550 3051 714 3148 pactione
738 3065 924 3123 contentus
945 3074 1027 3121 mox
1048 3051 1086 3119 in
1115 3048 1265 3140 patriam
1286 3046 1403 3122 rediit.
1460 3046 1533 3120 Sed
1580 3075 1687 3146 quam
1708 3046 1794 3121 haec
1814 3053 1987 3137 secunda,
2017 3052 2058 3121 in
2081 3076 2151 3147 qua
2174 3054 2328 3145 primum
2352 3052 2561 3127 Saracenica

551 3156 679 3228 Astulfi
698 3154 827 3225 ferocia
849 3152 960 3242 magis
980 3152 1120 3222 irritata
1141 3173 1247 3241 quam
1269 3171 1424 3239 repressa
1451 3148 1531 3219 luit.
1580 3176 1676 3223 arma
1691 3153 1826 3242 experti
1838 3165 1937 3239 sunt,
1962 3176 2052 3247 quae
2066 3153 2106 3222 in
2120 3168 2277 3247 tempora
2291 3151 2512 3249 Copronymi
2525 3163 2561 3227 et'

549 3258 636 3329 Post
658 3256 792 3327 abitum
814 3251 937 3344 Pipini
957 3247 1118 3323 Astulfus
1150 3261 1271 3320 contra
1295 3264 1396 3341 pacta
1417 3250 1531 3319 maius
1581 3252 1699 3342 Pipini
1716 3252 1892 3327 incidunt.
1941 3251 2035 3326 Sunt
2049 3268 2164 3325 autem
2185 3270 2323 3326 montes
2336 3253 2456 3347 Caspii
2471 3256 2560 3325 vici-

550 3359 686 3431 bellum
700 3367 829 3438 movet,
853 3353 951 3425 ducit
965 3352 1155 3423 exercitum
1170 3352 1215 3419 ad
1232 3350 1356 3421 urbem
1365 3347 1531 3436 Romam,
1580 3353 1619 3423 ni
1641 3352 1797 3441 Iberiae,
1829 3353 1894 3425 ubi
1916 3376 2014 3426 nunc
2036 3379 2177 3451 quoque
2200 3369 2284 3428 sunt
2302 3357 2427 3429 uberes
2449 3380 2559 3428 venae

551 3474 586 3531 et
607 3458 746 3530 obsidet
761 3479 837 3527 eam
852 3469 923 3524 tres
937 3475 1086 3528 menses.
1138 3447 1230 3520 Cum
1251 3463 1369 3520 autem
1382 3448 1532 3541 Pipinns
1579 3454 1786 3531 metallicae.
1837 3454 1956 3544 Quare
1979 3457 2093 3528 dictos
2114 3480 2188 3528 esse
2210 3459 2370 3531 existimo
2387 3461 2559 3552 qnasiar-

551 3561 711 3632 rediisset
729 3558 769 3626 in
788 3556 949 3641 ltaliam,
971 3552 1142 3647 relinquit
1159 3550 1379 3621 obsidionem
1393 3548 1531 3623 Romae
1580 3568 1741 3644 genteos,
1764 3552 1998 3650 quiaKeseph
2014 3572 2197 3647 argentum
2213 3559 2395 3649 significat.
2432 3557 2559 3647 Quan-

551 3658 714 3733 Astullus
727 3671 888 3728 metuens
902 3678 1018 3746 regno
1035 3651 1318 3742 Langobardico.
1368 3648 1439 3721 Hic
1454 3675 1531 3721 ma-
1579 3657 1627 3726 do
1650 3670 1766 3727 autem
1783 3655 1922 3726 Turcae
1946 3656 2131 3730 Saracenis
2152 3660 2349 3752 eripuerint
2369 3659 2558 3753 imperium

551 3763 605 3859 gis
626 3758 842 3851 conspicitur
863 3756 1035 3826 modestia
1059 3752 1195 3847 Pipini:
1237 3764 1374 3822 tantum
1394 3752 1531 3844 priores
1579 3753 1704 3844 Asiae,
1728 3768 1849 3850 postea
1862 3757 2032 3832 dicemus.

550 3861 774 3933 conditiones
793 3858 888 3950 pacis
908 3857 1040 3927 servari
1062 3855 1236 3949 postulat,
1260 3853 1362 3923 iubet
1381 3866 1530 3923 conten·

549 3977 627 4034 tum
644 3984 717 4032 esse
734 3973 880 4052 paterno
896 3980 1024 4049 regno,
1050 3972 1084 4028 et
1098 3956 1274 4028 abstinere
1289 3956 1335 4025 ab
1347 3955 1437 4024 urbe
1451 3952 1531 4027 Ro-
1626 3954 1736 4031 Anno
1753 3961 1880 4031 mundi
1894 3974 2017 4054 quater
2035 3959 2224 4031 millesimo
2246 3961 2555 4054 septingentesimo

550 4087 607 4133 ma
631 4076 666 4133 et
685 4086 706 4131 a
729 4061 865 4152 reliqua
888 4057 1002 4134 ltalia.
1052 4056 1126 4127 Nec
1146 4055 1264 4126 verbis
1277 4066 1462 4127 contentus
1478 4068 1529 4126 est
1780 4058 1958 4129 tricesimo
1974 4083 2084 4134 nono.

549 4161 715 4254 Pipinns,
745 4173 788 4231 ut
811 4172 932 4245 antea,
963 4161 1026 4229 sed
1052 4169 1170 4229 manet
1198 4152 1382 4242 initalia,
1416 4156 1530 4226 donec
1628 4155 1737 4229 Anno
1760 4156 1898 4233 Romae
1931 4159 2121 4230 millesimo
2146 4161 2426 4254 quingentesimo
2451 4162 2557 4234 trice-

551 4263 723 4352 praesidia
748 4260 909 4331 Astullus
934 4283 976 4328 ex
1004 4259 1155 4330 urbibus
1180 4254 1354 4331 Ravenna
1387 4270 1423 4328 et
1448 4255 1530 4326 aliis
1778 4261 1881 4332 simo.

551 4361 706 4432 deducit.
1628 4355 1738 4432 Anno
1776 4357 1910 4434 Christi
1951 4360 2258 4455 septingentesimo
2301 4364 2556 4458 septuagesimo

653 4459 787 4533 Fabula
817 4485 901 4532 vero
932 4461 976 4563 dp
998 4459 1190 4531 donatione
1217 4480 1324 4552 quam
1354 4455 1545 4550 aPipino'
1781 4463 1944 4556 septimo.

550 4565 678 4633 laetam
696 4584 768 4630 esse
782 4562 892 4657 aliqui
907 4572 1075 4645 narrant,
1099 4560 1282 4631 manifeste
1299 4559 1474 4630 refutatur
1487 4581 1529 4628 ex

550 4662 726 4734 Ludovici
742 4659 799 4731 Pii
823 4659 991 4748 historia,
1017 4660 1081 4754 qui
1095 4661 1257 4732 distinxit
1272 4657 1396 4731 ltaliae
1411 4660 1531 4744 urbes,

550 4787 639 4858 quas
661 4764 769 4834 vellet
791 4784 863 4832 esse
884 4762 1116 4857 imperantis.
1166 4758 1379 4835 Reddidisse
1402 4758 1529 4831 Ponti·
1678 4748 1759 4827 Leo
1773 4749 1941 4853 Quartus
1957 4755 2174 4855 copronymi
2197 4760 2291 4831 filius
2312 4760 2405 4853 patri
2419 4783 2555 4835 sucees-
2625 4754 2641 4773 '

550 4866 609 4936 fici
630 4887 705 4946 eas,
729 4885 816 4958 quas
838 4862 875 4930 ei·
884 4862 1111 4955 Langobardi
1130 4863 1353 4944 ademerant,
1379 4884 1530 4932 consen·
1576 4857 1635 4930 sit.
1686 4855 1821 4931 Tenuit
1836 4858 2024 4951 imperium
2046 4883 2160 4931 annos
2174 4863 2343 4957 quinque.
2394 4861 2555 4938 Corona·

551 4976 770 5038 tansum-est.
819 4961 991 5035 Fortassis
1009 4980 1043 5037 et
1060 4964 1098 5034 in
1112 4962 1217 5036 Latio
1231 4962 1367 5056 aliquas
1378 4963 1529 5045 addidit,
1576 4973 1634 5031 tus
1646 4983 1666 5029 a
1680 4955 1884 5031 Patriarcha
1895 4959 1979 5030 vivo
1993 4974 2109 5052 patre,
2134 4965 2197 5058 qni
2217 4964 2250 5033 ei
2264 4965 2454 5057 despondit
2468 4989 2554 5036 con·

551 5080 703 5138 caeteras
718 5064 832 5137 voluit
844 5085 916 5133 esse
931 5062 1071 5141 liberas.
1445 5085 1449 5093 ·
1575 5061 1693 5150 iugem
1707 5053 1842 5129 Irenae
1856 5054 2119 5132 Atheniensem.
2169 5061 2309 5136 Patrem
2326 5065 2482 5138 imitatus
2503 5081 2554 5137 est

1895 4614 1984 4682 Leo
2017 4615 2235 4698 Quartus.

651 5165 743 5237 Cum
778 5162 991 5235 discessisset
1025 5189 1067 5235 ex
1099 5163 1201 5238 Italia
1230 5161 1399 5255 Pipinns,
1431 5163 1529 5235 ducit
1577 5162 1616 5231 in
1643 5159 1807 5231 delendis
1834 5158 2060 5250 imaginibus.
2114 5157 2318 5237 Exercitum
2347 5166 2387 5235 in
2412 5164 2553 5259 Syriam

550 5267 740 5339 exercitum
761 5278 884 5337 contra
905 5262 1061 5336 Saxones
1087 5280 1122 5338 et
1140 5264 1307 5340 Bavaros.
1356 5262 1436 5337 Rex
1457 5261 1530 5335 Ba·
1576 5261 1691 5344 misit,
1716 5262 1779 5356 qui
1794 5259 1905 5351 magis
1922 5261 2076 5335 irritavit
2089 5261 2281 5337 Saracerm
2296 5290 2403 5360 quam
2417 5287 2566 5356 cepres·-

548 5369 689 5439 varicus
707 5365 848 5438 Tassilo
874 5365 951 5436 sine
966 5363 1192 5439 dimicatione
1206 5366 1313 5438 rediit
1325 5366 1365 5436 in
1380 5364 1529 5456 gratiam
1577 5363 1635 5438 sit.
1684 5359 1774 5432 Nam
1789 5362 1971 5457 aliquanto
1993 5378 2072 5456 post
2094 5362 2197 5438 Irene
2213 5390 2335 5459 pacem
2352 5388 2432 5434 cum
2447 5362 2554 5437 Sara·
2678 5434 2686 5447 ,

550 5491 630 5538 cum
662 5466 809 5560 Pipino,
842 5466 905 5561 qui
937 5464 1039 5535 iussit
1075 5489 1155 5534 eum
1185 5468 1337 5540 retinere
1368 5489 1530 5558 regnum.
1577 5464 1674 5536 cenis
1689 5463 1771 5535 lecit
1786 5463 1957 5554 promisso
1970 5466 2127 5555 {tributo
2178 5466 2311 5539 Filium
2328 5487 2554 5557 puerumco-

546 5561 634 5640 Erat
658 5570 754 5639 eninr
775 5569 906 5639 sororis
929 5565 1052 5659 Pipini
1080 5564 1186 5637 filim.
1240 5568 1341 5641 Sicut
1362 5569 1402 5639 in
1426 5565 1529 5640 ltalia
1576 5564 1697 5636 ronari
1718 5558 1959 5636 aPatriarcha
1981 5568 2138 5657 curavit,
2162 5592 2227 5641 nec
2238 5565 2351 5637 molto
2364 5577 2444 5659 post
2455 5566 2556 5638 lebre

549 5671 704 5743 ostendit
727 5693 826 5762 reges
845 5672 970 5744 decere
991 5666 1168 5740 iusticiam
1184 5679 1218 5738 et
1229 5670 1453 5745 modestiam:
1477 5669 1529 5742 ita
1575 5679 1676 5762 pater
1691 5665 1864 5740 extinctus
1876 5679 1940 5745 est.
