6025 6775
494 785 567 859 ne
953 816 959 828 ,
1178 782 1212 865 1.
1253 775 1549 862 cunoutcou
1574 777 1825 864 camoms.
2250 735 2252 739 ’
2437 809 2512 881 7„

800 951 861 1019 De
887 950 1030 1021 cratae
1057 947 1171 1018 libri.
1631 953 1868 1032 Secundus
1893 954 2097 1040 libereris
2111 970 2302 1062 prolixior,
2328 974 2511 1069 quiatunc

597 1068 695 1148 Utile
705 1085 767 1159 est,
792 1095 927 1163 semper
939 1071 979 1141 in
993 1084 1184 1166 conspectu
1196 1066 1340 1158 habere,
1363 1094 1480 1167 quan.
1529 1071 1564 1131 et
1578 1053 1736 1133 Ecclesia
1757 1056 1864 1136 habet
1888 1086 1967 1135 suas
1988 1072 2218 1161 mutationes,
2244 1079 2431 1168 promissio
2454 1105 2511 1152 re·

493 1192 571 1250 tum
596 1175 675 1245 fieri
696 1186 829 1268 potest,
860 1172 1023 1246 omniurn
1048 1187 1248 1265 temporum
1272 1175 1417 1261 seriem,
1443 1187 1477 1246 et
1528 1161 1675 1253 Ρθῑῖῑῡΐ,
1702 1178 1737 1235 ei
1754 1165 1920 1256 alligatur
1933 1168 1978 1237 td
1994 1184 2124 1242 teriam
2146 1176 2309 1269 stirpem,
2335 1192 2371 1251 et
2385 1177 2511 1253 Eccle-

493 1277 699 1370 pmcjpu„
726 1272 862 1363 generi,
888 1269 1039 1345 humani
1065 1275 1290 1348 mutationes,
1350 1272 1408 1345 Ad
1437 1277 1477 1348 id
1527 1263 1579 1334 sia
1597 1264 1827 1357 distinguitur
1841 1291 1861 1339 a
1877 1270 2021 1341 caeteris
2034 1275 2217 1366 gentibus,
2242 1292 2276 1349 et
2295 1280 2335 1354 fit
2349 1286 2510 1374 promul-

493 1380 647 1449 muim,
662 1375 827 1446 conducit
841 1398 946 1445 ηοω,
959 1377 1096 1446 dictum
1107 1429 1118 1462 ‚
1144 1378 1240 1470 quod
1256 1377 1475 1450 recitaturi„
1527 1364 1620 1454 gatio
1640 1367 1748 1458 legis,
1782 1381 1816 1440 et
1839 1370 2032 1443 collocatur
2046 1371 2204 1448 Ecclesia
2221 1378 2261 1448 in
2285 1383 2367 1452 sede
2387 1397 2422 1454 et
2442 1410 2510 1475 po·

493 1478 705 1561 ludaeorum
719 1476 1002 1563 commentariis,
1027 1472 1096 1549 hoc
1110 1478 1234 1547 modo:
1527 1466 1605 1536 litia
1617 1483 1723 1544 certa.
1767 1464 1817 1543 Et
1830 1472 1870 1540 in
1885 1472 1923 1543 id
1938 1485 2078 1564 tempus
2092 1478 2257 1552 incidunt
2269 1478 2509 1570 monarchiae,

1528 1567 1567 1635 in
1582 1569 1712 1660 quibus
1732 1594 1880 1661 magnae
1900 1576 2112 1649 mutationes
2126 1583 2264 1668 generis
2284 1578 2434 1654 humani
2450 1611 2509 1659 ac-

743 1662 923 1723 Traditio
946 1662 1078 1725 d⁰mu⁸
1102 1664 1222 1725 Elias·
1527 1666 1711 1756 ciderunt,
1745 1673 1872 1760 dignae
1901 1675 2196 1751 consideratione·
2252 1678 2306 1755 Ac
2333 1687 2508 1776 praedixit

541 1783 610 1858 seg
630 1782 745 1854 millia
773 1806 952 1855 annorum
974 1786 1147 1873 umnam,
1180 1799 1214 1858 02
1234 1782 1363 1855 deinde
1388 1805 1476 1854 con.
1526 1764 1624 1840 Deus
1639 1771 1765 1839 seriem
1783 1785 1935 1864 quatuor
1950 1777 2256 1868 monarchiarum,
2283 1797 2324 1857 ut
2337 1786 2507 1876 significet

644 1884 820 1975 flagratio.
1527 1868 1679 1941 Messiae
1718 1872 1910 1944 adventum
1947 1892 1984 1947 et
2016 1878 2123 1976 linem
2152 1884 2299 1968 mundi,
2343 1887 2506 1960 videlicet

539 1979 624 2061 Dm
638 1987 752 2056 millia
768 1986 887 2058 inane,
1527 1965 1704 2044 hnmanae
1728 1974 1984 2064 generationis,
2017 1991 2052 2049 et
2075 1994 2215 2076 tempus
2237 1985 2357 2057 ultimi
2373 1988 2506 2064 iudicii.

498 2120 501 2124 -
540 2087 840 2159 Duomfflialffi
1526 2070 1708 2165 Intelligas
1744 2088 1860 2145 autem
1891 2075 2213 2152 monarchiam
2250 2110 2325 2156 non
2363 2087 2506 2181 quidem

540 2185 623 2262 Duo
648 2188 763 2258 millia
786 2188 861 2259 dies
882 2184 1047 2266 Messiae.
1095 2184 1146 2262 Et
1167 2200 1315 2282 propter
1333 2198 1474 2280 peccata
1526 2175 1743 2266 complexam
1758 2199 1882 2246 omncs
1894 2179 2055 2270 regiones
2075 2193 2110 2252 et
2123 2197 2262 2272 gentes,
2284 2190 2345 2257 sed
2362 2202 2508 2274 tantam,

643 2304 782 2372 nostra,
814 2312 905 2384 quae
926 2291 1039 2362 multa
1070 2304 1105 2360 et
1132 2312 1260 2380 magne
1286 2302 1386 2374 sunt,
1411 2290 1474 2357 da.
1526 2298 1616 2368 quae
1636 2299 1800 2367 magnam
1829 2291 1965 2367 partem
1985 2282 2092 2351 'orbis
2112 2296 2286 2356 terrarum
2309 2291 2441 2371 tenuit,
2474 2305 2510 2366 et

644 2404 750 2462 erunt
764 2391 871 2475 anni,
894 2390 957 2483 qui
971 2392 1132 2463 deerunt.
1524 2389 1658 2448 tantam
1674 2370 1801 2450 habuit
1815 2380 2030 2470 potentiam,
2055 2394 2097 2452 ut
2111 2398 2264 2456 caeteros
2290 2410 2389 2479 reges
2411 2415 2511 2464 com.

1523 2500 1663 2569 pescere
1681 2492 1808 2570 posset.
1866 2478 1953 2552 Ideo
1975 2482 2070 2552 enim
2103 2485 2220 2558 voluit
2243 2483 2341 2558 Deus
2363 2514 2509 2563 monar-

1524 2573 1621 2649 chias
1645 2580 1833 2667 constitui,
1864 2596 1907 2653 ut
1936 2576 2100 2654 homines
2125 2587 2279 2678 legibus,
2311 2591 2453 2662 iudiciis
2474 2609 2509 2666 et

1525 2679 1711 2771 disciplina
1733 2694 1950 2771 regerentur.

595 2520 675 2592 Hoc
687 2521 794 2593 modo
809 2519 909 2594 Elias
927 2522 971 2590 de
986 2520 1186 2593 duratione'
1196 2521 1331 2611 generis
1346 2514 1473 2589 huma-

493 2626 534 2694 ni
554 2624 761 2695 vaticinatus
780 2636 852 2710 est,
886 2633 919 2715 ct
940 2622 1146 2714 praecipuas
1168 2622 1379 2692 mutationes
1399 2620 1473 2690 dis-

492 2725 610 2802 tinxit.
667 2720 766 2795 Duos
787 2723 921 2814 primos
945 2722 1162 2793 millenarios
1177 2723 1339 2792 nominat
1363 2719 1472 2791 ina·
1951 2817 1954 2823 Ι

493 2849 563 2908 ne,
595 2822 966 2919 quod-simplicissime
985 2825 1034 2893 sic
1055 2825 1288 2915 interpretor,
1310 2825 1471 2892 nondum
1624 2808 1703 2881 11⁰⁰
1718 2825 1759 2882 ¹11
1771 2811 1874 2886 fieret
1888 2812 1984 2886 Delu
2000 2817 2098 2888 dedii
2117 2818 2347 2906 m⁰¹¹³rch282
2374 2827 2508 2899 insitu·

491 2924 655 2998 homines
674 2924 799 3018 procul
820 2924 959 2994 dissitas
979 2925 1140 3014 regiones
1162 2947 1367 3016 occupasse,
1390 2936 1472 2993 ante
1523 2924 1597 2981 ⁶10³
1612 2912 1787 3003 90201152,
1810 2915 1872 3006 qui
1890 2929 1923 2985 ei
1939 2917 2032 3007 leges
2053 2913 2220 2991 honestes
2236 2927 2447 3014 conderent,
2473 2941 2509 2998 et

491 3029 672 3101 conditam
704 3024 936 3120 Babylonem,
1001 3020 1078 3095 Alii
1116 3025 1256 3111 dicum,
1293 3024 1472 3094 nominari
1523 3012 1655 3083 iudicia
1691 3035 1731 3083 ac
1759 3014 1984 3106 disciplinam
2013 3020 2122 3089 armis
2154 3022 2396 3099 defenderent.
2459 3022 2509 3099 Et

492 3127 622 3217 Inane,
646 3127 729 3221 quia
752 3127 914 3198 nondum
940 3139 1034 3198 certa
1056 3128 1180 3219 politia
1191 3125 1369 3196 Ecclesiae
1387 3148 1473 3195 con·
1523 3126 1636 3184 mutat
1658 3111 1756 3184 D011³
1779 3116 1946 3207 imptfisss
1980 3143 2060 3189 cum
2083 3114 2169 3191 haec
2186 3120 2301 3194 officia
2318 3125 2507 3217 negligun-

495 3230 616 3301 stituta
636 3230 722 3315 tuit,
754 3241 788 3300 et
809 3228 971 3297 nondum
995 3241 1169 3318 segregata
1190 3229 1259 3298 init
1280 3223 1472 3298 Ecclesiaa
1524 3229 1600 3301 tut,
1634 3227 1669 3285 et
1688 3211 1871 3308 Principes
1898 3219 1954 3287 vel
1981 3220 2051 3312 ipsi
2072 3221 2227 3308 faciunt,
2260 3225 2316 3294 vel
2338 3249 2413 3295 uon
2436 3251 2506 3320 pu·

493 3331 638 3404 caeteri,
649 3329 824 3423 gentihus,
874 3326 1045 3400 Nondum
1067 3330 1173 3401 eliam
1193 3342 1294 3399 erant
1313 3328 1474 3421 imperia,
1523 3316 1650 3401 nium,
1689 3315 1838 3388 inlusus
1868 3320 2008 3406 caedes,
2045 3321 2241 3395 libidinum
2269 3323 2506 3417 tonsUSiolle-i,

487 3433 612 3528 quali,
629 3444 750 3525 poma
772 3432 811 3500 in
830 3426 1046 3501 monarchiis
1064 3431 1220 3502 fuerunt,
1270 3428 1342 3501 sad
1365 3451 1474 3523 quae.
1523 3417 1756 3509 direptiones,
1789 3432 1823 3489 et
1847 3419 1916 3490 alia
1937 3423 2070 3495 atrocia
2093 3422 2233 3495 scelera.
2291 3424 2380 3500 Vult
2408 3431 2505 3501 enim

494 3556 635 3626 cunque
661 3554 764 3603 ,auga
795 3543 867 3617 aas,
896 3554 1005 3625 quare
1028 3532 1077 3601 ,ic
1107 3531 1235 3603 dixerit
1255 3524 1374 3615 Elias,
1405 3524 1474 3599 hoc
1523 3515 1637 3604 Deus,
1673 3518 1857 3610 politicum
1879 3521 2042 3592 ordinem
2073 3525 2315 3596 testimonium
2346 3551 2420 3599 esse
2462 3532 2507 3603 de

495 3658 574 3705 non
587 3632 737 3704 dubium
753 3643 822 3718 est,
844 3632 996 3724 primam
1009 3646 1157 3706 aetatem
1172 3631 1279 3701 luisse
1294 3631 1476 3702 florentis-
1523 3619 1766 3713 providentia,
1790 3633 1825 3692 et
1849 3622 1894 3691 de
1914 3624 2047 3694 iudicio
2068 3648 2151 3712 sno,
2174 3638 2211 3697 et
2223 3627 2300 3698 vult
2315 3623 2384 3701 hoc
2397 3635 2505 3705 modo

496 3736 641 3821 simam,
675 3733 757 3828 quia
785 3745 912 3804 natura
941 3728 1129 3807 hominum
1160 3733 1279 3803 minus
1307 3724 1475 3820 languida
1523 3735 1704 3813 utcunque
1725 3722 1857 3793 servari
1881 3725 2081 3797 societatem
2099 3721 2306 3816 hominum,
2331 3733 2507 3824 coniugia,

494 3837 580 3924 suit,
606 3835 703 3933 quod
720 3835 873 3906 ostendit
887 3835 1116 3926 longaevitas.
1155 3831 1203 3907 Et
1219 3835 1289 3905 luit
1303 3834 1484 3905 excellens·
1524 3822 1767 3915 diciplinam,
1798 3825 1996 3910 doctrinae,
2028 3842 2063 3900 el
2081 3829 2159 3902 vuli
2179 3828 2327 3923 imperia
2350 3855 2423 3904 esse
2438 3830 2506 3906 ho·
2537 3868 2540 3875 ·

495 3943 619 4026 decus,
651 3938 747 4031 quod
777 3935 1023 4026 sapientissimi
1050 3960 1172 4021 senes,
1203 3936 1301 4027 pleni
1332 3936 1475 4005 divinae
1523 3920 1830 4017 spitiaEcctestae.

494 4041 600 4122 lucis,
630 4038 738 4111 simul
759 4036 943 4123 vixerunt,
973 4052 1007 4108 et
1029 4039 1073 4108 de
1095 4034 1190 4123 Deo,
1222 4039 1267 4106 de
1290 4036 1475 4122 creatione,
1624 4055 1691 4130 Est
1715 4071 1748 4129 et
1773 4054 1842 4128 hoc
1872 4059 2050 4150 singulare
2076 4062 2363 4139 monarchiarum
2388 4074 2506 4158 decus,

495 4144 539 4211 de
554 4143 646 4213 edita
660 4138 896 4234 promissione
911 4151 1014 4210 testes
1034 4140 1197 4225 luerunt,
1217 4151 1252 4209 et
1266 4139 1371 4209 multi
1384 4152 1475 4208 artes
1524 4161 1619 4254 quod
1642 4160 1754 4253 aliqui
1774 4172 1989 4249 praestantes
2006 4185 2103 4251 reges
2125 4165 2163 4234 in
2188 4192 2336 4240 numero
2357 4195 2505 4243 monar-

494 4243 704 4315 issvenefflni
718 4255 752 4314 0¹
767 4240 1004 4314 mmmmm·
1524 4257 1671 4331 charum
1687 4260 1801 4329 vocati
1816 4262 1956 4333 suntad
1976 4264 2051 4332 veri
2067 4263 2134 4335 Dei
2150 4269 2384 4358 agnitionem,
2408 4286 2443 4346 et
2459 4276 2504 4343 ad

596 4358 801 4431 Secundum
825 4372 999 4447 tempusa
1015 4353 1293 4428 Circumcisione
1311 4378 1477 4426 numera·
1524 4359 1720 4433 ornandam
1729 4357 1937 4447 Ecclesiam,
1965 4377 2006 4435 ut
2026 4361 2368 4456 Nabuchodonosor,
2389 4369 2505 4466 Ephi-

498 4471 575 4539 tur,
597 4462 774 4549 usquead
796 4471 920 4531 natum
942 4455 1108 4528 Messinm
1130 4479 1171 4527 ex
1186 4455 1353 4546 Virgine,
1380 4459 1475 4552 quod
1524 4461 1699 4548 merodas,
1724 4459 1854 4533 Darius
1862 4460 2013 4550 Medus,
2029 4463 2155 4559 Cyrus,
2181 4466 2391 4544 Artaxerxes
2404 4474 2505 4546 Lou-

497 4579 572 4628 non
587 4557 698 4627 multo
712 4561 830 4632 minus
843 4559 984 4633 duobus
999 4557 1210 4628 millenariis
1227 4559 1396 4634 continet.
1524 4565 1704 4654 gimanus,
1737 4560 2012 4646 Constantinus,
2048 4561 2291 4657 Theodosius,
2317 4570 2506 4662 Arcadius,
2630 4591 2632 4595 '

552 4720 556 4729 .
598 4670 653 4743 Da
684 4674 1169 4772 eaffi010m90oe333nificat
1198 4678 1294 4763 fore,
1330 4691 1371 4750 ut
1401 4701 1475 4748 110„
1525 4664 1816 4748 Valentinianus,
1840 4663 1989 4736 Carolus
2006 4664 2171 4759 Magnus,
2196 4670 2400 4746 Ludovicns
2414 4677 2506 4769 pius,

497 4776 742 4869 compleantur
756 4776 827 4845 duo
842 4778 1051 4863 millenarii,
1076 4777 1160 4870 quia
1180 4779 1332 4849 nimium
1347 4793 1476 4851 crescet
1523 4765 1702 4838 Hflnrifflss
1716 4765 1828 4853 5⁸¹⁰,
1853 4761 1943 4841 021⁰
1959 4769 2115 4861 primus,
2144 4785 2185 4844 ui
2205 4773 2250 4844 de
2268 4777 2414 4850 caeteris
2430 4801 2506 4850 non

497 4880 677 4969 impieta&
703 4889 847 4970 Pr0pler
860 4904 964 4973 quam
977 4879 1082 4953 citius
1097 4880 1273 4950 delebitur
1286 4894 1400 4953 totum
1417 4904 1476 4971 ge·
1525 4869 1651 4944 dicam·

497 5000 566 5049 nus
587 4970 808 5061 humanum,
833 4975 873 5049 ct
885 4976 1047 5055 Christus
1070 5005 1106 5051 se
1126 4981 1241 5074 palam
1264 4985 1423 5053 ostendet
1437 4983 1475 5052 in
1627 4996 1798 5074 ogpendig
1815 5015 1931 5073 autem
1947 5004 2038 5076 libe,-
2056 5002 2233 5092 Danieli&
2256 5006 2372 5081 neum
2390 5013 2507 5104 ipsum

496 5076 652 5185 iudicii,
676 5075 874 5171 utinquii*
899 5079 1476 5177 PfflPiel'0¹0⁶10⁵·d50⁸i¹¹ih⁸⁰·
1525 5117 1680 5196 quatuor
1714 5096 1939 5171 monarchias
1973 5128 2179 5193 numerare,
2226 5123 2261 5179 et
2292 5111 2506 5202 significare,
2624 5105 2630 5123 ⁸

497 5181 613 5251 timei
627 5192 744 5249 efflui·
1217 5209 1225 5226 ¹
1526 5217 1672 5298 quartae
1701 5195 1941 5272 ¹monarchiae
1984 5219 2143 5298 tempore
2181 5206 2349 5281 Messinm
2388 5217 2506 5306 palam

598 5296 862 5370 Distribuemus
877 5299 985 5390 igitur
1005 5295 1190 5375 historiam
1216 5302 1255 5372 in
1270 5315 1340 5376 tres
1356 5303 1478 5383 libros,
1525 5304 1810 5397 praedicaturum
1849 5325 1923 5373 esse
1957 5301 2192 5397 Evangelium
2225 5314 2274 5383 e?
2298 5316 2507 5387 sacrificium

498 5402 597 5474 iuxta
609 5400 746 5471 dictum
760 5395 875 5475 Eliae.
924 5393 1074 5471 Primi
1092 5400 1109 5472 l
1116 5401 1211 5475 ibri
1226 5406 1382 5477 narratio
1396 5406 1479 5476 bre-
1526 5409 1721 5490 facturum,
1752 5405 1798 5475 ad
1832 5404 1929 5498 quod
1958 5406 2152 5480 mittendus
2185 5426 2279 5503 erat,
2313 5430 2349 5486 ct
2377 5418 2507 5487 deinde

497 5503 552 5574 vis
568 5517 638 5588 est,
662 5500 729 5572 etsi
743 5496 841 5572 haud
861 5501 971 5574 dubie
985 5513 1067 5571 aute
1086 5503 1261 5578 diluvium
1273 5504 1370 5580 Deus
1385 5509 1481 5578 mul·
1527 5508 1635 5578 finem
1651 5508 1728 5577 lore
1743 5506 1979 5596 generationis
1995 5502 2202 5599 hominum,
2227 5529 2263 5586 et
2278 5530 2506 5609 sequuturam

497 5618 535 5677 ta
557 5604 713 5676 illustria
735 5603 936 5675 testimonia
958 5603 1003 5673 de
1026 5622 1100 5671 sese
1128 5605 1281 5695 aedidit,
1311 5607 1362 5683 Et
1383 5609 1480 5681 varia
1529 5633 1602 5681 esse
1624 5607 1925 5681 resuscitationem
1946 5605 2133 5684 hominum
2145 5628 2380 5690 mortuomm.
2433 5615 2509 5688 Vo-

498 5705 692 5776 certamine
723 5705 871 5777 fuerunt
900 5703 1081 5778 Ecclesiae
1115 5716 1150 5775 et
1183 5703 1392 5798 impiorum,
1427 5706 1482 5801 Et
1529 5710 1599 5784 luit
1618 5711 1714 5784 enim
1736 5705 1834 5782 Deus
1857 5709 1958 5797 sciri,
1984 5706 2077 5785 hauc
2100 5714 2362 5805 generationem
2389 5713 2509 5789 bomi-

498 5804 611 5876 multa
640 5806 876 5880 admiratione
906 5808 1013 5900 digna
1042 5804 1083 5877 in
1107 5799 1251 5880 aeuum
1276 5809 1483 5885 inventione
1530 5837 1618 5887 num
1634 5836 1709 5885 nou
1723 5811 1800 5883 lore
1814 5825 2028 5905 perpetuam.
2081 5812 2207 5886 Voluit
2219 5815 2303 5886 item
2321 5818 2404 5891 sciri
2420 5833 2510 5892 tem·
2570 5845 2575 5851 ·

499 5904 694 5998 excogitata
716 5919 750 5978 et
773 5909 905 5984 tradita
924 5923 1019 5984 sunt.
1530 5938 1620 6013 pora
1642 5912 1827 6010 utriusque
1847 5914 2020 6086 deantur
2047 5901 2251 6009 Christi.
2308 5913 2363 5993 Ac
2383 5941 2511 6017 mam

1967 6018 1987 6065 t
2178 6017 2180 6022 .
