6025 6775
488 645 563 717 767
733 638 941 716 SCRIPTA
968 639 1044 714 PH.
1070 633 1187 709 MEL.
1213 633 1280 706 ΑΙ)
1305 633 1434 709 HIST.
1462 628 1608 710 PROF.
1633 626 1702 704 ET
1730 629 1924 710 PHILOS.
1951 632 2272 717 ercrAnTlA.
2441 650 2520 729 768

491 815 626 907 impius
649 826 684 883 et
707 812 862 884 infoelix.
912 806 1074 900 Cumque
1099 803 1381 896 Nabog'douusor
1402 805 1481 877 bel·
1530 815 1565 873 et
1580 801 1694 872 crucis
1708 802 1859 894 intelligi
1875 818 2051 895 oportere.
2103 807 2265 884 Servavit
2287 828 2403 886 autem
2417 814 2517 893 Deus

493 918 569 987 lum
585 914 732 984 inferret
752 913 824 1002 regi
838 909 1032 1003 Aegyptio,
1057 908 1097 977 in
1119 932 1191 1000 quo
1207 908 1414 979 interfectus
1428 921 1482 978 est
1531 903 1637 975 etiarn
1651 902 1690 971 in
1708 903 1813 974 exilio
1839 906 1973 993 regiam
1996 911 2262 998 posteritatem,
2287 928 2321 985 et
2341 919 2517 1009 pupulum

493 1015 631 1099 Nemo,
657 1013 785 1082 indixit
801 1010 973 1082 tributum
992 1004 1076 1080 huic
1090 1010 1165 1104 regi
1184 1006 1340 1089 ieelim,
1365 1021 1399 1079 et
1416 1008 1482 1079 ab·
1530 1004 1668 1092 magnis
1687 1004 1867 1074 miraculis
1891 1008 2046 1078 servavit
2076 1025 2111 1079 et
2139 1014 2299 1097 ornavit,
2329 1019 2457 1109 quibus
2480 1037 2517 1095 et

497 1117 599 1187 duxit
621 1113 752 1185 multus
774 1111 920 1182 ludaeos
944 1111 982 1178 in
1008 1107 1247 1202 Babylonem,
1274 1109 1368 1179 inter
1391 1132 1482 1201 quos
1532 1118 1684 1197 quatuor
1712 1126 1810 1193 reges
1837 1105 1883 1174 ad
1907 1106 2124 1195 agnitionem
2156 1113 2234 1182 veri
2261 1115 2329 1186 Dei
2359 1124 2519 1193 conversi

497 1229 532 1286 ει
546 1214 695 1298 Daniel,
720 1211 831 1283 etalii
850 1212 993 1306 quidam
1012 1210 1152 1280 nobiles
1166 1209 1405 1280 adolescentes
1419 1211 1484 1279 ab·
1532 1218 1632 1275 sunt:
1656 1201 1938 1293 Nabugdonosor
1960 1219 1993 1277 et
2007 1208 2101 1279 lilius
2117 1212 2214 1298 eius,
2240 1212 2374 1286 Darius
2391 1218 2521 1293 Medus

499 1316 597 1386 ducti
625 1328 725 1398 sunt,
756 1335 845 1407 quos
873 1334 933 1381 rex
962 1306 1110 1380 honeste
1133 1310 1274 1381 educari
1304 1324 1337 1380 et
1365 1309 1483 1379 doceri
1533 1321 1567 1377 et
1582 1303 1708 1399 Cyrus.
1757 1303 1841 1373 Non
1867 1305 1975 1394 igitur
1988 1308 2176 1382 defuerunt
2199 1316 2308 1385 duces
2331 1332 2368 1389 et
2397 1322 2522 1394 docto-

500 1415 645 1488 curavit.
696 1412 786 1485 Cum
814 1427 930 1482 autem
950 1409 1086 1480 loakim
1112 1422 1230 1501 postea
1249 1433 1372 1481 rursus
1387 1412 1485 1479 defe-
1532 1430 1588 1476 res
1604 1402 1690 1475 huic
1707 1407 1859 1498 populo,
1889 1429 1967 1475 cum
1984 1407 2118 1479 dederit
2130 1409 2225 1484 Deus
2239 1418 2367 1506 exiguo
2383 1434 2524 1515 tempo-

501 1516 604 1586 cisset
620 1537 639 1583 a
656 1538 736 1605 rege
753 1512 992 1608 Babylonico,
1017 1533 1178 1580 reversus
1192 1505 1390 1580 Chaldaeus
1405 1533 1486 1580 coe-
1534 1531 1572 1577 re
1598 1508 1755 1577 illustres
1784 1508 1965 1592 doctores,
1988 1504 2189 1596 Danielem,
2218 1511 2461 1608 Ezechielem,
2487 1540 2525 1596 et

498 1616 554 1707 Pit
569 1612 726 1699 Ioahim,
751 1628 786 1685 el
808 1637 888 1684 eum
910 1611 1061 1681 interfici
1081 1612 1201 1695 Iussit,
1227 1625 1262 1681 et
1283 1611 1410 1701 proiici
1428 1633 1486 1681 ca·
1535 1608 1667 1678 deinde
1697 1607 1807 1694 alios,
1842 1621 1878 1677 et
1904 1606 2099 1678 manifestis
2124 1612 2302 1689 miraculis
2323 1624 2525 1696 ostenderit

500 1718 610 1785 daver
631 1726 714 1785 ante
737 1715 861 1785 urbem
884 1710 1136 1805 lerosolymam
1159 1714 1252 1779 inter
1272 1725 1405 1782 caetera
1428 1735 1487 1780 ca·
1536 1732 1634 1781 suam
1654 1708 1887 1797 praesentiam
1903 1708 1942 1777 in
1957 1703 2025 1777 hoc
2043 1711 2187 1800 pupulo.

503 1817 651 1901 (lavem,
684 1816 773 1884 sicut
797 1813 1017 1903 praedixerat
1042 1811 1073 1880 ei
1092 1809 1273 1894 Ieremias,
1299 1812 1414 1903 capito
1432 1811 1487 1880 vi·
1564 1900 1569 1905 .
1637 1806 1748 1901 Capta
1764 1823 1881 1880 autem
1897 1809 1987 1880 urhe
2012 1832 2074 1878 rex
2088 1807 2280 1885 Zedechias
2300 1842 2340 1889 ex
2354 1822 2437 1913 fuga
2461 1848 2522 1896 re·

507 1918 637 1987 mimo
654 1916 825 1984 secundo:
853 1913 1042 2004 Sepultura
1061 1912 1152 1979 asini
1168 1914 1369 2001 sepelietur.
1537 1922 1669 1979 tractus
1692 1923 1762 1994 est,
1788 1921 1824 1979 et
1844 1910 1890 1978 ad
1912 1932 2030 1999 regem
2051 1907 2311 2006 Babylonicum
2333 1924 2524 2011 adductus,

604 2012 691 2085 loa
702 2008 809 2083 chin
833 2014 907 2082 sive
920 2008 1145 2081 laconiae
1166 2013 1326 2101 regnavit
1339 2014 1379 2082 in
1397 2009 1488 2083 Iuda
1536 2011 1601 2080 ubi
1616 2010 1682 2079 filii
1694 2010 1770 2079 eius
1791 2008 1967 2081 interfecti
1984 2024 2087 2092 sunt,
2114 2026 2150 2084 et
2169 2029 2268 2105 pater
2285 2019 2417 2095 effossis
2432 2050 2525 2096 ocu-

504 2132 575 2189 trcs
598 2138 746 2188 menses.
797 2112 957 2206 Cumque
980 2110 1264 2202 Nabogdonosor
1284 2115 1408 2184 urbem
1432 2109 1489 2182 Ie·
1537 2110 1583 2179 lis
1595 2108 1814 2205 Babylonem
1828 2112 2003 2182 abductus
2019 2125 2081 2181 est.
2132 2110 2299 2190 Abducta
2321 2135 2372 2195 est
2394 2139 2428 2197 et
2443 2151 2526 2212 ma·>

504 2218 717 2310 rosolymam
747 2214 931 2285 obsidione
962 2214 1145 2293 cinxisset,
1183 2213 1292 2284 suasit
1323 2213 1489 2284 Ieremias
1538 2212 1633 2281 xima
1650 2235 1731 2301 pars
1746 2212 1871 2304 populi
1887 2211 1926 2281 in
1941 2209 2168 2289 Chaldaeum

505 2330 628 2387 contra
650 2317 807 2408 exempla
835 2314 995 2407 priorum
1017 2308 1298 2403 Prophetarum,
1330 2329 1371 2384 ut
1392 2315 1490 2384 fieret
1641 2311 1861 2382 Nominatim
1883 2325 2001 2382 antem
2026 2312 2175 2386 iusserat
2205 2341 2267 2390 rex
2297 2325 2395 2413 parci
2427 2325 2525 2399 Iere-

505 2419 653 2487 dedffio,
711 2414 900 2507 Utrunque
923 2415 1018 2483 enim
1043 2415 1239 2505 praedixit,
1264 2416 1425 2485 futurum
1449 2427 1490 2485 ut
1539 2413 1651 2499 miae,
1677 2413 1767 2482 etei
1790 2426 2064 2485 concessumest
2084 2438 2226 2488 manere
2248 2421 2288 2490 in
2312 2426 2426 2514 patria
2440 2452 2525 2499 cnm

505 2513 720 2611 lerosolyma
737 2518 924 2601 deleretur,
944 2529 978 2584 et
991 2512 1317 2586 abductosludaeos
1329 2516 1368 2584 in
1383 2515 1488 2585 exilio
1539 2513 1701 2606 reliquiis
1720 2515 1861 2604 populi,
1894 2537 2044 2606 quarum
2066 2529 2182 2587 tamen
2196 2522 2314 2595 rabies
2330 2539 2428 2598 unu
2442 2529 2526 2615 fuit,

504 2614 584 2688 1200
602 2642 704 2689 curae
720 2618 817 2703 fore,
841 2630 876 2685 et
896 2630 974 2705 post
987 2616 1210 2706 ‚septuaginta
1225 2638 1338 2686 annos
1355 2618 1490 2687 reditu.
1539 2628 1579 2684 ut
1594 2614 1687 2685 inter
1699 2638 1773 2684 sese
1788 2615 2016 2700 dimicarent,
2043 2629 2077 2688 et
2091 2631 2212 2690 contra
2224 2626 2431 2696 mandatum
2440 2628 2526 2715 Dei,

505 2741 583 2807 ros,
609 2733 644 2789 et
658 2717 804 2806 patriam
821 2716 981 2808 politiam
997 2717 1255 2788 instauraturus
1271 2738 1355 2790 esse.
1394 2715 1489 2787 Huic
1540 2716 1637 2807 quud
1653 2716 1703 2786 eis
1721 2713 1885 2786 Ieremias
1901 2717 2080 2807 exposuit,
2105 2717 2146 2788 5¹1
2161 2715 2355 2818 demtum
2370 2726 2525 2798 deffen-

383 2846 385 2850 ’
503 2814 713 2909 prophetiae
737 2840 816 2887 cum
838 2818 996 2887 crederet
1018 2815 1195 2898 lemnias,
1227 2817 1311 2887 feeit
1337 2817 1490 2889 deditio·
1541 2818 1685 2899 derent,
1710 2817 1773 2885 ubi
1795 2816 1924 2907 partim
1947 2818 2057 2904 fame,
2082 2821 2214 2910 partim
2236 2826 2439 2898 crudelitate
2459 2852 2525 2899 re-

503 2940 599 2991 nem.
651 2916 772 3006 Quare
794 2919 918 3009 etipse
936 2916 1046 2989 etalii
1067 2917 1490 2990 multiferemiaeconsi-
1540 2938 1624 3004 gum
1641 2913 1897 3015 Aegyptiorum
1912 2919 2104 3009 perierunt.
2157 2919 2266 2994 Itain
2282 2928 2525 3016 poenisiurur

504 3018 596 3087 lium
620 3032 805 3110 sequentes
826 3020 865 3088 in
882 3013 1095 3089 Chaldaeum
1117 3021 1259 3091 abducti
1274 3035 1374 3105 sum,
1400 3043 1490 3113 quos
1540 3031 1593 3089 est
1607 3039 1743 3087 summa
1759 3041 1891 3110 poena,
1916 3032 1952 3089 et
1968 3020 2182 3093 calamitates
2200 3040 2316 3116 auget.

504 3118 557 3188 ibi
572 3116 669 3189 Deus
690 3120 853 3212 proterit.
904 3117 1042 3190 Caeteri
1056 3116 1255 3218 Prophetae
1277 3120 1362 3190 iude
1377 3143 1490 3214 usque
1643 3116 1739 3190 Haec
1751 3132 1824 3190 tota
1838 3115 1984 3192 historia
1997 3122 2102 3213 plena
2111 3137 2163 3195 est
2173 3127 2413 3217 exemplorum
2425 3133 2526 3202 mul-

505 3244 526 3288 a
544 3217 646 3290 losue
669 3232 856 3291 suaserunt
878 3220 1139 3302 defensionem,
1169 3219 1336 3290 Ieremias
1352 3221 1490 3292 dissua·
1540 3218 1728 3310 tiplicium.
1780 3218 1823 3290 Iu
1836 3222 1959 3313 poenis
1979 3235 2013 3294 et
2028 3224 2211 3296 furoribus
2232 3227 2524 3324 impiorumlcer-

473 3323 475 3327 ’
505 3322 586 3403 del,
612 3335 646 3395 et
661 3333 822 3392 servatur
835 3317 992 3393 Ecclesia
1006 3346 1101 3392 novo
1116 3323 1242 3408 modo,
1267 3321 1433 3395 videlicet
1449 3323 1488 3392 in
1539 3320 1638 3392 nitur
1661 3320 1715 3390 ira
1736 3316 1815 3394 Dei.
1866 3320 2007 3396 Rursus
2028 3338 2063 3397 et
2083 3326 2327 3401 misericordia
2353 3334 2525 3421 cernitur,

505 3423 630 3507 exilio,
660 3446 740 3494 cum
771 3424 993 3515 disputarent
1023 3422 1143 3514 impii,
1176 3423 1384 3514 promissam
1416 3447 1489 3495 esse
1540 3447 1621 3492 curn
1653 3423 1747 3492 inter
1774 3436 1888 3508 tantas
1911 3426 2125 3497 calamitates
2145 3430 2318 3522 reliquiae
2342 3426 2523 3506 Ecclesiae

505 3523 749 3592 defensionem
765 3524 867 3616 stirpi
888 3521 915 3593 I
923 3520 1012 3593 uda
1032 3526 1070 3593 in
1093 3520 1161 3594 hoc
1178 3525 1254 3615 ipso
1276 3526 1364 3596 loco.
1417 3524 1489 3597 Sed
1540 3522 1875 3594 mirabiliteraDeu
1889 3541 2084 3618 serventur,
2107 3529 2197 3600 sicut
2212 3530 2331 3625 inquit
2342 3530 2524 3608 ieremias:

504 3624 558 3714 pii
582 3625 756 3714 sapienter
783 3625 1029 3697 discernebant
1053 3627 1320 3715 promissionem
1353 3626 1489 3697 aeterni
1540 3622 1809 3696 Misericordiae
1828 3623 1994 3707 Domini,
2021 3631 2117 3720 quod
2138 3654 2211 3699 non
2236 3637 2437 3728 consumpti
2461 3660 2523 3709 su-

505 3724 606 3814 regni
623 3740 656 3796 et
673 3749 756 3796 suae
767 3727 923 3817 politiae,
949 3740 982 3797 et
995 3726 1164 3809 sciebant,
1186 3727 1300 3798 Deum
1315 3728 1489 3820 promissa
1539 3748 1629 3801 mus.
1683 3724 1853 3795 Videmus
1866 3738 1982 3795 autem
2000 3741 2033 3796 et
2050 3751 2116 3798 nos
2138 3725 2206 3800 hoc
2227 3745 2385 3826 tempore
2400 3738 2523 3810 ruinas

503 3840 680 3916 praestare
707 3827 939 3912 mirabiliter,
971 3841 1004 3898 et
1031 3827 1283 3916 promissiones
1310 3830 1488 3900 bonorum
1539 3822 1770 3917 imperiorum
1791 3840 1825 3895 et
1839 3826 1925 3896 alias
1939 3827 2165 3900 calamitates.
2217 3832 2338 3922 Quare
2352 3861 2522 3928 agnosca-

505 3929 742 4018 corporalium
759 3929 1006 4020 intelligendas
1021 3951 1093 3998 esse
1109 3952 1187 3996 cum
1204 3929 1408 4019 exceptione
1429 3952 1488 3998 ca·
1539 3949 1617 3996 mus
1644 3926 1733 3996 iram
1759 3927 1847 4012 Dei,
1874 3940 1908 3998 et
1930 3930 2091 3998 conversi
2116 3935 2160 4002 ad
2177 3930 2293 4005 Deum
2310 3953 2467 4029 petamus
2485 3955 2535 4012 et-

504 4028 703 4118 stigationis
727 4042 761 4099 et
776 4031 900 4103 crucis.
960 4027 1062 4099 Hanc
1078 4029 1275 4100 doctrinam
1292 4030 1329 4097 in
1348 4029 1410 4099 illo
1427 4052 1485 4099 ex·
1538 4039 1758 4118 expectemus
1780 4053 1974 4119 poenarum
1988 4031 2263 4122 mitigationem,
2286 4054 2320 4113 et
2343 4038 2524 4114 Ecclesiae

503 4130 597 4199 cidio
613 4131 757 4220 politiae
771 4131 963 4212 discebant,
990 4144 1030 4201 ut
1047 4154 1128 4201 vera
1143 4130 1384 4201 consolatione
1400 4154 1487 4200 con·
1538 4128 1850 4203 conservationem.

502 4231 632 4301 firmati
650 4256 723 4300 non
740 4230 928 4302 deficerent
944 4229 1072 4312 aDeo,
1099 4245 1133 4303 et
1155 4246 1376 4325 expectarent
1389 4232 1487 4302 redi·
1640 4226 1797 4321 Tempus
1820 4231 1916 4301 exilii
1937 4232 2054 4305 tribus
2077 4233 2167 4307 Iuda
2187 4239 2223 4305 in
2245 4233 2420 4309 Chaldaea
2436 4260 2523 4333 post

502 4346 580 4403 tum
594 4332 776 4405 divinitus.
1099 4356 1101 4360 “
1247 4415 1249 4419 Ι
1538 4329 1812 4401 destructionem
1828 4332 2065 4429 lerosolymae
2086 4352 2120 4408 et
2140 4336 2276 4427 templi,
2304 4336 2374 4408 fuit
2399 4363 2524 4415 anno-

613 4430 651 4501 Z
656 4426 870 4503 edechias
896 4433 1054 4521 regnavit
1071 4432 1107 4501 in
1126 4429 1212 4505 Iuda
1228 4457 1340 4504 annos
1358 4435 1400 4502 11
1419 4436 1487 4504 im·
1537 4456 1618 4502 rum
1636 4431 1687 4503 70
1710 4437 1887 4526 usquead
1909 4431 1996 4530 Cyri
2021 4440 2170 4508 edictum
2179 4489 2190 4527 ,
2215 4450 2255 4507 ut
2280 4459 2344 4509 suo
2362 4440 2443 4512 loco
2462 4447 2521 4514 di·

502 4533 584 4622 pius
613 4550 647 4606 et
677 4536 843 4619 infoelix,
875 4533 1002 4604 defecit
1032 4556 1051 4602 a
1086 4555 1165 4623 rege
1193 4531 1484 4624 Nabogdonusor.
1537 4555 1676 4618 cemus,
1701 4534 1739 4601 in
1761 4537 1914 4606 secunda
1933 4532 2146 4608 monarchia.
2198 4535 2290 4610 Nam
2315 4538 2436 4613 adhuc
2463 4571 2521 4616 re-

502 4631 628 4705 Rediit
649 4636 757 4724 igitur
777 4635 1077 4726 Nabogdonosnr,
1103 4648 1136 4704 et
1159 4633 1283 4703 urbem
1309 4632 1486 4730 lerosoly-
1537 4633 1685 4703 citamus
1724 4659 1780 4704 res
1815 4639 2034 4729 praecipuas,
2074 4661 2165 4729 quae
2196 4651 2354 4733 tempure
2382 4646 2522 4735 primae

503 4754 599 4803 mam
623 4736 734 4805 cinxit
756 4735 943 4806 obsidione
966 4738 1144 4825 integrum
1167 4755 1300 4803 annum
1326 4750 1361 4806 et
1384 4754 1504 4806 men-·
1536 4731 1763 4806 monarchiae
1785 4740 2006 4823 acciderunt,
2032 4762 2103 4832 quo
2117 4744 2434 4831 temporefuerunt
2451 4738 2520 4817 floss

503 4854 557 4903 ses
581 4846 727 4928 septem.
777 4830 856 4904 Etsi
875 4851 991 4908 autem
1011 4835 1176 4906 Ieremias
1194 4835 1364 4906 suadebat
1382 4838 1485 4907 dedi-
1536 4836 1734 4906 rentissima
1750 4861 1856 4928 regna
1871 4836 2149 4927 Chaldaeorum,
2176 4843 2422 4939 Assyriorum,
2446 4844 2519 4919 Ae-

503 4933 650 5022 tioncm,
678 4948 793 5006 tamen
809 4937 1000 5027 pertinacia
1019 4949 1116 5007 tanta
1132 4937 1220 5023 fuit,
1242 4950 1283 5007 ut
1296 4935 1485 5009 defendere
1534 4937 1755 5032 gyptiorum,
1779 4940 2012 5036 lerosolymae
2028 4956 2062 5014 et
2080 4942 2270 5015 Samariae.

500 5035 627 5106 urbem
643 5051 847 5120 conmetur,
874 5063 954 5110 curn
970 5039 1113 5134 quidem
1128 5041 1219 5111 fame
1234 5037 1328 5110 intra
1344 5040 1485 5112 moenia
1636 5037 1711 5109 Iam
1727 5041 1766 5110 in
1781 5042 1893 5113 exilio
1909 5044 2181 5117 considerentur
2194 5047 2395 5119 testimonia
2415 5075 2520 5141 prae-

501 5138 663 5232 quotidie
677 5139 781 5209 multi
796 5140 965 5233 perirent.
1005 5141 1076 5215 Sed
1093 5142 1368 5214 confirmabatur
1381 5142 1484 5213 furor
1534 5142 1668 5212 sentiae
1689 5139 1756 5211 Dei
1780 5142 1820 5214 in
1843 5140 2019 5231 Ecclesia,
2045 5170 2135 5240 quae
2157 5149 2313 5220 ostendit
2336 5148 2449 5234 Deus,
2475 5165 2520 5222 ut

499 5240 640 5313 amalis
656 5242 882 5327 doctoribus,
909 5243 971 5336 qui
984 5244 1284 5335 vociferabantur,
1311 5266 1482 5334 nonpos·
1533 5244 1829 5315 confirmarentur
1851 5245 1901 5336 pii
1929 5248 2099 5319 adversus
2122 5250 2228 5334 alios,
2258 5251 2321 5343 qui
2343 5250 2519 5322 vocifera-

498 5366 536 5413 se
550 5342 663 5413 deleri
675 5365 823 5433 regnum
841 5342 948 5427 Iuda,
974 5344 1057 5437 quia
1079 5344 1117 5410 in
1140 5344 1374 5435 promissione
1391 5344 1481 5414 dici·
1532 5346 1681 5429 bantur,
1707 5342 1855 5414 Iudaeos
1872 5369 1953 5416 eum
1968 5349 2169 5421 amisissent
2184 5373 2345 5440 regnum,
2368 5353 2521 5443 patriam

497 5458 573 5517 tur:
606 5442 689 5518 Non
710 5445 889 5516 auferetur
916 5457 1091 5536 sceptrum
1115 5455 1149 5510 et
1174 5444 1300 5515 doctor
1318 5447 1361 5515 de
1380 5441 1481 5532 Iuda,
1530 5459 1564 5517 et
1586 5445 1775 5534 templum,
1800 5441 1917 5517 nihilo
1939 5450 2051 5539 magis
2072 5474 2176 5521 curae
2198 5473 2271 5522 esse
2285 5449 2383 5540 Deo,
2410 5477 2519 5549 quam

495 5549 608 5621 donec
643 5547 783 5619 venerit
815 5539 931 5617 Siloh.
1003 5541 1075 5612 Nec
1110 5553 1226 5613 tamen
1260 5536 1481 5634 cogitabant,
1529 5547 1616 5616 alias
1638 5556 1776 5630 gentes,
1807 5560 1847 5618 ut
1869 5546 2208 5623 iudicanthomiaes
2230 5555 2442 5625 exadversis
2463 5556 2521 5625 vel

494 5646 608 5723 Deum
627 5648 844 5723 mirabiliter
857 5654 1033 5736 praestare
1044 5642 1227 5734 promissa.
1277 5640 1326 5716 Et
1340 5646 1378 5714 in
1393 5669 1478 5737 pro·
1528 5644 1691 5716 secundis
1707 5646 1824 5721 rebus.
1876 5648 1946 5723 Sed
1962 5651 2082 5724 statim
2097 5677 2178 5724 cum
2195 5656 2357 5726 adoratio
2382 5670 2521 5730 statuae

495 5753 725 5827 missionibus
735 5743 1227 5841 corporalibusexceptionem
1238 5745 1476 5838 castigationis
1495 5827 1503 5849 ι
1525 5746 1777 5836 mandabatur,
1818 5752 1973 5826 ostendit
2000 5748 2098 5827 Deus
2129 5757 2364 5849 praesentiam
2404 5780 2521 5846 suam,
