6025 6775
503 641 580 722 na
1110 687 1114 692 ,
1180 616 1831 709 *stur-wemmam·
1928 614 1973 626 .,
2022 609 2041 615 ..
2150 603 2167 608 ,,
2346 584 2396 591 ff
2453 573 2527 679 m

503 771 639 840 laturos
656 785 754 853 esse,
781 757 960 832 Mantinei
975 756 1092 826 exules
1111 755 1194 825 freti
1214 750 1280 825 hae
1300 776 1385 846 pace
1400 777 1488 825 con·
1639 754 1887 830 commoratus
1907 772 2024 832 autem
2044 757 2311 853 Epaminondas
2328 771 2371 839 ad
2394 774 2521 845 urbem

505 868 667 944 veniunt,
694 876 729 933 et
746 857 1126 955 patriamMautineam
1142 855 1339 927 instaurare
1353 877 1488 926 conau—
1538 852 1701 949 Spartam
1726 859 1936 951 quatriduo,
1977 886 2058 932 cum
2091 878 2127 935 et
2156 866 2269 936 dilabi
2289 868 2444 944 Arcades
2472 877 2517 947 ad

504 985 575 1042 tur.
625 964 758 1037 Fuerat
776 974 891 1033 autem
906 956 1090 1028 Mantinea
1108 956 1295 1049 praecipua
1315 953 1485 1027 urbsAr-
1536 959 1705 1047 praedam
1728 959 1864 1031 videret
1887 962 1926 1030 in
1948 963 2092 1052 regione
2114 968 2302 1054 opulenta,
2341 970 2381 1040 in
2412 996 2519 1067 quam

504 1068 641 1146 cadiae,
669 1063 808 1135 condita
824 1083 844 1128 a
858 1056 1134 1152 lilioLycaonis,
1156 1056 1256 1128 cuius
1273 1079 1405 1125 nornen
1417 1055 1487 1128 fuit
1536 1059 1650 1150 spolia
1665 1084 1707 1129 ex
1721 1060 1843 1131 multis
1857 1063 2022 1150 gentibus
2036 1079 2199 1155 congesta
2216 1082 2334 1155 erant,
2361 1072 2518 1148 discessit

503 1167 719 1238 Mantineus.
771 1158 872 1249 Quae
889 1182 968 1229 cum
985 1158 1103 1227 vicina
1116 1170 1203 1230 esset
1213 1155 1425 1242 Laconicae,
1449 1170 1486 1229 et
1536 1158 1622 1230 inde
1637 1161 1680 1229 ad
1698 1161 1769 1232 alia
1783 1162 1914 1253 oppida
1940 1167 2160 1255 occupanda,
2184 1169 2325 1263 fuitque
2343 1171 2382 1241 in
2398 1171 2517 1246 Laco—

504 1283 620 1341 tamen
643 1261 702 1358 (ut
724 1282 810 1351 gens
834 1257 1007 1329 Arcadica
1030 1258 1188 1351 inquieta
1209 1258 1295 1338 luit,
1329 1271 1363 1328 et
1389 1281 1484 1329 mer·
1533 1258 1614 1331 nica
1630 1273 1701 1331 tres
1716 1285 1863 1335 meuses.
1915 1261 2515 1345 IntereaLacedaemoniiabAthe·

504 1370 587 1440 cede
617 1361 771 1433 militare
800 1354 1050 1451 consueverat)
1080 1380 1183 1449 saepe
1214 1356 1420 1449 adiungeret
1445 1382 1483 1429 se
1534 1360 1721 1433 nieusibus
1742 1364 1916 1434 auxilium
1936 1366 2155 1456 petiverunt,
2189 1370 2280 1442 facta
2301 1395 2517 1445 commemo-

501 1463 664 1537 hostibus
689 1459 1072 1543 Lacedaemoniorum,
1111 1471 1146 1529 et
1177 1457 1275 1529 velut
1301 1483 1364 1528 arx
1394 1473 1484 1532 esset
1533 1463 1671 1533 ratione
1692 1478 1899 1536 mutuorum
1923 1465 2193 1550 beneficiorum,
2226 1485 2261 1542 et
2283 1485 2442 1560 orantes,
2467 1499 2514 1546 ue

420 1589 423 1598 ·
498 1563 683 1672 hostilium
701 1562 901 1653 copiarum,
925 1558 1251 1631 aLacedaemouiis
1267 1581 1386 1629 eversa
1403 1556 1483 1631 suit.
1533 1555 1620 1647 bos,
1659 1565 1780 1657 quiin
1803 1566 1965 1637 maximis
1991 1563 2161 1639 Graeciae
2181 1571 2348 1661 periculis
2364 1575 2514 1647 fuissent

498 1665 620 1760 Quare
641 1686 722 1734 cum
743 1662 925 1746 viderent,
958 1684 1033 1731 non
1051 1659 1127 1731 sine
1150 1659 1307 1750 periculo
1331 1658 1481 1730 viciniae
1532 1662 1630 1733 velut
1642 1659 1877 1758 παραστάται
1891 1661 2184 1750 Atheniensium,
2207 1672 2318 1743 deleri
2343 1674 2511 1750 sinerent,

499 1791 576 1839 earn
599 1763 808 1849 instaurari,
835 1760 1021 1853 Agesilaus
1044 1759 1216 1852 impedire
1252 1760 1506 1831 instauratio.
1532 1758 1589 1829 lbi
1603 1785 1682 1830 cuna
1704 1765 1978 1854 civitasAttica,
2003 1783 2044 1842 ut
2070 1792 2172 1861 saepe
2192 1772 2298 1858 alias,
2323 1773 2435 1846 oblita
2454 1776 2512 1845 ol·
2622 1849 2626 1858 ,

500 1891 583 1939 nem
605 1876 751 1937 conatus
772 1876 834 1937 est.
890 1861 1048 1935 Accersit
1070 1860 1178 1951 igitur
1198 1882 1284 1951 gens
1304 1857 1479 1932 Arcadica
1530 1861 1755 1948 semiorum,
1777 1866 1881 1937 vellet
1896 1864 2083 1940 Graeciam
2107 1871 2238 1940 salvam
2264 1895 2356 1955 esse,
2389 1877 2511 1946 decre·

501 1965 707 2041 Thebanos.
759 1962 812 2035 lta
827 1986 959 2033 novum
977 1963 1110 2032 bellum
1127 1960 1165 2030 in
1184 1958 1331 2032 Graecia
1355 1985 1480 2033 accen·
1530 1962 1581 2032 vit
1596 1976 1635 2033 ut
1650 1962 1759 2032 misso
1773 1966 1925 2035 exercitu
1935 1966 2207 2041 Lacedaemonii
2223 1973 2510 2048 defenderentur.

499 2093 578 2141 sum
594 2082 657 2149 est,
683 2068 721 2135 in
735 2089 807 2159 quo
815 2063 941 2155 Sparta
955 2086 1044 2155 pene
1058 2062 1220 2133 funditus
1235 2062 1351 2153 periit.
1386 2060 1477 2133 Nam
1529 2061 1631 2134 Misit
1645 2079 1679 2136 et
1694 2061 1890 2157 Dionysius
1907 2063 2048 2139 Siculus
2065 2084 2166 2162 pater
2187 2071 2315 2162 viginti
2335 2074 2510 2161 triremes,

495 2167 780 2263 Epaminondas,
801 2188 906 2257 quem
923 2176 1070 2256 propter
1083 2162 1193 2254 ipsius
1206 2162 1374 2233 virtutem
1390 2164 1477 2233 socii
1499 2215 1503 2298 q
1527 2163 1566 2231 in
1580 2164 1710 2257 quibus
1724 2164 1831 2235 luisse
1845 2162 1963 2236 Celtas
1977 2181 2012 2239 et
2027 2166 2149 2241 Iberos
2165 2187 2286 2244 narrat
2294 2170 2508 2266 Xenophon.

498 2271 653 2342 libenter
681 2265 937 2359 sequebantur,
978 2262 1167 2333 exercitum
1198 2262 1237 2332 in
1265 2262 1503 2334 Laconicam·
1527 2260 1578 2335 Et
1606 2265 1750 2357 quidem
1778 2278 1898 2356 postea
1917 2266 2114 2358 plurimum
2136 2274 2309 2363 profuisse
2332 2271 2508 2347 Lacedm-

497 2370 598 2443 dusit
622 2368 854 2462 quadraginta
877 2364 1032 2435 millium
1062 2364 1241 2448 virorum,
1281 2378 1315 2435 et
1341 2376 1473 2435 vastata
1526 2365 1658 2446 moniis
1671 2362 1936 2460 Celtasiuquit.

497 2468 670 2541 Laconica
696 2482 731 2539 et
753 2465 873 2537 multis
888 2464 1029 2557 oppidis
1050 2464 1227 2554 occupatis
1249 2465 1294 2534 ad
1311 2463 1475 2555 Spartam

496 2569 657 2655 amasis,
688 2591 753 2637 nee
774 2579 894 2638 tamen
916 2564 1065 2636 fluvium
1081 2561 1272 2646 Eurotam,
1298 2565 1362 2658 qui
1379 2565 1474 2634 nivi·

495 2670 564 2743 ltus
587 2670 824 2747 intumuerat,
857 2666 1008 2740 transiit.
1062 2661 1117 2735 Ac
1139 2676 1258 2735 tantus
1281 2679 1397 2737 terror
1417 2666 1475 2736 in-

495 2793 617 2842 cussus
642 2782 694 2839 est
715 2766 915 2859 Spartanis,
953 2781 994 2838 ut
1016 2787 1136 2835 servos
1159 2778 1358 2851 armarent,
1390 2789 1473 2857 pro-
1627 2765 1817 2860 Postquam
1833 2792 1919 2838 vero
1933 2769 2092 2846 discessit
2112 2798 2154 2844 ex
2170 2772 2344 2845 Laconica
2359 2768 2507 2867 Epami-

492 2872 600 2943 missa
615 2869 665 2940 eis
687 2870 860 2943 libertate.
909 2863 1070 2958 Cumque
1091 2865 1241 2955 speciem
1267 2864 1351 2936 iusti
1374 2888 1474 2935 exer·
1524 2867 1682 2947 nondas,
1722 2867 1889 2959 Spartani
1913 2883 2059 2960 propter
2087 2873 2286 2945 societatem
2306 2865 2507 2946 Athenien-

492 2972 603 3057 citus,
634 2993 693 3040 ser
717 2969 831 3039 millia
853 2981 1090 3052 auratorum,
1122 2966 1162 3034 in
1182 2965 1269 3036 urbe
1290 2962 1475 3056 Agesilaus
1523 2965 1633 3049 sium,
1658 2978 1694 3036 et
1710 2966 1874 3038 instructi
1891 2968 2032 3039 auxiliis
2054 2993 2096 3042 ea
2111 2971 2234 3043 Sicilia
2256 2973 2391 3058 missis,
2416 3000 2507 3066 pau-

1828 2604 2195 2697 Epaminondas.

371 3123 376 3130 -
462 3068 660 3159 haberet,
691 3068 866 3163 disposuit
886 3091 946 3140 eos
970 3066 1074 3138 certis
1094 3066 1200 3147 locis,
1234 3066 1317 3158 quia
1347 3064 1474 3159 Sparta
1523 3066 1624 3134 latim
1646 3066 1777 3158 oppida
1800 3089 1862 3138 sua
1884 3068 2072 3160 recipiunt.
2121 3069 2199 3142 Hos
2212 3095 2293 3143 eum
2315 3073 2507 3168 reprimepe

495 3172 573 3246 sine
587 3171 774 3243 moenibus
793 3183 879 3241 erat.
903 3219 906 3228 ·
928 3163 981 3241 Ea
997 3192 1050 3239 res
1066 3165 1237 3239 deterruit
1248 3163 1474 3258 Epaminon·
1524 3162 1679 3237 Arcades
1716 3180 1950 3255 conarentur,
1998 3172 2159 3242 nondum
2190 3169 2272 3243 linis
2303 3172 2374 3244 fuit
2405 3174 2504 3247 belli.

495 3276 600 3362 dam,
620 3297 667 3343 ne
681 3269 979 3363 oppugnationem
996 3281 1156 3341 tentaret.
1196 3265 1474 3359 NecAgesilaus,
1523 3264 1685 3361 Cumque
1700 3262 1885 3356 Agesilaus
1900 3283 2046 3361 propter
2061 3282 2236 3367 senectam
2256 3274 2385 3345 ducere
2406 3297 2505 3345 exer-

494 3374 560 3449 etsi
576 3372 747 3448 conviciis
761 3372 1021 3464 provocabatur
1036 3372 1080 3439 ad
1101 3368 1362 3455 dimicandum,
1387 3381 1473 3441 tnnc
1524 3365 1632 3440 citum
1659 3393 1733 3439 non
1755 3384 1890 3461 posset,
1930 3371 2056 3443 missus
2077 3388 2129 3445 est
2152 3373 2247 3445 lilius
2265 3369 2506 3447 Archidamus

496 3475 677 3548 iudicabat
715 3498 757 3545 ex
789 3473 878 3543 urbe
907 3472 1097 3542 exercitum
1130 3469 1351 3540 educendum
1385 3491 1473 3541 esse.
1523 3492 1603 3544 cum
1625 3468 1809 3561 Spartanis
1830 3470 1941 3563 copiis
1963 3486 1998 3542 et
2020 3475 2160 3546 auxiliis
2173 3472 2319 3546 celrici,
2338 3479 2507 3548 adnm,

495 3574 678 3649 Steterunt
692 3587 809 3645 autem
823 3572 929 3643 ambo
947 3571 985 3640 in
1004 3569 1190 3641 contrariis
1205 3568 1294 3661 ripis
1305 3566 1474 3656 Eurotae,
1525 3565 1701 3655 Arcades,
1726 3593 1815 3664 quos
1830 3571 1879 3642 ita
1894 3573 1998 3659 vicit,
2021 3587 2061 3645 ut
2077 3597 2205 3665 magna
2228 3572 2384 3647 hostium
2408 3578 2504 3648 mul-

496 3675 681 3768 Agesilaus
693 3689 726 3745 et
739 3671 1025 3767 Epaminondas,
1056 3694 1130 3742 sese
1151 3684 1276 3767 mutuo
1299 3683 1472 3742 contueri·
1522 3670 1676 3742 titudine
1690 3671 1889 3758 interfecte,
1914 3685 1950 3744 et
1963 3675 2064 3745 nullo
2078 3674 2253 3767 Spartano
2267 3677 2414 3762 amisso,
2437 3701 2503 3748 no·

496 3788 566 3862 tes,
592 3789 627 3847 et
642 3776 731 3845 alter
746 3775 890 3846 alterius
905 3775 1072 3845 virtutem
1090 3771 1322 3857 admirantes,
1346 3785 1382 3842 et
1397 3771 1473 3841 lor·
1523 3771 1656 3842 minata
1678 3772 1725 3845 sit
1748 3773 1809 3843 illa
1833 3796 1968 3865 pugna:
2011 3770 2180 3873 ἅδακρύς
2200 3773 2315 3872 μαχὴ,
2378 3776 2503 3871 Neque

495 3891 604 3951 tunae
619 3877 712 3947 vices
731 3874 932 3964 cogitantes.
982 3872 1070 3945 Erat
1093 3873 1188 3943 enim
1213 3872 1314 3943 triste
1336 3885 1472 3963 specta·
1523 3889 1641 3945 tamen
1660 3868 1817 3946 Arcades
1846 3875 2055 3948 tumultuari
2085 3878 2278 3950 desierunt.
2340 3875 2503 3972 Cumque

491 3980 633 4058 culum,
657 4000 738 4048 cum
753 3976 838 4045 anni
852 3975 1002 4046 sexcenti
1019 3988 1133 4045 essent
1148 3974 1194 4043 ab
1202 3970 1471 4043 Heraclidamm
1521 3997 1615 4045 nova
1630 3974 1771 4045 foedera
1786 3974 1948 4046 fecissent
1962 4001 2042 4047 cum
2051 3974 2149 4049 Eleis
2163 3992 2197 4050 et
2210 3979 2303 4061 aliis,
2326 3992 2360 4051 et
2372 3978 2503 4050 deinde

491 4105 602 4175 reguo
624 4079 664 4149 in
685 4076 876 4163 Laconica,
901 4101 967 4149 nec
989 4100 1146 4170 unquam
1170 4073 1209 4144 in
1230 4097 1272 4145 ea
1295 4075 1472 4166 conspecti
1522 4074 1678 4145 Arcades
1693 4072 1763 4163 ipsi
1777 4073 1871 4143 inter
1886 4097 1959 4143 sese
1975 4077 2141 4149 disiuncti
2158 4093 2288 4164 essent,
2313 4093 2353 4149 nt
2366 4101 2505 4171 semper

492 4195 609 4257 essent
629 4174 776 4252 hostiles
798 4178 988 4262 exercitus,
1012 4201 1078 4248 nec
1095 4175 1258 4247 incendia
1275 4176 1473 4266 etpopula-
1522 4174 1591 4243 luit
1607 4193 1717 4260 genus
1732 4167 1918 4241 hominum
1937 4174 2135 4268 inquietum
2159 4193 2195 4250 et
2216 4202 2340 4271 rapax,
2364 4193 2399 4250 et
2419 4203 2502 4270 pars
2584 4253 2590 4272 ³

493 4285 608 4356 tiones
621 4283 667 4354 ab
679 4276 843 4350 hostibus
867 4278 918 4347 ibi
938 4279 1050 4350 factae
1072 4289 1206 4360 essent,
1243 4299 1340 4345 nunc
1361 4287 1471 4345 totam
1523 4270 1720 4366 (Mantinei
1738 4268 1922 4369 videlicet)
1937 4274 2117 4350 defecisset
2130 4281 2175 4350 ad
2190 4278 2501 4365 lacedaemonios,

495 4383 674 4473 regionem
685 4380 745 4452 uri
763 4393 797 4450 et
818 4379 957 4447 vastari.
1010 4377 1116 4448 Acut
1134 4368 1294 4445 Athenae
1310 4391 1392 4446 aute
1407 4374 1473 4446 tri-
1522 4373 1584 4443 alii
1604 4397 1624 4443 a
1641 4366 1825 4444 Thebanis
1849 4374 2022 4447 auxilium
2044 4391 2220 4469 peterent,
2255 4394 2289 4451 et
2313 4378 2499 4450 Messanae

496 4476 727 4574 ginta'annos
748 4478 929 4551 deditione
950 4479 1041 4548 facta
1062 4475 1249 4568 imperium
1272 4489 1308 4547 et
1327 4477 1472 4548 liberta·
1523 4473 1732 4545 instauratio
1754 4468 1939 4545 Thebanis
1961 4500 2065 4548 curae
2085 4493 2194 4564 esset,
2223 4481 2332 4551 rediit
2351 4476 2499 4570 Epami.

496 4595 568 4655 tero
593 4582 796 4655 amiserant:
844 4578 893 4648 sic
916 4578 1063 4671 Spartae
1091 4601 1187 4647 nunc
1208 4599 1297 4668 pene
1320 4577 1471 4648 similem
1521 4576 1660 4645 noudas
1673 4574 1713 4643 iu
1721 4571 1932 4662 Arcadiam,
1957 4579 2087 4650 ducens
2100 4576 2296 4652 exBoeotia
2310 4577 2498 4654 etEuboea

496 4680 728 4754 calamitatem
740 4708 826 4754 esse.
863 4677 941 4771 lpse
956 4678 1059 4749 etiam
1074 4675 1259 4768 Agesilaus
1273 4678 1471 4770 exemplum
1522 4688 1559 4748 et
1580 4671 1794 4747 Thessalicis
1817 4676 1997 4770 equitibus
2019 4680 2215 4752 mediocres
2237 4681 2374 4774 copias,
2410 4705 2500 4774 quas

494 4784 566 4856 luit
581 4782 835 4856 inconstantiae
854 4804 973 4852 rerum
995 4775 1251 4863 humanarum,
1276 4777 1338 4872 qui
1354 4792 1388 4850 et
1402 4779 1472 4849 llo·
1521 4777 1718 4848 accessione
1738 4777 1914 4849 sociorum
1943 4778 1983 4848 in
2005 4776 2158 4852 Arcadia
2184 4781 2295 4857 auxit.
2360 4779 2435 4852 lam
2464 4795 2499 4851 et

496 4884 733 4956 tentissimam
761 4885 910 4975 patriam
940 4891 1135 4972 acceperat,
1175 4889 1211 4950 et
1236 4877 1472 4951 formidabilis
1519 4876 1791 4949 lacedaemonii
1817 4878 2011 4950 mediocres
2039 4882 2156 4973 copias
2178 4877 2378 4966 habebant,
2412 4881 2496 4975 quia

495 4988 610 5058 iuerat
635 4981 709 5072 regi
723 4979 878 5066 Persico,
914 4996 947 5054 et
961 5003 1044 5052 suae
1058 4978 1180 5052 aetatis
1197 4993 1342 5070 propter
1356 4979 1470 5051 virtu-
1521 4978 1655 5072 equites
1678 4973 1973 5068 Atheniensium,
2008 4994 2042 5052 et
2064 5006 2144 5074 pars
2164 4979 2364 5068 Areadm,
2387 4980 2498 5051 Man-

494 5099 566 5158 tem
583 5081 842 5157 laudatissimus
857 5087 929 5156 dux
946 5086 1077 5166 luerat,
1103 5103 1199 5150 nunc
1215 5101 1318 5148 senex
1336 5081 1471 5171 patriae
1520 5078 1608 5148 tinei
1622 5089 1654 5146 et
1671 5072 1802 5162 Achai,
1823 5082 1867 5150 ad
1883 5102 1943 5150 eos
1956 5095 2182 5157 accesserant·
2231 5077 2366 5155 Eduxit
2388 5083 2498 5173 igitur

497 5189 594 5260 videt
617 5182 780 5256 incendia
805 5196 840 5255 ct
859 5185 988 5255 rivium
1010 5182 1147 5252 lunera.
1196 5177 1335 5249 Profuit
1352 5192 1469 5249 tamen
1491 5196 1496 5276 j
1519 5176 1704 5265 Agesilaus
1720 5178 1909 5251 exereitum
1922 5182 1967 5249 ad
1982 5179 2216 5258 Mantineam.
2264 5180 2497 5276 HicEpami-

494 5289 631 5384 patriae
650 5283 761 5355 animi
774 5284 901 5355 'robore
918 5299 953 5357 et
971 5282 1132 5356 consilio.
1181 5278 1265 5350 Non
1288 5280 1382 5349 euim
1406 5281 1470 5349 de·
1492 5325 1494 5331 ·
1520 5280 1658 5348 nondas
1672 5301 1818 5367 sperans
1830 5303 1870 5350 se
1882 5297 2023 5354 nactum
2044 5285 2263 5357 occasionem
2279 5285 2332 5356 rei
2349 5305 2498 5373 magnae

494 5391 606 5463 seruit
620 5388 767 5470 urbem,
797 5400 832 5455 et
846 5381 938 5453 cives
952 5384 1114 5459 armavit.
1167 5375 1315 5451 Etcum
1338 5380 1470 5450 exerci-
1491 5340 1495 5430 l
1518 5379 1768 5470 perficiendae,
1791 5381 1955 5454 videlicet
1977 5389 2201 5475 occupandae
2214 5386 2379 5478 Spartae,
2412 5383 2496 5476 quia

494 5507 571 5564 tum
587 5487 855 5583 Epaminondas
871 5484 1015 5573 pnrpins
1030 5487 1152 5554 urbem
1167 5481 1331 5562 adduxit,
1362 5479 1468 5551 eruis·
1490 5464 1494 5567 i
1517 5480 1688 5551 exercitus
1703 5479 1789 5549 iude
1803 5482 1943 5563 aberat,
1967 5483 2099 5556 omisso
2113 5488 2247 5578 praelio
2266 5487 2334 5556 iter
2350 5484 2496 5574 suscipit

493 5595 540 5664 sis
558 5592 736 5687 enantibus
753 5602 787 5658 ct
801 5610 842 5655 ex
860 5582 997 5652 insidiis
1016 5589 1158 5654 adortus
1175 5578 1318 5656 hostiles
1339 5581 1470 5675 copias,
1490 5572 1494 5659 ‚¹
1519 5602 1638 5649 versus
1647 5578 1823 5671 Spartam.
1859 5581 1931 5653 Sed
1947 5607 1983 5653 re
1998 5560 2151 5657 infflcata
2168 5586 2359 5656 aCretensi
2373 5586 2496 5667 milite,

402 5766 407 5774 ,
494 5709 664 5766 terrorem
682 5692 731 5762 eis
749 5686 915 5772 inniseit,
937 5687 1234 5772 neprocederent.
1487 5677 1703 5772 ,Agesilaus
1719 5684 1811 5756 redit
1831 5682 1995 5776 Spartam
2016 5686 2196 5757 camblin
2221 5681 2442 5760 Archidamo
2460 5701 2495 5757 st
