6025 6775
493 695 566 773 ιιι
718 753 722 768 ,
957 680 1118 757 DECL
1149 681 1226 760 DE
1263 680 1474 805 CrtUsls
1514 678 2057 771 PUTREFACTIONIS.
2446 694 2517 765 ιιι

491 871 590 940 sione
607 865 678 935 levi
695 864 742 934 ab
757 873 920 929 extraneo
938 856 1053 925 calore
1069 870 1277 946 occupatum
1294 868 1481 946 putrescat,
1531 869 1599 937 tus,
1625 855 1825 947 plusquam
1843 870 1991 925 naturae
2006 859 2146 948 expedit
2160 860 2375 933 calefaciunt.
2413 863 2518 934 Calor

492 970 685 1058 congenito
715 963 841 1032 calore
852 983 891 1030 ex
916 958 1011 1028 illisa
1034 958 1175 1027 flamma
1198 958 1355 1027 extranei
1377 957 1481 1026 effer·
1531 960 1600 1027 τοῦ
1621 953 1852 1051 περιέχοντος
1871 970 1906 1026 et
1930 953 2141 1029 halituum
2129 985 2168 1028 ιιι
2193 965 2274 1031 ab're
2293 979 2355 1034 aut
2371 966 2517 1054 simplex

492 1084 669 1140 vescente.
721 1063 760 1135 Sr
776 1065 948 1132 sitacrror
962 1072 997 1129 et
1006 1031 1290 1129 vehementior
1279 1074 1390 1142 rusto,
1417 1061 1479 1126 ad
1532 1072 1584 1129 est
1607 1072 1668 1128 aut
1692 1074 1862 1129 venenata
1885 1060 2035 1128 infectus
2054 1063 2233 1180 qualitate.
2294 1064 2412 1135 Huius
2434 1093 2517 1147 vero

494 1174 637 1243 urendo
667 1177 873 1237 nocumenta
894 1158 1003 1230 infdrt
1025 1174 1058 1231 et
1080 1164 1332 1231 consumendo.
1385 1159 1482 1229 Fieri
1532 1160 1728 1229 velacoeli
1747 1161 1866 1249 positu
1883 1162 2051 1250 peculiarr
2074 1165 2173 1253 origo
2196 1180 2263 1251 est,
2289 1170 2346 1236 vel
2368 1193 2386 1234 a
2412 1193 2517 1236 vene-

497 1271 610 1343 haec
600 1286 644 1341 ιιι
660 1284 692 1340 et
707 1266 817 1337 oculis
834 1286 1013 1334 cernamus
1027 1276 1060 1331 et
1075 1262 1244 1332 discimus
1259 1263 1483 1352 experientia,
1531 1263 1625 1331 uatis
1659 1286 1699 1331 ac
1732 1264 1885 1353 putridis
1920 1257 2103 1347 halitibns,
2157 1291 2246 1355 qrros
2277 1266 2517 1361 σηπιδοιιύδη
2564 1255 2566 1262 ¹

499 1390 535 1445 et
549 1376 577 1443 si
594 1396 664 1440 non
679 1367 910 1485 perspicimus
926 1367 1080 1453 integre,
1105 1365 1227 1455 quavi
1251 1367 1402 1433 calorem
1429 1364 1482 1430 vi-
1531 1360 1727 1456 μιασματα
1751 1378 1784 1433 et
1806 1357 2074 1456 nnuedornidese
2094 1361 2366 1460 ἀναθυμιάσεις
2388 1387 2420 1441 et
2444 1377 2517 1441 λοι-

498 1479 654 1545 fieantem
674 1496 739 1540 cor
760 1470 883 1559 gignat
903 1481 937 1537 ct
953 1469 1044 1539 edat
1096 1464 1303 1535 Aristoteles
1325 1468 1369 1534 ad
1387 1462 1482 1536 bunc
1531 1461 1814 1560 μιιῦσιιέρματα
1832 1463 1991 1535 Galenus
2009 1479 2128 1549 vocat,
2152 1470 2364 1559 sivemagna
2388 1468 2426 1540 lri
2450 1497 2517 1563 pu-

496 1577 645 1645 calorem
670 1573 836 1641 alludens
858 1570 995 1661 inquit,
1033 1567 1250 1657 Sanguinem
1281 1568 1392 1637 calere
1420 1591 1483 1658 per
1532 1569 1671 1637 tredine
1692 1570 1923 1651 cadaverum,
1963 1568 2047 1637 item
2071 1567 2227 1637 locorum
2250 1574 2458 1661 palustrium
2484 1590 2519 1643 et

494 1677 656 1747 accidens
672 1675 850 1745 imbutum
872 1672 1007 1758 calore,
1039 1670 1170 1763 quide
1193 1671 1298 1739 corde
1318 1670 1414 1753 fluit,
1449 1684 1484 1737 et
1534 1671 1810 1754 lutulentorum,
1834 1684 1896 1739 eut
1917 1667 2077 1760 alioquin
2106 1672 2371 1755 conclusorum,
2399 1677 2517 1767 qualia

495 1792 647 1848 mortem
667 1801 742 1845 esse
755 1774 1060 1866 putrefactionem,
1087 1772 1204 1857 idest,
1230 1772 1481 1842 extinctionem
1534 1786 1616 1841 suut
1630 1765 1793 1865 adludat
1814 1766 1992 1867 πιιγηραὶ
2015 1770 2211 1864 excitentur
2233 1786 2268 1843 et
2290 1776 2519 1846 effundantur

497 1881 623 1951 caloris
637 1879 768 1948 vrtalrs.
820 1876 863 1944 In
877 1899 977 1944 omni
991 1875 1109 1967 rtaque
1124 1874 1381 1964 putrefactione
1403 1898 1480 1942 mu·
1534 1875 1571 1941 in
1589 1889 1724 1956 aerem,
1748 1895 1822 1940 srve
1839 1898 1880 1941 ex
1897 1874 1976 1941 alus
1995 1873 2219 1962 appellantur
2233 1876 2437 1962 regionibus
2461 1874 2514 1948 ds'

497 1984 581 2053 tatio
599 1982 707 2051 totins
726 1978 941 2049 substantiae
963 1979 1006 2045 ad
1031 1976 1295 2066 corruptionem
1320 1975 1484 2068 provenit
1534 1976 1697 2068 ιπιῤῥοης
1716 1967 1811 2043 κατὰ
1837 1999 1880 2044 ιο
1905 1971 2070 2065 συνεχές,
2102 1974 2185 2045 sive
2208 1972 2323 2046 halitu
2343 1979 2519 2058 afflatuve,

496 2082 772 2174 acorruptione
798 2079 923 2149 caloris
947 2077 1236 2168 temperalnenti,
1269 2079 1324 2146 vel
1347 2080 1385 2146 in
1410 2091 1483 2147 toto
1533 2091 1697 2148 contactu
1718 2088 1781 2143 aut
1803 2075 1928 2144 somite
1949 2089 2194 2166 propagentur.
2246 2077 2406 2170 ,Simplex
2429 2082 2519 2152 aeris

499 2208 648 2277 corpore
683 2184 739 2251 vel
773 2185 812 2251 in
840 2194 940 2272 parte
969 2193 1209 2271 putrescente,
1249 2203 1356 2273 quam
1379 2178 1485 2248 eflicit
1533 2181 1630 2248 calor
1652 2179 1729 2247 fusa
1753 2178 1936 2269 laxataque
1959 2189 2036 2245 cute
2059 2191 2092 2245 et
2109 2179 2237 2267 apertis
2254 2181 2518 2251 insensibilibus
2552 2217 2554 2222 ·

499 2302 666 2358 externus
690 2287 786 2354 calor
807 2285 974 2353 obsidens
994 2282 1143 2351 mixtum
1161 2282 1367 2350 destitutum
1392 2279 1484 2367 regi·
1535 2281 1624 2350 cutis
1648 2279 1902 2363 foraminibus,
1943 2279 1981 2347 in
2010 2302 2099 2371 quae
2126 2281 2255 2348 osculis
2278 2286 2425 2351 arteriae
2448 2284 2519 2352 suis

496 2389 596 2457 mine
619 2402 652 2457 et
675 2387 834 2456 dominio
859 2384 986 2454 caloris
1010 2383 1203 2451 influentis.
1262 2380 1311 2450 At
1331 2382 1482 2450 calorem
1535 2384 1748 2465 connivent,
1788 2382 1940 2449 calorem
1971 2381 2179 2450 influentem
2212 2399 2348 2466 evocat,
2393 2387 2521 2467 educit,

497 2490 707 2559 influentem
730 2488 784 2580 (ut
806 2491 849 2557 de
873 2486 1111 2555 animantium
1131 2483 1338 2573 corporibus
1359 2483 1489 2581 loqua3
1534 2483 1679 2555 resolvit
1701 2508 1741 2552 ac
1760 2483 1919 2573 dissipat.
1975 2483 2053 2572 lpse
2066 2507 2150 2551 vero
2166 2496 2198 2553 et
2215 2485 2448 2576 inspiratione
2466 2500 2519 2555 at-

498 2587 601 2686 mnr)
617 2591 824 2680 extinguunt
840 2591 878 2657 in
901 2600 976 2657 toto
1001 2607 1148 2675 corpore
1171 2608 1284 2668 mors,
1311 2585 1348 2654 iu
1374 2587 1483 2677 parti·
1535 2612 1603 2680 quc
1627 2588 1835 2655 arteriarum
1853 2586 2020 2656 continua
2047 2585 2254 2655 dilatatione
2276 2601 2463 2671 attractus,
2488 2603 2523 2657 et

499 2694 567 2762 bus
585 2716 801 2782 gangrense,
827 2681 1040 2781 ιικριόσιις,
1067 2700 1100 2756 et
1113 2685 1254 2761 similia.
1304 2684 1485 2758 Hebetant
1536 2700 1661 2779 sponte
1689 2712 1753 2778 per
1784 2682 1958 2756 hiscentes
1984 2711 2089 2778 poros
2112 2712 2240 2780 corpus
2262 2690 2424 2774 subiens,
2450 2715 2521 2772 eor,

499 2817 602 2880 vero,
627 2793 834 2865 obtundunt
850 2816 889 2857 ac
908 2789 1170 2877 languefaciuut
1193 2792 1344 2858 eundem
1367 2790 1485 2880 pluri·
1536 2786 1718 2871 humores,
1758 2790 1902 2880 spiritus
1936 2803 1971 2859 et
2005 2790 2161 2857 membra
2193 2806 2327 2861 caetera
2364 2807 2521 2882 occupat.

497 2919 577 2965 mae
605 2921 728 2966 causae
762 2886 1077 2986 upoxuwpxrtxul
1106 2885 1170 2961 καὶ
1203 2883 1484 2987 ιιροιγούμιναι,
1537 2887 1639 2975 Quae
1660 2888 1778 2977 itaque
1798 2891 1836 2955 in
1858 2914 2005 2977 corpore
2026 2891 2146 2958 nativo
2170 2895 2284 2962 calore
2308 2895 2437 2961 debilia
2460 2896 2523 2960 ad-

496 3010 569 3066 tam
591 3022 610 3066 a
634 3019 753 3066 rerum
777 2994 993 3063 naturalium
1019 3018 1084 3063 usu
1107 2993 1388 3083 applicationeve
1412 3015 1486 3059 nou
1536 2988 1670 3057 versari
1693 3011 1732 3053 ac
1754 3009 1950 3074 repugnare
1972 2991 2215 3077 impressioni,
2247 2994 2465 3061 incremento
2489 3009 2523 3063 et

498 3099 744 3174 conveniente,
766 3120 871 3186 quam
890 3096 1203 3164 constitutionibus
1220 3095 1274 3162 vel
1288 3094 1485 3163 affectioni-
1532 3088 1797 3161 confirmationi
1829 3086 1936 3153 alieni
1966 3098 2000 3154 et
2027 3090 2160 3155 externi
2185 3093 2309 3156 caloris
2331 3107 2523 3181 nequeunt,

496 3201 568 3267 bus
585 3208 723 3284 praeter
739 3210 902 3262 naturam
919 3209 1035 3276 ortae
1059 3218 1146 3286 quas
1168 3217 1347 3262 recensere
1364 3216 1487 3262 omnes
1538 3217 1577 3259 ea
1592 3192 1734 3280 penitus
1750 3188 1905 3269 obsidet
1931 3187 2110 3255 rmbecrllo
2127 3213 2187 3278 qur
2210 3190 2369 3282 reliquus
2392 3206 2443 3261 est
2466 3218 2523 3261 ca·

500 3295 611 3361 nimis
630 3295 777 3380 longum
800 3306 900 3364 essct.
968 3292 1011 3358 ln
1032 3293 1262 3360 cadaveribus
1285 3293 1487 3360 recentibus
1539 3294 1614 3359 lore
1634 3290 1773 3379 penitus
1788 3288 2018 3360 inflammato
2072 3286 2192 3375 Quare
2207 3291 2290 3359 talra
2308 3305 2523 3379 putrescunt

499 3396 598 3462 calor
615 3396 883 3484 temperamentr
900 3395 1057 3485 reliquus
1073 3407 1135 3460 est
1187 3391 1350 3479 Quare
1321 3417 1351 3462 ιι
1378 3394 1418 3497 is
1430 3392 1487 3462 fo·
1540 3392 1745 3460 venenatus
1762 3393 1858 3459 calor
1873 3414 2050 3458 venem
2060 3416 2124 3475 ιι
2142 3407 2243 3462 acuta
2264 3409 2315 3463 est
2329 3395 2479 3468 subtrlrs
2485 3421 2524 3465 ac

498 3509 626 3563 veatur
634 3509 672 3581 et
695 3497 925 3566 confirmetur
943 3497 1124 3562 moderate
1144 3493 1269 3563 calidis
1290 3460 1488 3581 astringeu-
1537 3506 1738 3586 penetrans,
1756 3494 1920 3583 protinus
1935 3492 2080 3582 spiritus
2094 3508 2127 3565 et
2144 3494 2295 3563 calorem
2309 3496 2416 3585 lugat,
2437 3520 2525 3566 con-

499 3597 595 3666 tibus
617 3612 649 3667 et
670 3597 946 3678 desiccantibus,
973 3595 1090 3685 qualia
1113 3607 1197 3662 sunt
1218 3596 1318 3678 ιΙοὸ,
1342 3589 1487 3686 myrrha
1538 3597 1653 3664 culcat
1675 3607 1780 3685 atque
1803 3594 1938 3662 elidit
1927 3618 1965 3660 ιιι
1988 3607 2063 3664 ιοιο
2089 3619 2254 3686 corpore,
2282 3610 2315 3667 et
2339 3601 2522 3675 confestim

500 3711 534 3766 et
557 3693 847 3788 pissasphaltum,
882 3695 1094 3762 muniuntur
1112 3696 1299 3772 cadavera,
1329 3717 1487 3762 neaca-
1537 3696 1647 3764 vitam
1673 3695 1862 3784 extinguit:
1890 3696 1945 3763 sin
1963 3720 2081 3764 minus
2097 3713 2215 3782 acuta
2242 3701 2370 3767 sensim
2396 3696 2525 3769 humo-

500 3799 574 3868 lore
591 3814 735 3867 externo
750 3796 960 3874 afficiantur,
984 3793 1156 3884 tantisper
1172 3796 1285 3863 donec
1299 3796 1486 3884 absumpto
1537 3819 1611 3880 res,
1646 3797 1764 3915 primo
1794 3795 2150 3891 περιττωματικούς,
2193 3826 2273 3869 mox
2305 3816 2337 3871 et
2370 3803 2525 3896 reliquos

500 3925 541 3969 ac
562 3901 744 3969 deficiente
767 3893 970 3966 humore
941 3896 1030 3964 ernis
1051 3908 1187 3963 terreus
1210 3909 1399 3978 remanet,
1425 3899 1486 3989 qui
1538 3899 1629 3966 vitae
1655 3912 1690 3967 et
1712 3899 1923 3989 spirituum.
1931 3902 2175 3990 propagationi
2203 3927 2242 3970 ac
2265 3906 2524 3973 consecrationi

502 3998 678 4072 halituum
701 4001 823 4068 afflatu
845 3998 1070 4088 dispergitur.
1137 3992 1292 4064 Eaedem
1318 4020 1408 4087 quae
1431 3999 1488 4063 in·
1539 4022 1751 4069 necessarios
1771 4001 1976 4091 putrefacit
2002 4004 2215 4096 tandemque
2238 4004 2444 4074 influentem
2469 4033 2526 4074 ca-

501 4104 691 4187 iluentem,
715 4103 820 4170 ettam
837 4125 880 4171 ιιι
904 4093 1104 4193 σύιιφιιιοι
1123 4093 1269 4191 dapnes
1290 4121 1413 4165 causae
1437 4111 1489 4166 at·
1539 4101 1650 4168 lorem
1665 4102 1815 4190 perimit
1866 4100 1945 4169 Hoc
1959 4104 2066 4170 modo
2085 4117 2160 4172 tum
2177 4107 2341 4195 putridae
2366 4122 2439 4175 tum
2465 4134 2527 4197 pe-

502 4219 660 4290 tenuant,
683 4208 742 4275 sed
758 4216 798 4272 ut
814 4202 1021 4271 remotiores
1037 4215 1070 4269 et
1085 4200 1203 4269 vitiosi
1221 4199 1488 4289 temperamenti
1540 4201 1698 4272 stilentes
1727 4202 1969 4269 incenduntur
1997 4204 2112 4272 febres
2141 4230 2160 4274 a
2192 4208 2306 4275 calore
2339 4209 2526 4278 ambientis

504 4303 715 4391 humorum,
741 4330 829 4398 quos
847 4319 917 4373 tres
932 4302 1144 4371 distinctae
1134 4326 1172 4369 ιιι
1189 4326 1337 4393 corpore
1360 4301 1491 4369 coctio·
1541 4323 1632 4370 aeras
1645 4313 1812 4394 tanquam
1835 4325 1937 4370 causa
1961 4320 2105 4377 remota
2165 4304 2273 4376 Calor
2294 4334 2332 4375 ex
2358 4304 2527 4378 halitibns

504 4433 566 4478 nes
594 4411 713 4498 plures
743 4432 783 4475 ac
812 4406 998 4474 distinctos
1027 4418 1231 4494 procreant,
1261 4426 1384 4472 causae
1407 4416 1490 4471 sunt
1540 4403 1686 4470 fervidis
1709 4396 1905 4500 σιεγνώσιι
1923 4399 2122 4475 cohibitis'
2111 4423 2202 4478 antra
2228 4433 2417 4498 corpusne
2442 4434 2526 4479 con-

505 4512 737 4602 multiplices,
764 4533 803 4576 ac
824 4532 950 4576 variae
1003 4504 1071 4576 Sed
1093 4508 1189 4573 unde
1210 4505 1336 4573 caloris
1356 4505 1489 4574 externa
1541 4505 1647 4573 clusis
1663 4508 1785 4574 eodem
1803 4508 1909 4573 modo
1924 4531 1994 4599 qno
2011 4507 2158 4597 simplex
2180 4524 2450 4579 autsenenatus
2469 4536 2526 4579 ca

504 4614 605 4701 origo
620 4627 693 4692 est,
719 4611 832 4703 quiin
850 4610 952 4677 mixti
967 4607 1124 4699 corporis
1142 4630 1215 4675 sese
1232 4608 1419 4676 insinuans
1437 4620 1491 4673 at·
1540 4607 1596 4675 lor
1611 4607 1835 4695 putredinem
1851 4609 1937 4691 ciet,
1962 4609 2130 4677 nimirum
2143 4613 2293 4704 ¹quod
2265 4635 2291 4679 ss
2309 4637 2381 4680 non
2399 4614 2527 4690 robore

497 4739 574 4807 ·que
588 4716 752 4803 ingerens
769 4712 1021 4794 substantiam,
1046 4710 1203 4778 nativum
1229 4732 1298 4801 quo
1322 4733 1385 4776 eeu
1411 4708 1492 4775 vin·
1540 4709 1653 4779 nativi
1673 4710 1801 4803 caloris
1822 4734 1904 4778 mox
1930 4724 2114 4801 superetur
2128 4715 2169 4782 'et
2191 4713 2363 4793 elidatur,
2389 4717 2528 4787 invadit

507 4816 588 4883 culo
619 4828 689 4886 tota
719 4814 819 4882 mixti
851 4834 1036 4903 compages
1062 4812 1222 4900 colligata
1252 4834 1291 4878 ac
1317 4811 1490 4899 glutinata
1541 4825 1576 4879 et
1590 4812 1786 4902 corrumpit
1801 4835 1859 4895 ea,
1885 4836 1974 4903 quae
1997 4814 2148 4882 maxime
2172 4815 2225 4883 sui
2249 4816 2375 4883 caloris
2399 4818 2528 4886 debili-

512 4916 688 4997 cousistit,
713 4916 927 5006 corrumpit?
966 4911 1032 4983 Est
1053 4915 1149 4981 calor
1170 4912 1231 4979 ille
1256 4923 1337 4980 aut
1331 4937 1379 4992 ex
1402 4913 1492 4981 aeris
1541 4925 1611 4981 tate
1627 4913 1817 5002 languent
1843 4925 1883 4980 ut
1901 4927 1982 4981 sunt
2004 4915 2139 4983 crudi'
2129 4939 2167 4983 ιιι
2192 4939 2338 5035 corpore
2362 4914 2528 4989 humores

510 5014 765 5084 circumfusi
737 5038 941 5109 eurumque,
975 5039 1064 5108 quae
1091 5039 1154 5105 per
1185 5020 1299 5083 adrem
1330 5015 1493 5082 feruutur
1542 5027 1602 5083 ant
1627 5014 1729 5082 effusi
1752 5028 1846 5082 extra
1870 5030 1969 5093 vasa,
2004 5017 2057 5083 vel
2083 5018 2276 5087 coacervati
2300 5020 2429 5087 alicubi
2453 5038 2527 5092 eta

504 5106 805 5205 ἅναθυιιιάσιων
835 5121 967 5200 calore,
1001 5131 1104 5186 anta
1132 5118 1268 5185 fervore
1295 5115 1491 5183 calidorum
1542 5129 1667 5184 natura
1686 5115 1855 5185 derelicti
1907 5112 2027 5185 Potest
2041 5140 2135 5184 erum
2158 5133 2192 5186 et
2214 5119 2251 5185 in
2279 5144 2426 5208 corpore
2447 5125 2527 5191 vivo

415 5248 421 5263 ·
507 5240 550 5287 ee
565 5216 841 5306 fuliginosorum
863 5172 1057 5302 balusium,
1083 5216 1266 5287 scilicet
1239 5241 1268 5285 sr
1293 5217 1390 5309 quie
1415 5239 1493 5284 cor·
1543 5218 1694 5306 putredo
1712 5216 1786 5284 lieu
1806 5214 1898 5296 talis,
1923 5241 2012 5311 quae
2026 5219 2160 5286 febrem
2179 5219 2343 5291 incendat
2360 5226 2528 5314 pestilen

504 5344 594 5411 pore
632 5343 698 5411 per
726 5317 882 5385 occultos
911 5343 1015 5409 poros
1046 5335 1107 5390 aut
1137 5333 1272 5389 meatus
1306 5318 1494 5409 ampliores
1543 5332 1613 5387 tem
1631 5319 1812 5387 venenatis
1830 5313 2018 5400 halrtsbus
2044 5319 2135 5388 srcut
2150 5318 2335 5393 Galenus
2326 5344 2461 5418 iuquit
2489 5327 2528 5395 ἐν

506 5424 661 5494 effluunt
685 5430 878 5511 perpetuo,
908 5422 1161 5491 detineantur
1152 5433 1244 5490 rutra
1265 5442 1392 5511 corpus
1414 5439 1496 5489 στι-
1542 5445 1596 5512 τιιι
1606 5415 1749 5508 σωματι
1759 5443 1876 5511 χυμοι
1864 5412 2081 5512 ιιιιτηδιιοι
2089 5446 2180 5514 προς
2194 5418 2309 5520 origum
2323 5423 2527 5519 ὑπάρχωσι,

511 5517 799 5620 yvoioesaliqua,
827 5520 862 5588 id
880 5536 948 5602 est,
974 5545 1156 5595 nummosi
1172 5522 1259 5593 vel
1243 5514 1433 5618 inmeritos,
1455 5545 1494 5588 ac
1543 5517 1606 5592 καὶ
1636 5515 1814 5644 ἀφιιριιήιι
1835 5546 1919 5593 τινα
1941 5521 2163 5615 βραχεῖαι
2148 5550 2187 5596 ιν.
2210 5533 2278 5597 τοῦ
2301 5527 2528 5620 περιέχοντος

512 5641 772 5696 coacerventnr.
826 5620 933 5692 Aucti
956 5622 1050 5689 enim
1070 5625 1132 5691 tali
1153 5626 1299 5695 detentu
1315 5631 1443 5695 coeunt
1461 5636 1495 5691 et
1544 5618 1728 5717 elrr’pgr'p
1743 5618 2115 5717 πυριτιιῦλᾶβῃζ
2036 5652 2079 5695 ιο
2114 5625 2200 5696 aios.
2252 5626 2328 5694 Hae
2347 5641 2528 5695 suntran-

406 5792 411 5799 ,
514 5742 725 5812 exaestuant,
749 5738 784 5795 et
798 5726 943 5818 spurtus
961 5725 1086 5813 primo,
1112 5748 1192 5795 mox
1207 5722 1384 5798 humores
1409 5748 1494 5816 pro·
1543 5748 1601 5793 sae
1618 5741 1882 5816 corrumpentes
1897 5730 2056 5796 nativum
2079 5728 2243 5795 calorem.
2303 5725 2375 5793 Nec
2398 5726 2437 5796 fit
2461 5751 2528 5820 pu-

513 5842 638 5921 pagato
654 5829 823 5898 contiuua
840 5825 1051 5898 alteratione
1073 5840 1171 5898 aestu
1190 5828 1229 5896 in
1253 5852 1375 5898 omnes
1401 5850 1495 5897 mea-
1520 5826 1523 5872 t
1546 5828 1703 5898 trefactio
1718 5853 1897 5921 nuquam,
1922 5830 1991 5895 nisi
2008 5840 2079 5895 tota
2096 5825 2291 5892 substantia
2307 5824 2418 5895 nativi
2435 5832 2530 5901 calo.

563 5929 749 6001 Μιιιιιιιι.
775 5933 878 5998 om.
904 5932 987 5996 Vox..
1015 5929 1094 5997 XII.
1855 5929 1902 5995 12
