6025 6775
495 716 569 789 m
907 670 912 680 ’
1169 705 1199 777 1.
1251 676 1814 777 uinoutconcamoms.
2103 627 2108 644 .
2425 716 2501 790 ⁸73

493 885 597 955 initia
620 879 835 974 praeliorum
860 878 967 950 Iudae
981 873 1160 946 Macabaei
1182 875 1412 945 conferuntur
1433 871 1473 939 in
1526 870 1741 961 diriperetur
1761 884 1798 942 et
1818 871 2115 957 inflammaretur,
2136 878 2238 951 iussit
2261 881 2352 954 edici
2368 882 2499 979 Scipio,

494 1007 630 1055 annum
647 984 691 1052 ab
707 983 796 1053 urbe
812 981 951 1051 condita
964 975 1287 1071 quingentesimum
1309 986 1473 1062 octuage-
1524 985 1564 1043 ut
1580 973 1742 1061 fugerent
1757 973 1820 1066 qui
1838 974 1979 1045 vellent.
2031 974 2213 1067 Fugerunt
2232 981 2339 1072 igitur
2353 1010 2394 1057 ex
2408 992 2497 1060 urbe

494 1085 624 1154 simum
641 1084 838 1173 septimum.
1256 1131 1258 1137 ,
1524 1071 1778 1166 quinquaginta
1794 1074 1907 1143 millia
1924 1070 2130 1164 hominum,
2152 1080 2281 1173 reliqui
2299 1067 2363 1157 aut
2386 1088 2497 1159 inter·
2547 1071 2551 1093 ¹

1522 1172 1602 1243 secti
1616 1186 1676 1243 aut
1691 1174 1842 1243 flammis
1857 1176 2032 1268 absumpti
2044 1190 2139 1254 sunt.
2171 1178 2266 1253 Urbs
2277 1183 2496 1261 inflammata

1523 1273 1609 1344 arsit
1631 1273 1707 1343 dies
1730 1275 1891 1348 sedecim.
1945 1277 2080 1350 Scribit
2100 1295 2218 1352 autern
2239 1282 2427 1379 Polybius,
2459 1316 2496 1359 se

1522 1372 1682 1464 Scipioni
1693 1374 1852 1461 astitisse,
1872 1381 2042 1467 spectanti
2055 1381 2156 1451 urbis
2169 1379 2386 1457 incendium.
2421 1388 2496 1478 Qui

595 1489 700 1555 Anno
727 1509 747 1555 a
780 1484 922 1555 condita
953 1475 1189 1570 urbe-Roma
1219 1479 1473 1551 sexcentesimo,
1521 1498 1601 1543 eum
1615 1475 1813 1567 lacrymans
1831 1500 1969 1547 versum
1983 1481 2174 1553 recitasset:
2193 1482 2260 1553 Illa
2276 1486 2351 1556 dies
2367 1491 2496 1575 veniet,

494 1601 628 1680 quarto,
647 1610 742 1655 anno
757 1598 837 1677 post
852 1586 957 1652 linem
971 1581 1190 1652 belliPunici
1203 1582 1348 1651 secundi
1364 1580 1470 1673 quin·
1521 1597 1601 1644 cum
1616 1570 1815 1645 fatoTroia
1829 1578 1970 1668 peribit,
1994 1580 2382 1677 interrogatPolybius:
2407 1593 2495 1682 quid

493 1688 693 1779 quagesimo
724 1686 878 1755 secundo
906 1694 1040 1750 motum
1064 1695 1115 1752 est
1136 1683 1269 1753 bellum
1293 1680 1467 1750 Punicum
1519 1675 1705 1769 lacrymae,
1729 1672 1766 1745 hi
1784 1678 1951 1766 gemitus,
1975 1677 2214 1754 ethaecdicta
2229 1686 2493 1774 significarent?

491 1789 646 1860 tertium.
708 1782 797 1854 Eius
826 1784 910 1854 belli
941 1806 1035 1852 annu
1063 1797 1188 1873 quarto
1210 1772 1406 1874 Carthago
1432 1782 1466 1848 vi
1520 1772 1727 1866 Respondet
1743 1775 1881 1866 Scipio,
1904 1803 1940 1847 se
1955 1783 2106 1870 cogitare
2122 1783 2339 1857 miserabiles
2356 1793 2493 1880 generis

493 1902 590 1977 capta
609 1902 642 1957 et
659 1888 771 1957 deleta
790 1899 858 1965 est,
886 1873 1382 1974 duceScipioneAem'yliano‚
1404 1881 1466 1972 qui
1519 1871 1667 1945 humani
1684 1899 1801 1965 casus,
1828 1890 1862 1946 et
1879 1880 2036 1950 futurum
2054 1883 2246 1974 aliquando
2262 1887 2376 1958 simile
2393 1894 2492 1961 urbis

493 2001 594 2056 natus
619 2002 670 2056 est
690 2001 788 2077 patre
809 1984 922 2054 Paulo
938 1983 1121 2075 Aemylio,
1153 1986 1213 2053 sed
1237 1985 1422 2072 adoptatus
1447 2003 1466 2049 a
1518 1974 1656 2047 Romae
1669 1978 1861 2061 excidium,
1895 1979 1985 2048 sicut
2006 1995 2041 2051 et
2057 1979 2198 2053 'l'otilae
2218 1982 2379 2057 Gotthici
2402 1994 2492 2080 regis

492 2085 679 2178 Scipione,
703 2100 787 2157 nato
805 2109 845 2154 ex
863 2083 1027 2173 Scipione
1042 2083 1175 2153 victore
1189 2083 1391 2152 Annibalis.
1519 2088 1678 2169 tempore
1705 2080 1852 2163 accidit,
1894 2079 2032 2151 circiter
2059 2103 2195 2151 annum
2226 2088 2493 2182 septingentesi-

595 2184 706 2256 Causa
721 2187 805 2256 belli
819 2184 904 2267 ierit,
927 2185 1023 2274 quod
1037 2183 1112 2271 regi
1122 2183 1346 2268 Masinissae,
1370 2180 1465 2251 socio
1518 2199 1616 2247 mum
1638 2192 1717 2269 post
1746 2174 1841 2249 hunc
1863 2176 2077 2271 Scipionem.
2145 2182 2297 2256 Steterat
2319 2204 2435 2260 autem
2459 2207 2493 2262 et

491 2287 616 2375 populi
637 2285 810 2369 Romani,
840 2284 972 2353 bellum
997 2282 1208 2367 intulerant,
1239 2282 1346 2352 missu
1368 2304 1466 2350 exer·
1516 2274 1694 2369 Carthago
1723 2303 1836 2349 annos
1870 2280 2009 2353 circiter
2046 2284 2302 2374 septingentos,
2350 2294 2494 2362 condita
2604 2299 2607 2303 '

493 2388 565 2455 citu
591 2389 635 2466 ,in
664 2386 739 2455 eius
767 2386 852 2454 fines
874 2382 1128 2478 quinquaginta
1152 2396 1186 2453 et
1207 2396 1285 2452 octo
1311 2382 1465 2451 millium
1516 2391 1599 2448 ante
1629 2382 1765 2450 urbem·
1783 2377 1936 2452 Romam
1969 2406 2064 2453 anuo
2097 2386 2285 2457 centesimo
2320 2402 2355 2459 et
2386 2394 2492 2481 paulo

493 2483 698 2570 hominum,
736 2487 799 2577 qui
824 2499 941 2553 tamen
971 2481 1218 2553 circumsessus
1245 2483 1290 2552 ab
1313 2483 1481 2553 exercituv
1517 2478 1680 2577 amplius.
2020 2567 2023 2572 Ι

493 2584 721 2670 Masinissae,
752 2607 877 2674 magna
894 2606 935 2651 ex
951 2594 1048 2673 patre
1065 2583 1156 2650 fame
1174 2583 1290 2674 periit.
1340 2582 1465 2653 Postea
1618 2575 1813 2652 Asdrubal
1832 2585 1904 2652 dux
1926 2577 2257 2672 Carthaginensium
2280 2592 2425 2681 supplex
2448 2596 2494 2662 ad

493 2708 572 2753 cum
597 2687 701 2773 legati
722 2683 930 2755 aRomanis
948 2682 1046 2751 missi
1062 2683 1266 2754 viderentur
1283 2684 1466 2777 aequiores
1518 2678 1721 2770 Scipionem
1739 2684 1908 2773 confugit.
1957 2679 2048 2753 Eius
2068 2709 2158 2754 uxor
2179 2687 2256 2756 dira
2280 2695 2407 2761 marito
2427 2695 2495 2762 im-

493 2808 565 2853 esse
586 2784 797 2854 Masinissae
827 2786 917 2854 bene
946 2783 1091 2867 merito,
1130 2784 1351 2854 conditiones
1371 2785 1466 2875 pacis
1518 2794 1657 2870 precata
1685 2805 1722 2851 se
1749 2807 1829 2853 cum
1864 2782 1983 2874 parvis
2013 2783 2096 2854 filiis
2129 2785 2167 2855 in
2195 2790 2352 2857 medium
2377 2795 2494 2879 ignem

491 2881 784 2975 Carthaginenses
805 2884 1090 2976 repudiaverunt.
1143 2884 1299 2978 Sequuta
1322 2897 1373 2954 est
1398 2884 1467 2972 igi·
1517 2880 1768 2971 praecipitavit.
1819 2882 1904 2953 Post
1925 2896 1994 2953 aet
2012 2882 2087 2973 ipse
2103 2879 2283 2955 Asdrubal
2308 2890 2375 2959 sibi
2399 2916 2495 2961 mor-

491 3001 552 3056 tur
576 2999 656 3077 post
684 2987 877 3075 legationes
906 2983 1092 3076 aliquoties
1112 2984 1236 3054 missas
1259 2984 1466 3055 deliberatio
1518 2992 1589 3049 tem
1602 2982 1785 3052 conscivit.
1833 2979 1881 3053 Et
1896 2908 2063 3070 Ceguntur
2078 2984 2146 3053 alia
2169 2980 2357 3058 horribilia
2378 2977 2499 3061 exem-⁴
2526 3002 2528 3006 '

492 3080 714 3156 nontantum
731 3087 902 3165 debello,
934 3087 995 3154 sed
1022 3085 1126 3152 etiam
1147 3086 1191 3154 dc
1212 3087 1301 3155 urbe
1317 3080 1468 3157 Cartha·
1519 3081 1599 3171 pla,
1624 3104 1715 3173 quae
1731 3081 1935 3153 acciderunt
1956 3086 1996 3150 in
2019 3106 2060 3152 eo
2085 3085 2240 3169 excidio,
2266 3112 2355 3180 quae
2378 3107 2496 3162 osten-

494 3188 575 3274 gine
590 3183 755 3270 delenda,
779 3188 861 3279 quia
876 3210 948 3254 non
966 3186 1169 3277 quiesceret.
1218 3184 1468 3272 Eaderedis-
1520 3183 1611 3251 dunt
1633 3183 1722 3250 iram
1737 3179 1804 3250 Dei
1825 3185 1993 3253 adversus
2017 3183 2164 3270 delicta,
2198 3200 2233 3257 et
2254 3207 2419 3276 monent,
2451 3219 2496 3263 ne

494 3283 754 3357 sensioRomae
771 3286 1041 3359 inScnatufuit.
1094 3280 1468 3379 ScipioNusicasen-
1520 3296 1636 3373 spreto
1672 3279 1739 3350 Dei
1781 3282 1914 3357 iudicio
1945 3275 2057 3354 co'ecis
2090 3286 2344 3378 cupiditatibus
2376 3295 2497 3365 indul-

494 3388 540 3457 sit
565 3411 639 3456 non
664 3388 850 3458 delendam
873 3409 968 3471 esse,
998 3387 1079 3477 quia
1101 3387 1208 3454 nimis
1231 3401 1327 3456 atrox
1351 3409 1469 3454 exem·
1520 3394 1672 3472 geamus.

494 3488 594 3578 plum
609 3502 718 3572 esset,
741 3502 776 3558 et
793 3513 866 3558 non
890 3487 1105 3557 conveniens
1119 3485 1303 3557 Romanae
1315 3488 1469 3554 clemen·
1621 3478 1870 3571 Carthaginem
1898 3510 1973 3555 non
1999 3485 2112 3559 multd
2132 3503 2211 3581 post
2234 3492 2417 3564 restituere
2439 3519 2499 3564 co-

495 3589 582 3671 tiae,
626 3601 759 3658 tantam
792 3585 979 3659 hominum
1013 3580 1277 3657 multitudinem
1311 3587 1468 3675 perdere.
1522 3597 1626 3652 natus
1650 3599 1700 3654 est
1719 3581 1826 3654 Caius
1851 3582 2053 3675 Gracchus,
2092 3591 2307 3661 deducturus
2335 3617 2377 3661 co
2402 3599 2500 3665 colo·

494 3686 619 3756 Deleta
644 3687 750 3758 etiam
782 3713 821 3758 ea
854 3692 942 3760 urbe
965 3687 1148 3761 Romanos
1181 3687 1318 3755 facilius
1352 3686 1470 3755 civilia
1521 3685 1628 3752 niam.
1692 3682 1764 3755 Sed
1785 3684 1878 3777 Lupi
1899 3689 2018 3776 signa,
2055 3713 2144 3782 quae
2174 3715 2359 3762 murorum
2385 3699 2499 3786 spacia

495 3788 589 3856 bella
623 3800 781 3859 moturos
814 3812 907 3874 esse,
951 3791 1032 3882 quia
1066 3782 1138 3857 itta'
1162 3788 1303 3878 imperii
1333 3789 1470 3856 aemula
1521 3785 1785 3873 significabant,
1807 3803 1986 3861 eruerunt.
2037 3787 2307 3861 Posteaalulio
2327 3807 2361 3863 et
2376 3796 2500 3886 Augu·

496 3890 630 3958 sublata
648 3889 735 3958 foris
751 3890 929 3958 neminem
944 3890 1167 3959 formidaturi
1184 3888 1316 3958 essent.¹
1355 3881 1471 3956 Cato·
1523 3899 1576 3956 sto
1592 3887 1752 3958 restituta
1769 3901 1837 3973 cst,
1863 3904 1896 3959 et
1913 3912 1954 3958 co
1970 3889 2115 3959 deducti
2129 3903 2213 3962 sunt
2226 3892 2357 3967 coloni.

498 3990 556 4057 nis
577 3990 644 4059 fuit
661 3989 836 4060 contraria
857 3990 1046 4075 sententia,
1079 3991 1161 4083 quia
1182 3991 1295 4060 virtus
1308 3988 1471 4060 Romana
1567 4061 1570 4067 ,
1997 4058 2004 4073 ,

497 4092 663 4178 paulatim
679 4093 776 4162 lieret
791 4091 1006 4179 languidior,
1023 4087 1272 4180 Carthaginem
1290 4091 1470 4160 occasione
1638 4122 1754 4199 Bw·
1763 4115 1893 4187 apum
1915 4120 2183 4193 Numantia
2192 4144 2213 4194 e
2245 4122 2391 4195 mgis·

497 4194 727 4281 recuperandi
741 4192 883 4282 imperii
899 4194 1091 4286 aliquando
1106 4217 1248 4262 usuram
1265 4215 1350 4262 esse.

597 4292 768 4364 Consules
789 4294 830 4361 in
847 4288 1039 4382 Aphricam
1062 4294 1159 4361 missi
1184 4292 1330 4360 biennio
1356 4292 1472 4360 vicina
1626 4277 1750 4377 Scipio
1769 4282 2000 4375 Aemylianus
2021 4285 2284 4376 quartodecimo
2310 4312 2404 4356 anno
2427 4302 2505 4378 post

501 4389 626 4477 oppida
643 4407 875 4483 occuparunt,
902 4404 936 4461 et
956 4390 1141 4482 aliquoties
1161 4391 1373 4459 infoeliciter
1395 4405 1473 4462 ten·
1528 4407 1682 4455 eversam
1701 4380 1951 4472 Carthaginem
1974 4385 2105 4455 delevit
2125 4386 2249 4454 urbem
2267 4386 2506 4471 Numantiam,

500 4502 620 4556 tarunt
634 4496 929 4579 oppugnationem
940 4486 1180 4578 Carthaginis,
1200 4514 1240 4559 ac
1254 4489 1383 4561 virtute
1396 4490 1474 4561 Sci·
1525 4487 1628 4557 sitam
1644 4486 1682 4553 in
1698 4482 1907 4570 Celtiberia,
1929 4485 1993 4555 ubi
2007 4483 2164 4557 Romani
2180 4487 2350 4557 exercitus
2368 4489 2506 4582 aliquo-

500 4588 838 4682 pionisllemyliani,
852 4595 915 4689 qui
930 4590 1207 4666 tuncTribunns
1221 4591 1374 4661 militum
1391 4605 1475 4676 erat,
1528 4588 1591 4657 ties
1609 4586 1774 4656 trucidati
1794 4589 1945 4658 fuerant.

501 4685 559 4756 his
573 4711 698 4778 magna
714 4713 793 4759 eum
816 4697 925 4780 gloria
950 4693 1077 4762 servati
1101 4705 1184 4762 sunt
1198 4690 1355 4763 Romani
1376 4716 1476 4761 exer·
1615 4688 1735 4757 Huius
1750 4701 1865 4758 autem
1880 4686 1979 4756 urbis
1993 4687 2166 4757 excidium
2182 4688 2376 4759 terribilius
2391 4710 2509 4757 exem-

502 4790 600 4859 citus.
652 4789 739 4860 Post
752 4790 934 4865 biennium
950 4792 1007 4865 hic
1021 4793 1142 4884 Scipio
1157 4805 1239 4862 ante
1254 4794 1475 4861 consularem
1528 4790 1627 4880 plum
1644 4801 1696 4858 est
1711 4788 1847 4858 excidio
1864 4783 2100 4876 Carthaginis.
2151 4787 2246 4878 Quia
2268 4797 2347 4860 eum
2366 4802 2509 4882 propter

502 4901 648 4957 aetatem
673 4903 809 4960 creatus
826 4890 978 4980 Consul,
1012 4909 1047 4964 et
1070 4895 1196 4962 missus
1216 4893 1254 4960 in
1272 4889 1479 4982 Aphricam,
1528 4890 1859 4960 famemdeiendere
1868 4889 1994 4958 urbem
2010 4889 2103 4958 cives
2120 4889 2255 4960 diutius
2270 4914 2344 4960 uon
2357 4905 2510 4982 possent,

503 4987 573 5055 ali'o
587 4990 735 5061 consilio
751 5014 835 5061 usus
852 5005 921 5076 est,
944 5006 1048 5087 quam
1073 4996 1208 5086 priores
1230 4996 1347 5063 duccs.
1400 4992 1475 5062 To·
1532 4991 1797 5060 inflammarunt
1817 5012 1895 5055 eam
1909 4989 1997 5078 ipsi,
2023 5002 2058 5060 et
2074 5012 2148 5058 sese
2161 4989 2403 5082 partim'igui‚
2429 5016 2511 5082 par-

502 5103 575 5158 tam
597 5090 721 5159 urbem
742 5093 1034 5180 circumvallavit,
1059 5120 1105 5166 ne
1125 5097 1340 5167 frumentum
1357 5090 1480 5163 invehi
1531 5093 1596 5161 tim
1618 5092 1733 5172 ferro,
1764 5088 1892 5178 partim
1917 5110 2054 5157 veneno
2077 5092 2321 5181 perdiderunt.
2384 5091 2511 5163 Postea

500 5204 631 5278 posset.
683 5188 722 5261 ld
740 5215 829 5283 opus
845 5192 990 5263 difficile
1004 5209 1039 5266 et
1052 5220 1179 5287 magna
1200 5209 1273 5265 arte
1295 5207 1331 5265 et
1350 5217 1478 5284 magno
1532 5189 1652 5280 Scipio
1676 5188 1799 5258 ruinas
1821 5187 1984 5258 funditus
2003 5188 2152 5275 delevit,
2194 5205 2228 5264 et
2256 5214 2357 5283 agros
2383 5193 2511 5263 vicinis

502 5292 625 5361 labore
650 5294 843 5384 perfectum
866 5307 929 5364 est.
981 5291 1066 5364 Fuit
1085 5301 1179 5368 enim
1203 5296 1357 5369 ambitus
1382 5295 1481 5365 urbis
1533 5291 1712 5374 attribuit,
1741 5303 1775 5360 et
1790 5289 1951 5360 ordinata
1966 5289 2150 5383 provincia
2165 5315 2286 5384 pacem
2304 5295 2343 5362 in
2360 5317 2399 5364 ea
2413 5306 2511 5384 parte

505 5414 562 5460 sex
582 5394 791 5465 milliarium
814 5393 1119 5467 Germanicorum.
1173 5396 1355 5485 Diameter
1375 5396 1484 5487 igitur
1533 5391 1726 5485 Hispaniae
1740 5389 1904 5462 restituit.

502 5493 574 5560 fuit
596 5495 736 5567 circiter
756 5499 910 5567 duorum
931 5494 1150 5570 milliarium.
1214 5498 1353 5571 Interea
1382 5520 1493 5588 saepe.
1636 5495 1845 5563 Absenteeo
1861 5489 1998 5563 Romae
2013 5515 2162 5584 magnae
2185 5493 2373 5563 seditiones
2396 5503 2512 5561 motae

506 5592 712 5666 dimicatum
730 5610 782 5668 est
797 5597 978 5668 acerrimis
1000 5595 1164 5686 praeliis,
1188 5601 1393 5686 praesertim
1420 5622 1485 5669 na·
1536 5608 1619 5666 sunt
1633 5608 1777 5686 propter
1793 5593 1885 5687 leges
1905 5593 2079 5686 agrarias,
2105 5618 2192 5688 quas
2208 5594 2311 5663 initio
2328 5592 2423 5660 bono
2438 5604 2516 5661 stu-

505 5692 658 5765 valibus.
717 5697 790 5768 Sed
811 5700 953 5769 tandem
976 5697 1063 5767 urbs
1087 5696 1124 5764 vi
1147 5708 1248 5782 capta
1271 5713 1340 5782 est,
1380 5702 1484 5771 caede
1536 5697 1597 5766 dio
1613 5693 1779 5767 Tiberius
1795 5691 1977 5765 Gracchus
1999 5696 2149 5780 tulerat,
2179 5691 2382 5762 faventibus
2406 5693 2513 5761 etiam

507 5792 603 5863 intra
622 5798 765 5869 moenia
787 5796 954 5873 horribili
975 5801 1074 5870 iacta·
1137 5793 1350 5890 Priusquam
1368 5815 1484 5875 autem
1536 5797 1638 5870 Lelio
1662 5795 1867 5870 ctScevola.
1918 5793 1989 5866 Sed
2010 5798 2057 5867 ad
2077 5796 2208 5866 bonam
2230 5812 2372 5863 causam
2394 5805 2517 5885 postca

1879 5889 1964 5970 56*

651 1322 859 1389 Tertium
884 1316 1110 1386 Punicum
1136 1312 1320 1385 bellum.
