6025 6775
579 639 654 715 29⁶
1064 666 1068 674 ,
1151 624 1314 700 DECI·
1353 618 1428 697 DE
1461 620 1604 698 vtTA
1635 623 2030 740 BUGENHAGll.
2529 633 2607 706 296

681 804 760 877 Oro
776 819 893 877 autem
908 800 1019 869 lilium
1036 796 1102 867 Dei
1118 794 1314 868 Dominum
1332 803 1493 868 nostrum
1513 790 1569 862 le-
1619 795 1668 865 ris
1696 793 1890 882 Ecclesiae,
1931 818 2021 890 quae
2052 800 2117 868 etsi
2149 814 2234 872 sunt
2255 804 2392 891 exigua,
2422 817 2538 873 tamen
2561 803 2607 872 de

580 903 869 989 sumChristum,
893 914 932 972 ut
947 922 1012 969 nos
1028 924 1168 998 quoque
1185 898 1223 968 in
1239 894 1296 969 his
1309 896 1417 968 tantis
1432 895 1571 964 discor·
1619 900 1740 969 multis
1770 900 1906 989 magnis
1928 899 2035 968 rebus
2065 901 2277 973 confirmant
2300 905 2388 995 pios.
2443 902 2491 974 Ut
2511 907 2606 995 apud

582 1015 652 1084 diis
681 1009 834 1102 publicis
854 1004 1026 1094 gubernet
1048 1016 1083 1070 et
1111 1014 1290 1093 protegat,
1318 1012 1354 1069 et
1376 997 1484 1067 iaciat
1505 1020 1572 1065 nos
1621 994 1785 1071 lreneum
1803 1015 1837 1071 et
1854 998 2136 1084 Tertullianum,
2161 1004 2222 1094 qui
2238 1019 2498 1076 antecesserunt
2511 1004 2603 1100 Syn·

584 1106 694 1204 mlv]
710 1106 831 1189 ἐλέους
848 1120 881 1175 et
896 1126 1027 1192 organa
1041 1101 1208 1173 salutaria
1228 1102 1359 1174 nostris
1372 1098 1572 1183 animabus,
1620 1103 1730 1171 odum
1764 1102 1935 1171 Niccnam
1970 1101 2043 1171 fere
2073 1104 2241 1173 ducentos
2272 1129 2404 1191 anuos,
2443 1107 2607 1196 leguntur

582 1214 760 1298 Ecclesiae
775 1210 978 1288 universae,
1004 1203 1152 1275 familiis
1164 1206 1295 1276 nostris
1315 1217 1350 1275 et
1365 1200 1573 1293 posteritati,
1621 1202 1773 1273 illustria
1791 1202 1991 1274 testimonia
2011 1198 2094 1299 aspi
2114 1195 2244 1300 λόγον,
2276 1208 2371 1297 apud
2389 1205 2607 1276 Clementem

584 1318 713 1390 Amen.
762 1310 857 1381 Dixi.
1621 1304 1786 1375 refutatio
1801 1318 1853 1375 est
1867 1303 2025 1389 illorum,
2048 1305 2109 1396 qui
2122 1305 2322 1395 coniugium
2337 1301 2612 1398 prohibuerunt,

1622 1419 1657 1477 et
1671 1420 1754 1477 sunt
1769 1407 1922 1476 insertae
1938 1405 2159 1475 dulcissimae
2172 1407 2400 1481 narrationes.
2445 1408 2504 1476 Dc
2519 1409 2611 1478 reei-

586 1545 1572 1570 .-.--—-·--—--—-—-——-—-—·---
1623 1507 1763 1599 piendis
1787 1508 1893 1600 lapsis
1915 1507 2147 1577 redeuntibus
2170 1507 2212 1574 ad
2231 1505 2499 1597 poenitentiam,
2523 1533 2611 1577 con-

1623 1609 1806 1679 firmamur
1828 1607 2030 1678 testimonio
2053 1606 2151 1678 Petri
2172 1601 2423 1693 Alexandrini,
2450 1609 2512 1701 qui
2527 1607 2610 1679 Me-

594 1714 661 1785 No.
680 1712 765 1786 168.
1400 1740 1448 1780 aa.
1468 1713 1561 1777 1558.
1623 1710 1708 1780 letio
1741 1714 1945 1779 adversatus
1978 1723 2040 1782 est.
2101 1706 2155 1778 Ac
2186 1710 2336 1800 optarim
2361 1711 2491 1780 maiore
2515 1736 2611 1798 cura,

589 1806 760 1838 ’Ν
1396 1801 1567 1834 “²⁸⁴
1624 1813 1845 1881 eruditorum
1867 1825 1902 1882 et
1921 1812 2062 1901 piorum
2088 1808 2275 1894 historias,
2304 1812 2508 1902 praesertim
2540 1836 2610 1894 eas,

804 1912 880 1998 De
911 1915 1008 1999 vila
1034 1911 1349 2024 Bugenbagii.
1624 1913 1808 2007 inquibus
1830 1913 2021 1984 certamina
2042 1913 2224 1983 doetrinae
2245 1926 2500 1998 narratasunt,
2524 1938 2612 1983 con·

560 2115 571 2124 .
653 2072 752 2127 sm
769 2068 850 2127 Μ
874 2068 907 2125 T.
925 2068 971 2125 m·
997 2089 1024 2141 t·
1043 2069 1095 2124 819
1110 2086 1187 2139 Ἣ,
1214 2068 1334 2131 sam,
1352 2068 1386 2126 T.
1407 2067 1454 2125 m·
1514 2066 1574 2123 772.
1624 2028 1777 2085 servatas
1795 2039 1883 2085 esse:
1918 2007 1984 2083 has
2007 2014 2076 2104 legi
2097 2027 2194 2085 muto
2218 2014 2343 2086 utilius
2364 2030 2467 2100 esset,
2502 2039 2610 2109 quam

688 2136 887 2279 {aggpttet
904 2139 1213 2209 a.taang.15tstt.-
1248 2138 1328 2208 Apud
1343 2136 1460 2192 aiebant
1477 2087 1574 2190 bnt.
1625 2118 1818 2188 recentium
1841 2116 2054 2187 Pontificum
2080 2116 2246 2195 consilia,
2282 2115 2344 2209 qui
2368 2131 2408 2186 ut
2431 2140 2528 2186 suam
2555 2131 2612 2212 ty-

1625 2219 1811 2289 rannidcm
1843 2216 2060 2301 stabilirent,
2092 2219 2186 2287 bella
2216 2231 2423 2302 moverunt,
2456 2241 2546 2312 quae
2574 2219 2615 2288 in

1579 2363 1580 2367 =
1625 2319 1726 2391 Italia
1755 2335 1788 2389 et
1814 2317 2005 2389 Germania
2029 2342 2174 2409 magnas
2203 2320 2417 2390 vastationes
2444 2322 2614 2392 fecerunt.

1625 2421 1737 2492 Nobis
1753 2446 1836 2490 vero
1853 2421 1889 2488 in
1907 2417 2105 2489 Academiis
2120 2420 2304 2512 praecipue
2318 2445 2424 2489 curae
2440 2423 2485 2492 sit
2496 2435 2612 2512 poste·

1626 2524 1675 2593 ris
1690 2526 1828 2593 tradere
1845 2522 2025 2591 doctrinae
2045 2522 2244 2593 testimonia
2263 2521 2300 2588 in
2319 2516 2479 2592 historiis
2493 2521 2613 2593 erudi-

512 2747 518 2754 .
592 2691 903 2773 Vrotislauiensi,
945 2689 1096 2757 Decono
1137 2685 1288 2783 Collepii
1324 2685 1576 2779 philosophici
1625 2639 1999 2813 ἓᾙῗῃξὶρωὸᾛζθ
2016 2649 2077 2793 Ἣῖ
2094 2621 2324 2795 Ξῑὲιῗέζῑὲῐ
2337 2625 2614 2796 ἐὶἳῗέἰῑξῖᾞο

974 2865 976 2868 -
1006 2783 1154 2857 ''abili''
1626 2829 1862 2898 narrationem
1887 2826 2066 2895 bonafide
2093 2826 2238 2916 collegi,
2265 2849 2368 2918 quam
2386 2828 2454 2917 piis
2473 2840 2609 2915 gratam

581 2923 737 3016 ¹(iratius
753 2957 815 3024 ago
835 2930 911 3004 Deo
927 2949 1070 3004 aeterno
1093 2935 1185 3025 patri
1202 2929 1351 3005 Domini
1369 2938 1480 3008 nostri
1498 2937 1574 3008 lesu
1626 2945 1660 3001 et
1673 2930 1822 3022 posteris
1842 2928 1965 2998 utilem
1982 2928 2058 2995 fore
2073 2928 2205 3001 iudico.

588 3035 741 3123 Christi,
780 3038 927 3106 creatori
943 3038 1032 3106 coeli
1054 3050 1089 3107 et
1101 3050 1233 3122 terrae,
1259 3049 1293 3106 et
1306 3035 1526 3126 Angelorum
1542 3054 1574 3109 et
1724 3028 1804 3101 Etsi
1825 3042 1941 3098 autem
1965 3026 2118 3097 Basilius
2143 3030 2280 3123 inquit,
2311 3032 2355 3100 de
2384 3030 2511 3101 sanctis
2534 3052 2609 3099 nou

586 3139 792 3224 hominum,
824 3161 895 3208 una
914 3163 993 3208 cum
1018 3140 1178 3216 filio-suo
1202 3152 1407 3222 coaeterno,
1435 3152 1469 3207 et
1491 3138 1572 3231 Spi-
1625 3156 1714 3225 opus
1733 3156 1805 3203 esse
1832 3130 2166 3201 commemoratione
2191 3134 2342 3223 patriae,
2376 3131 2458 3226 quia
2479 3157 2548 3203 uua
2565 3132 2611 3200 sit

587 3247 659 3320 ritu
674 3256 813 3326 sancto,
838 3227 934 3334 quod
949 3242 1139 3312 clementer
1155 3264 1219 3311 nos
1234 3250 1349 3309 servat
1363 3253 1398 3310 et
1412 3242 1575 3334 protegit,
1625 3235 1822 3306 communis
1838 3233 1971 3326 putria,
1992 3232 2153 3302 omniurn
2177 3234 2419 3319 nobilissima,
2445 3230 2613 3319 Ecclesia,

586 3361 622 3425 et
642 3346 786 3438 praebet
808 3344 1049 3412 doctrinarum
1082 3342 1224 3427 lumen,
1264 3355 1299 3411 et
1332 3355 1407 3413 toto
1436 3358 1576 3435 pectore
1625 3351 1742 3408 tamen
1756 3337 1840 3408 sciri
1855 3337 1997 3428 prodest
2010 3334 2185 3404 maiorum
2207 3336 2451 3429 disciplinam,
2477 3361 2517 3409 er
2533 3338 2614 3432 qui-

555 3447 667 3517 ‘eum
690 3468 777 3525 oro,
802 3455 842 3509 ut
864 3465 1001 3532 semper
1023 3445 1116 3509 inter
1137 3467 1202 3512 nos
1226 3444 1295 3512 sibi
1312 3458 1489 3514 aeternam
1505 3442 1577 3515 Ec·
1625 3443 1691 3511 bus
1705 3440 1854 3534 quisque
1877 3452 1981 3508 natus
2007 3451 2069 3510 est.
2120 3435 2282 3508 Primum
2302 3441 2411 3530 igitur
2431 3435 2609 3511 dePatris

587 3543 728 3614 elesiam
750 3540 911 3627 colligat,
943 3554 978 3609 et
1003 3554 1161 3631 protegat
1185 3558 1219 3610 et
1241 3544 1412 3631 gubernet
1430 3570 1512 3631 nos,
1536 3562 1576 3617 ut
1625 3542 1738 3612 nostri
1753 3540 1907 3612 Pastoris
1924 3540 2113 3608 dicendum
2131 3552 2191 3606 est.

588 3641 755 3714 salutaria
785 3642 972 3707 doceamus
1010 3655 1043 3711 et
1070 3642 1261 3724 discamus,
1298 3666 1362 3712 nec
1391 3646 1575 3733 tingamus,
1726 3641 1768 3709 ln
1793 3644 1911 3710 littore
1930 3638 2143 3708 Germanico
2167 3641 2210 3708 ad
2229 3637 2414 3713 Oceanum
2429 3641 2611 3722 Arctoum,

586 3759 648 3816 aut
670 3741 888 3813 stabiliamus
910 3741 1001 3807 ullas
1027 3741 1242 3832 perniciosas
1266 3743 1464 3829 opiniones.
1516 3746 1572 3818 Aa
1624 3746 1708 3812 inde
1735 3764 1846 3833 usque
1875 3741 2066 3807 allumine
2092 3738 2249 3828 Vistula,
2284 3749 2377 3837 quod
2402 3762 2527 3817 notum
2551 3759 2612 3826 est,

588 3843 679 3916 hanc
702 3865 816 3912 meam
839 3841 1055 3926 orationem,
1087 3855 1121 3910 et
1142 3857 1256 3914 vestra
1277 3858 1357 3915 vota
1378 3846 1575 3938 adiungite,
1623 3865 1744 3913 versus
1767 3865 1926 3911 occasum
1955 3842 1999 3908 ad
2027 3843 2151 3911 urbem
2183 3844 2359 3915 Sundium
2383 3846 2489 3934 longa
2515 3848 2612 3932 regio

587 3962 621 4019 et
636 3946 764 4040 petite,
789 3957 829 4013 ut
843 3943 938 4012 lilius
952 3939 1018 4015 Dei
1037 3966 1195 4012 summus
1215 3945 1376 4014 sacerdos
1392 3962 1514 4019 noster
1529 3952 1574 4021 sit
1623 3961 1693 4031 cst,
1728 3968 1817 4038 quae
1848 3968 1943 4012 nunc
1965 3940 2195 4015 Pomeraniae
2223 3971 2353 4017 nomen
2381 3940 2502 4027 habet,
2534 3945 2608 4010 sere

586 4041 830 4143 πρεσβευτής,
868 4045 1047 4134 perferens
1073 4058 1230 4117 nostram
1264 4048 1501 4138 precationem
1530 4054 1572 4122 ad
1623 4048 1775 4118 mediam
1792 4047 1910 4114 influit
1926 4045 2100 4131 Viadrus,
2126 4072 2215 4141 quae
2235 4048 2355 4116 multis
2371 4047 2476 4114 rebus
2493 4045 2534 4112 ad
2553 4045 2608 4111 vi-

585 4165 767 4222 oeternum
789 4161 935 4238 patrem.
1623 4166 1694 4223 tam
1711 4148 1913 4219 necessariis
1928 4148 1974 4216 ita
1990 4149 2165 4233 abundat,
2190 4163 2229 4219 ut
2243 4149 2321 4216 aliis
2337 4147 2500 4236 gentibus
2513 4147 2607 4215 mul-

686 4249 796 4322 Recte
819 4262 936 4317 autem
959 4248 1160 4320 institutum
1183 4264 1253 4335 est,
1284 4264 1324 4321 ut
1346 4251 1384 4319 in
1408 4246 1464 4322 his
1488 4278 1573 4327 con-
1621 4254 1666 4324 tis
1690 4253 1885 4334 frumenta,
1920 4253 2073 4340 pecudes
2099 4264 2134 4321 et
2158 4251 2268 4341 pisces
2292 4249 2429 4319 vendat.
2488 4246 2607 4336 Quare

482 4364 484 4369 '
584 4353 761 4445 gressibus
778 4349 892 4420 oratio
912 4343 1101 4434 habeatur,
1126 4351 1181 4419 vel
1196 4353 1241 4419 dc
1256 4353 1375 4446 aliqua
1391 4369 1489 4445 parte
1507 4361 1572 4428 do-
1622 4368 1657 4426 ct
1672 4354 1808 4442 magnis
1825 4366 1857 4422 et
1872 4352 2051 4443 opulentis
2066 4353 2215 4422 urbibus
2228 4364 2351 4419 ornata
2375 4362 2444 4433 est,
2471 4350 2509 4419 in
2526 4351 2606 4442 qui-

522 4522 528 4537 ,
585 4460 799 4538 ctrinarum,
842 4452 898 4519 vel
929 4452 972 4519 de
1012 4451 1178 4541 exemplis
1209 4455 1410 4541 cognitione
1443 4459 1571 4547 dignis.
1620 4458 1688 4526 bus
1704 4456 1774 4524 nisi
1790 4457 1880 4544 leges
1895 4449 2064 4525 honestae
2074 4476 2191 4523 severe
2204 4452 2489 4538 defenderentur,
2514 4453 2602 4521 mul·
2642 4489 2649 4495 ·

584 4553 673 4625 Cum
690 4557 798 4643 igitur
814 4556 858 4622 de
883 4565 1089 4641 argumento
1113 4552 1368 4639 deliberarem,
1394 4558 1481 4627 etin
1503 4557 1571 4630 boc
1620 4559 1736 4629 titudo
1750 4557 1944 4648 tranquilla
1967 4578 2129 4626 essenon
2154 4566 2287 4642 posset,
2311 4576 2376 4622 nec
2395 4556 2606 4624 commercia

584 4654 717 4722 recenti
731 4655 826 4722 luctu
842 4649 958 4722 adhuc
974 4654 1088 4741 imago
1098 4651 1301 4724 Revereudi
1318 4656 1385 4725 viri
1402 4654 1571 4732 lobannis
1620 4683 1701 4731 cum
1722 4659 1916 4749 peregrinis
1936 4681 2009 4728 esse
2032 4665 2180 4747 possent.
2233 4652 2416 4746 Principes
2438 4656 2549 4745 igitur
2573 4670 2607 4726 et

583 4748 804 4842 Bugenbagii
833 4751 987 4822 Pastoris
1018 4752 1196 4824 Ecclesiae
1223 4769 1364 4825 nostrae
1395 4763 1507 4830 occulis
1537 4779 1571 4833 et
1620 4759 1849 4852 Magistratus
1863 4759 2036 4830 iusticiam
2051 4765 2253 4825 constanter
2268 4769 2423 4830 tuentur.
2464 4754 2605 4826 Etcum

584 4854 763 4923 mentibus
780 4853 911 4920 nostris
926 4856 1147 4939 obversetur,
1172 4878 1250 4924 non·
1268 4857 1366 4928 aliud
1382 4883 1571 4950 argumen-
1618 4865 1692 4934 sint
1712 4858 1892 4933 Ecclesiae
1913 4860 1962 4929 ibi
1981 4855 2048 4927 Dei
2072 4854 2244 4925 beneficio
2267 4871 2360 4927 recte
2384 4859 2607 4944 constitutae,

583 4968 658 5026 tum
674 4952 939 5024 anteferendum
958 4955 1068 5043 ipsius
1084 4949 1252 5028 historiae
1265 4962 1405 5047 censui,
1430 4988 1520 5055 quae
1536 4980 1570 5036 et
1618 4978 1784 5035 amantur
1803 4965 1907 5035 etiam
1930 4971 2082 5029 caeterae
2107 4957 2272 5049 virtutes,
2306 4983 2388 5029 vera
2407 4956 2475 5030 Dei
2503 4961 2606 5032 invo-

584 5058 626 5125 dc
655 5057 814 5125 doctrina
845 5054 1003 5125 iuniores
1031 5058 1142 5131 multa
1173 5077 1312 5147 monet,
1354 5077 1389 5133 et
1412 5070 1568 5158 exempla
1618 5067 1728 5154 catio,
1763 5065 2006 5153 coniugiorum
2031 5057 2118 5129 fides
2141 5071 2175 5128 el
2194 5061 2376 5133 modestia.
2437 5061 2531 5133 Sunt
2545 5056 2603 5130 'ibi

582 5159 740 5227 continet
762 5158 991 5232 vitae'utilia.
1050 5157 1212 5255 Cumque
1243 5165 1281 5231 in
1306 5160 1398 5235 hanc
1420 5182 1567 5239 aetatem
1618 5183 1653 5240 et
1665 5169 1905 5240 doctrinarum
1926 5159 2054 5231 studia.
2105 5156 2170 5230 Est
2193 5186 2278 5232 vero
2295 5177 2330 5234 et
2349 5165 2388 5232 in
2407 5187 2447 5233 ea
2461 5162 2604 5251 regione

494 5269 496 5272 ’
581 5258 750 5329 inciderit
764 5260 910 5327 mutatio
927 5257 1165 5332 Ecclesiarum
1180 5265 1348 5353 insignis,
1373 5268 1567 5360 plurimum
1617 5293 1743 5362 magns
1764 5263 1960 5360 frequentia
1984 5262 2200 5347 nobilitatis,
2232 5266 2270 5334 in
2295 5290 2363 5359 qua
2385 5263 2486 5335 multi
2505 5286 2604 5333 nunc

580 5356 689 5431 refert
703 5359 925 5449 posteritatis,
952 5364 1039 5432 scire
1054 5365 1174 5455 quales
1189 5365 1331 5447 suerint,
1356 5372 1416 5462 qui
1435 5374 1568 5443 doctri·
1617 5395 1758 5468 quoque
1782 5390 1849 5438 usu
1869 5361 2017 5434 militiae
2039 5365 2123 5433 clari
2148 5378 2249 5452 sunt,
2281 5368 2385 5439 multi
2417 5365 2547 5437 virtute
2570 5377 2606 5436 et
2674 5356 2679 5363 ’

580 5485 664 5531 nam
697 5461 932 5530 emendarunt
971 5477 1005 5531 et
1042 5465 1145 5533 initio
1189 5487 1492 5557 propagaverunt,
1533 5490 1567 5545 et
1615 5476 1745 5566 opibus
1759 5467 1893 5550 ornati,
1918 5465 2018 5535 domi
2035 5466 2181 5536 consilia
2202 5469 2344 5558 publica
2363 5480 2502 5560 regunt.
2559 5514 2563 5519 -
2596 5486 2600 5495 '

578 5587 731 5657 quorum
746 5559 952 5650 Principum
971 5576 1004 5631 et
1019 5565 1296 5650 gubernatorum
1310 5574 1437 5641 studiis
1455 5577 1565 5646 adiuti
1713 5566 1787 5643 Nec
1800 5569 1840 5638 in
1856 5569 1928 5639 ulla
1953 5581 2053 5659 parte
2070 5568 2284 5665 Garumnise
2300 5564 2421 5661 plores
2437 5562 2606 5643 ΜΝ*
2633 5636 2660 5653 ,ἱ

577 5665 666 5748 sint,
688 5662 1108 5737 necaecomultitudinis
1129 5667 1261 5757 impetu
1282 5688 1417 5764 recepta
1434 5678 1566 5746 doctri·
1613 5664 2245 5763 striartliuedoctrinssintelligunt,i
2260 5666 2478 5779 quantuli
2571 5662 2605 5726 i*
2625 5666 2639 5685 '

577 5788 622 5834 na
646 5782 800 5858 putetur.
858 5762 991 5837 Extant
1012 5767 1206 5856 fragmenta
1224 5777 1454 5847 certaminum
1468 5794 1564 5852 vete·
1612 5796 1650 5850 se
1674 5788 1752 5873 estu
1774 5772 1955 5868 regionem
1971 5773 2058 5844 olim
2077 5764 2331 5927 μένῳ

589 2390 715 2458 morso
743 2382 790 2454 dc
810 2388 888 2454 cito
902 2387 987 2453 lieu.
1013 2385 1086 2450 virs·
1112 2382 1221 2455 Dosa.
1246 2385 1402 2453 loannis
1422 2383 1576 2476 Bapen-

473 2529 477 2538 ·
587 2486 696 2584 leogii
727 2490 949 2570 Potuerunt,
1012 2480 1137 2552 Theoi.
1172 2485 1282 2555 Doct.
1330 2491 1369 2554 ct
1403 2485 1576 2554 Posteris

589 2590 782 2661 Ecclesiae
818 2584 1033 2678 wicstan,
1083 2605 1107 2652 u
1137 2588 1277 2657 Petro
1317 2583 1575 2656 Vincentio
