6025 6775
1105 739 1134 813 1.
1185 728 1480 810 CHRONlCON
1505 729 1754 810 CARlONIS.

521 907 662 980 Nomen
686 921 804 980 autem
830 922 903 979 erat
925 921 1083 979 veterum
1113 907 1252 999 legum,
1282 898 1403 999 Leges
1428 897 1568 974 'terfici
1597 904 1753 979 fratrem.
1816 903 1932 976 Duxit
1962 928 2107 976 uxorem
2138 928 2295 978 sororem
2329 931 2439 994 suam,

419 1007 632 1096 Draconis,
657 1010 706 1081 sic
732 1009 931 1080 nominatae
956 1009 1014 1079 vel
1034 1009 1079 1081 ab
1099 1022 1242 1090 autore,
1267 1008 1325 1077 vel
1345 1002 1407 1104 (ut
1455 1019 1490 1077 et
1530 1005 1781 1100 lacrymantem
1821 1020 1966 1099 propter
2004 1008 2124 1078 fratris
2155 1031 2277 1080 necem
2312 1031 2437 1078 excan-

420 1112 533 1201 magis
548 1108 729 1205 existimo)
746 1132 766 1180 a
784 1110 863 1178 loco
879 1109 1023 1195 iudicii,
1050 1108 1150 1184 cuius
1171 1109 1311 1199 signum
1333 1122 1405 1198 ter-
1454 1108 1599 1177 descens
1622 1110 1802 1196 gravidam
1832 1107 2020 1185 interfecit.
2044 1143 2046 1146 ·
2077 1106 2180 1180 Hanc
2208 1110 2436 1181 domesticam

420 1213 528 1285 ribile
551 1226 624 1283 erat
636 1207 763 1284 Draco.
814 1207 976 1282 Fuerunt
997 1211 1093 1280 enim
1116 1233 1251 1304 poenae
1272 1212 1404 1283 multo·
1452 1207 1694 1280 crudelitatem
1736 1210 1796 1280 alii
1837 1210 1975 1281 furores
2014 1211 2154 1304 sequuti
2188 1224 2282 1284 suut.
2343 1208 2435 1282 Cum

421 1337 504 1385 rum
521 1313 727 1382 delictorum
751 1311 946 1403 asperiores
967 1311 1006 1380 in
1029 1310 1090 1382 illa
1112 1312 1287 1383 severiore
1309 1314 1404 1385 anti·
1451 1308 1641 1401 Prexaspes
1665 1308 1946 1404 reprehendisset
1964 1311 2039 1384 eius
2061 1312 2321 1398 temulentiam,
2345 1312 2436 1383 dixit

422 1415 575 1508 quitate,
606 1411 698 1483 sicut
725 1409 902 1484 Demades
930 1412 1063 1505 inquit:
1093 1411 1203 1504 Leges
1230 1413 1403 1486 Draconis
1451 1435 1487 1481 se
1520 1424 1743 1483 ostensurum
1777 1401 1869 1495 esse,
1911 1414 1981 1483 sibi
2013 1427 2166 1483 mentem
2199 1414 2306 1485 etiam
2340 1413 2435 1483 inter

419 1512 588 1602 sanguine
608 1512 756 1605 scriptas
783 1511 901 1584 fuisse.
956 1511 1041 1585 Fuit
1065 1528 1180 1586 autem
1203 1516 1402 1609 aliquarum
1451 1513 1577 1602 pocula
1611 1514 1785 1606 integram
1817 1538 1910 1596 esse,
1954 1537 1994 1586 ac
2026 1515 2129 1586 iussit
2160 1516 2199 1584 in
2230 1515 2433 1585 convivium

416 1612 592 1702 mitigatio
615 1609 782 1694 honesta,
808 1625 865 1699 ut,
887 1637 934 1683 ne
952 1616 1121 1686 darentur
1137 1616 1175 1685 in
1198 1617 1402 1689 servitutem
1451 1613 1580 1682 adduci
1615 1616 1728 1686 filium
1761 1614 1965 1706 Prexaspis,
2009 1641 2114 1710 quem
2148 1617 2358 1688 collocatum
2387 1617 2434 1685 ad

414 1711 558 1787 filiiaut
573 1713 748 1807 filiaepro
762 1714 914 1807 pecunia
930 1730 1069 1809 sumpta
1083 1730 1218 1788 mutuo.
1269 1715 1402 1790 Contra
1451 1714 1562 1782 limen
1578 1713 1680 1787 iussit
1703 1742 1852 1809 puerum
1871 1718 2047 1804 sinistram
2071 1742 2213 1790 manum
2238 1717 2343 1810 capiti
2365 1718 2433 1785 im·

416 1839 503 1888 vero
525 1816 727 1909 aliquarum
750 1815 879 1887 laxatio
906 1818 1020 1911 turpis
1036 1817 1124 1903 fuit,
1147 1833 1187 1890 ut
1204 1823 1248 1889 de
1265 1819 1403 1890 adulte·
1452 1837 1605 1907 ponere,
1628 1828 1664 1886 et
1685 1839 1803 1890 mum
1829 1819 2003 1906 intendit,
2027 1843 2068 1889 ὅθ
2085 1821 2128 1889 ἃᾶ
2152 1844 2213 1891 ῑῡΐ
2228 1818 2431 1889 &¹⁰¹²ssoess-

416 1917 500 2004 riis,
539 1940 630 2013 quae
662 1915 784 1989 omnia
822 1917 909 1988 olim
950 1918 1191 2011 puniebantur
1225 1920 1401 2014 supplicio
1452 1916 1497 1986 tis
1515 1916 1674 2004 sagittam
1692 1918 1830 1991 direxit.
1881 1917 1987 2008 Quod
2006 1946 2085 1992 cum
2104 1922 2336 2002 vulnerasset,
2361 1920 2431 1990 icto

416 2018 570 2112 capitali.

442 2219 445 2224 ,
519 2123 715 2211 Ordinavit
728 2148 762 2206 et
775 2155 910 2203 annum
926 2156 966 2204 ac
982 2158 1130 2222 menses,
1156 2150 1190 2208 et
1205 2138 1250 2207 ad
1266 2136 1402 2206 duode-
1450 2133 1556 2200 Slfflls
1592 2143 1742 2213 ‘umque
1772 2119 1893 2189 fldem
1924 2120 2136 2212 immiti,
2175 2122 2259 2195 ⁸³5⁸
2284 2145 2331 2194 ΗΘ
2353 2144 2431 2194 ⁰⁰²·

416 2235 487 2307 cim
504 2258 640 2307 menses
653 2234 813 2306 Lunares
827 2234 955 2306 adiecit
967 2231 1119 2329 llpactas
1136 2238 1212 2308 dies
1224 2235 1401 2323 undecim,
1448 2232 1521 2290 ²⁸¹⁰
1548 2244 1694 2302 manum
1719 2216 1891 2294 htbetel?
1942 2219 2048 2293 Ρὸῑθῐ
2071 2224 2139 2294 Sibi
2156 2236 2344 2312 >mel¹¹⁰¹¹⁵s
2373 2246 2432 2293 θῖ-

334 689 339 693 ’
422 739 497 815 seo
2365 737 2443 812 roo

1452 2031 1591 2107 pectore
1618 2013 1768 2089 haer‘ens
1800 2018 1839 2086 in
1872 2024 1979 2090 corde
2010 2023 2184 2112 spiculum
2209 2022 2302 2114 patri
2326 2044 2432 2090 mon·
2563 2021 2570 2028 ’

414 2351 458 2411 ut
473 2348 708 2427 congruerent
723 2336 767 2407 ad
782 2334 961 2427 integrum
976 2336 1071 2408 Solis
1087 2337 1286 2412 circuitum.
1325 2336 1399 2408 lni-
1448 2335 1518 2393 lem
1541 2322 1673 2393 laudat·

416 2437 508 2510 tium
521 2440 607 2512 anni
622 2435 805 2510 constituit
819 2437 1105 2509 coniunctionem
1120 2439 1214 2513 Solis
1227 2453 1262 2511 et
1276 2438 1399 2510 Lunae

419 2539 614 2630 proximam
637 2540 771 2611 aestivo
799 2538 960 2611 solstitio.
1013 2537 1165 2631 Collegit
1184 2555 1218 2612 et
1241 2542 1279 2610 in
1306 2540 1399 2611 inte-

416 2661 519 2730 grum
535 2638 683 2712 Homeri
699 2639 881 2732 poiimata‚
906 2652 942 2710 et
958 2639 997 2709 in
1018 2635 1096 2711 loeo
1120 2642 1265 2734 publico
1286 2641 1399 2712 collo·

416 2739 528 2828 cavit,
553 2755 588 2813 et
611 2740 785 2822 instituit,
810 2752 849 2810 ut
865 2741 993 2811 ordine
1015 2742 1144 2833 singuli
1161 2744 1246 2815 libri
1266 2743 1305 2812 in
1322 2741 1400 2813 die-

414 2841 484 2915 bus
501 2842 600 2915 lestis
622 2841 765 2933 publice
782 2841 1001 2931 legerentur,
1025 2865 1066 2912 ac
1089 2845 1244 2916 ostendit
1265 2844 1309 2913 ad
1334 2866 1399 2934 gu-

414 2941 622 3036 bernatores
660 2941 838 3035 pertinere
877 2967 999 3014 curam
1037 2945 1272 3016 conservandi
1303 2944 1399 3014 bona

415 3046 557 3139 scripta.
608 3041 806 3115 Antecessit
821 3056 938 3118 autem
956 3043 1133 3119 Homerus
1146 3046 1316 3119 Solonem
1334 3069 1399 3117 an-

414 3167 483 3219 nos
495 3146 634 3220 circiter
649 3158 835 3221 trecentos.

391 3309 394 3318 =
516 3261 706 3359 Sapienter
731 3263 888 3335 actiones
907 3266 1065 3337 forenses
1085 3266 1134 3337 ita
1155 3264 1334 3350 distinxit,
1359 3277 1400 3335 ut

416 3389 537 3440 carum
563 3367 652 3440 ordo
672 3388 763 3459 pene
784 3364 830 3437 ad
845 3362 1060 3457 Decalogum
1074 3380 1254 3458 congruat.
1306 3365 1401 3439 Sunt

416 3468 514 3538 enim
536 3469 690 3540 actiones
706 3467 806 3539 velut
820 3469 1007 3562 exequutio
1030 3493 1245 3561 poenarum,
1269 3469 1399 3563 quibus

417 3579 559 3639 externa
573 3569 700 3641 delicta
715 3582 839 3640 contra
852 3566 1066 3659 Decalogum
1082 3569 1294 3661 puniuntur.
1325 3567 1398 3639 De-

416 3662 618 3740 mosthenes
640 3670 766 3744 recitat
792 3670 1031 3742 iuramentum
1060 3670 1238 3742 iudicum:
1272 3669 1397 3741 Feram

416 3770 608 3843 sententias
634 3770 731 3842 iuxta
750 3773 863 3863 leges,
886 3796 951 3845 uec
973 3771 1180 3863 suffragium
1203 3773 1331 3853 feram,
1357 3786 1399 3850 ut

415 3870 535 3942 debita
558 3871 823 3960 condonentur,
848 3889 909 3946 aut
923 3875 998 3965 agri
1015 3887 1076 3947 aut
1097 3876 1223 3945 domus
1241 3874 1399 3965 locuple-

399 3973 566 4046 ¹tioribus
580 3972 793 4067 eripiantur,
818 3999 883 4046 nec
897 3980 1062 4047 reducam
1078 3977 1206 4060 exules,
1231 3999 1296 4046 nec
1309 3975 1398 4046 libe-

412 4076 500 4148 rabo
515 4078 702 4148 damnatos
715 4088 777 4147 aut
794 4099 890 4163 reos,
913 4100 979 4147 nec
995 4077 1162 4170 accipiam
1178 4101 1326 4148 munera
1341 4078 1399 4148 iu-

413 4177 499 4249 dicii
513 4202 626 4251 causa.
666 4173 824 4249 Audiam
840 4178 973 4270 pariter
986 4192 1272 4267 accusatoremet
1287 4202 1398 4260 reum,

413 4281 658 4368 pronunciabo
672 4278 718 4348 de
733 4300 793 4358 re,
819 4280 864 4347 de
879 4304 948 4373 qua
963 4281 1108 4371 proprie
1122 4280 1215 4350 actio
1237 4280 1399 4350 instituta

417 4390 480 4450 est.
527 4377 623 4452 Haec
647 4393 682 4453 et
703 4377 836 4450 similia
858 4379 970 4451 multa
999 4379 1156 4470 exempla
1182 4378 1221 4448 in
1249 4375 1397 4451 historia

416 4470 559 4548 Solonis
573 4482 755 4554 continent
770 4478 875 4551 utiles
890 4479 1266 4578 commonefactiones,
1291 4506 1398 4578 quam

415 4576 560 4669 prodest
573 4584 701 4671 passim
712 4609 754 4655 ex
768 4580 999 4674 scriptoribus
1012 4604 1205 4674 excerpere.

472 4795 721 4895 cambyses
742 4802 982 4881 sectandus
1002 4825 1085 4876 rece
1105 4809 1341 4879 Persicus.
1373 4791 1384 4816 ’

481 4946 573 5020 Cum
581 4944 696 5044 Cyrus
704 4972 807 5024 senex
815 4954 1006 5026 exercitum
1017 4967 1111 5024 extra
1121 4956 1401 5042 regnumadver-

1549 2451 1619 2525 Sed
1636 2453 1717 2524 talis
1732 2478 1812 2525 cum
1830 2469 1918 2528 esset
1931 2453 2132 2551 Cambyses,
2157 2457 2339 2551 aliquanto
2354 2467 2433 2547 post

1448 2553 1624 2629 divinitus
1664 2557 1811 2648 punitus
1845 2571 1909 2630 est.
1968 2555 2061 2629 Cum
2095 2557 2191 2628 enim
2226 2559 2265 2627 in
2301 2580 2432 2651 equum

1448 2657 1667 2741 ascenderet,
1688 2659 1865 2728 decidens
1895 2683 1937 2728 ex
1965 2660 2092 2750 vagina
2121 2660 2261 2749 gladius
2290 2660 2373 2730 ierit
2399 2656 2431 2726 ei

1447 2757 1580 2843 lemur,
1612 2782 1653 2827 ex
1675 2782 1717 2828 eo
1739 2761 1886 2830 vulnere
1908 2772 1989 2850 post
2018 2783 2147 2851 paucos
2172 2764 2248 2831 dies
2270 2773 2432 2830 mortuus

1448 2869 1517 2942 cst‘,
1542 2881 1622 2927 cum
1646 2872 1823 2949 regnasset
1845 2881 1959 2929 annos
1987 2875 2138 2950 septem,
2164 2883 2301 2932 menses
2324 2860 2432 2951 quin·

1448 2982 1528 3050 que.
1584 2955 1676 3029 Cum
1702 2973 1818 3030 autem
1847 2963 1929 3031 vivo
1955 2974 2053 3052 patre
2076 2985 2189 3032 annos
2214 2962 2350 3054 aliquot
2375 2981 2432 3027 re·

1448 3059 1583 3149 gnarit,
1608 3054 1648 3128 hi
1671 3062 1757 3129 anni
1781 3085 1856 3130 non
1879 3061 2129 3132 discernuntur
2150 3062 2295 3155 epatris
2314 3060 2430 3133 annis.

1446 3161 1514 3232 Est
1537 3175 1654 3233 autem
1677 3175 1711 3232 et
1732 3161 1843 3252 ipsius
1863 3186 1977 3253 poena
2002 3163 2242 3240 testimonium
2273 3162 2430 3251 regulae:

1448 3258 1580 3362 Omnis
1610 3262 1673 3355 qui
1705 3263 1872 3352 gladium·
1896 3266 2092 3356 acceperit,
2113 3315 2116 3319 -
2137 3265 2255 3356 gladio
2287 3261 2429 3355 peribit.

1449 3364 1502 3435 Ac
1516 3363 1655 3445 ,talibus
1670 3364 1836 3457 exemplis
1859 3389 2055 3456 poenarum
2070 3364 2166 3439 Deus
2193 3380 2346 3439 caeteros
2365 3358 2433 3434 ho·
2539 3373 2546 3382 '

1449 3465 1563 3637 misnes
1586 3467 1631 3536 de
1654 3466 1875 3558 providentia
1901 3482 1936 3538 et
1957 3471 2002 3537 de
2022 3492 2087 3539 suo
2114 3468 2247 3540 iudicio
2273 3489 2433 3538 commo·

1447 3590 1493 3636 ne
1509 3567 1588 3637 acit.
1908 3593 1912 3601 ·

1551 3701 1714 3773 lusticiae
1744 3706 1942 3796 exemplum
1973 3707 2017 3775 de
2047 3702 2221 3799 Cambyse
2249 3698 2318 3775 hoc
2348 3726 2432 3772 nar·
2539 3728 2543 3745 ·

1448 3817 1502 3875 rat
1525 3800 1741 3876 Herodotus.
1800 3803 2002 3876 Praesidem
2030 3805 2246 3891 Sisamnem,
2280 3804 2340 3899 qui
2369 3828 2431 3896 pe-

1448 3905 1552 3978 cunia
1580 3919 1766 3998 corruptus
1788 3906 1954 3980 iniustam
1981 3909 2190 3978 sententiam
2211 3907 2350 3999 tulerat,
2374 3907 2431 3975 in·
2506 3956 2509 3962 ·

1448 4009 1601 4090 terfecit,
1633 4020 1667 4078 et
1688 4009 1754 4076 toti
1780 4009 1922 4100 corpori
1946 4024 2060 4080 eutem
2083 4008 2250 4094 detraxit,
2283 4030 2431 4105 eamque

1449 4108 1613 4179 instravit
1639 4106 1822 4176 tribunali.
1872 4107 1996 4180 Postea
2018 4109 2131 4179 filium
2153 4103 2432 4180 SisamnisOta-
2519 4142 2521 4147 ·

1448 4234 1529 4278 nem
1557 4203 1597 4276 in
1620 4230 1696 4276 eam
1724 4209 1841 4276 sedem
1863 4210 2068 4296 collocavit,
2094 4236 2134 4281 ac
2151 4209 2253 4281 iussit
2275 4231 2355 4278 eum
2373 4208 2431 4275 in·

1448 4322 1605 4403 tuentem
1633 4308 1744 4401 patris
1767 4309 1907 4380 exuvias
1928 4311 2018 4382 iuste
2039 4312 2216 4396 iudicare,
2249 4333 2295 4380 ne
2321 4308 2432 4380 simili

1448 4411 1627 4503 supplicio·
1650 4411 1868 4485 adficeretur.
1997 4453 2000 4460 ·
2208 4408 2212 4419 '

1550 4547 1663 4640 Saepe
1687 4560 1804 4619 autem
1828 4548 1995 4634 dicimus,
2020 4547 2221 4619 societatem
2243 4541 2431 4616 hominum

1449 4650 1601 4722 similem
1632 4672 1707 4747 esse
1732 4649 1847 4740 gregi,
1888 4675 1992 4743 quem
2024 4650 2089 4721 etsi
2122 4647 2251 4742 passim
2277 4647 2433 4718 lacerant

1448 4752 1526 4844 lupi
1550 4765 1585 4822 et
1609 4752 1704 4837 ursi,
1729 4763 1845 4820 tamen
1870 4749 1984 4822 fidelis
2009 4765 2130 4843 pastor
2155 4774 2173 4820 a
2199 4749 2344 4821 caeteris
2370 4772 2434 4841 pe-

1449 4855 1601 4925 cudibus
1633 4877 1692 4923 cus
1717 4852 1874 4944 depellit.
1924 4850 1995 4941 Sic
2028 4852 2092 4924 etsi
2125 4863 2328 4943 grassantur
2354 4849 2433 4920 dia-

1450 4955 1544 5040 boli,
1575 4955 1718 5047 tyranni
1745 4955 1866 5026 etalii
1897 4954 2055 5024 scelerati
2087 4954 2126 5022 in
2152 4975 2279 5042 genere
2306 4949 2433 5021 hnma-

409 5070 476 5120 ,sus
490 5047 708 5140 Massagetas
723 5053 883 5136 duceret,
908 5057 983 5127 filio
998 5053 1166 5149 Cambysi
1181 5055 1317 5144 regium
1333 5080 1400 5126 no-
1450 5081 1519 5137 no,
1560 5067 1680 5124 tamen
1703 5052 1800 5125 Deus
1834 5080 1897 5124 ceu
1930 5055 2044 5125 fidelis
2077 5066 2196 5146 pastor
2220 5076 2284 5125 sua
2311 5054 2432 5123 dextra

414 5174 499 5220 men
514 5148 663 5237 tribuit,
686 5165 720 5224 et
733 5150 856 5225 vivens
869 5153 985 5229 adhuc
998 5155 1158 5227 Persicae
1173 5149 1402 5227 monarchiae
1450 5169 1569 5227 coetus
1596 5153 1734 5247 aliquos
1762 5152 1933 5244 protegit',
1972 5154 2069 5226 iuxta
2093 5155 2203 5226 illud:
2253 5152 2332 5225 Nisi
2357 5149 2433 5223 Do·

416 5274 534 5343 regem
549 5275 631 5324 eum
652 5275 726 5324 esse
749 5251 863 5329 iussit.
901 5255 981 5330 llic
996 5257 1186 5352 Cambyses
1200 5255 1399 5352 Aegyptum
1449 5259 1569 5328 minus
1602 5256 1809 5327 custodierit
1840 5254 2016 5328 civitatem
2042 5270 2107 5328 etc.
2167 5254 2213 5328 Et
2238 5268 2433 5347 grassantes

415 5353 556 5424 addidit
579 5377 689 5445 regno
705 5351 858 5424 Persico.
905 5356 968 5429 Est
988 5375 1106 5433 autem
1128 5357 1267 5448 insigne
1284 5381 1400 5428 exem-
1451 5373 1623 5454 tyrannos
1643 5368 1678 5428 et
1695 5357 1852 5429 latrones
1873 5356 1977 5429 tollit.
2029 5355 2245 5453 Quanquam
2268 5355 2376 5447 igitur
2398 5369 2434 5426 et

414 5456 516 5547 plum
536 5454 795 5526 inconstantiae
812 5477 931 5525 rerum
944 5452 1198 5546 humanarum,
1223 5462 1318 5554 quod
1336 5484 1399 5528 na·
1450 5462 1524 5552 ipse
1554 5456 1745 5554 Cambyses
1778 5475 1949 5553 tyrannus
1975 5473 2044 5540 est,
2094 5474 2127 5530 et
2159 5483 2240 5529 mox
2273 5455 2434 5548 punitur,

414 5569 474 5627 tus
488 5569 588 5628 tanto
602 5571 713 5649 patre,
737 5555 838 5628 cuius
851 5553 919 5628 luit
932 5560 1102 5634 excellens
1116 5561 1241 5648 virtus,
1253 5574 1288 5634 et
1303 5555 1398 5632 haud
1450 5576 1566 5632 tamen
1599 5564 1769 5655 quaedam
1805 5561 1845 5629 iu
1883 5561 2140 5651 gubernatione
2170 5558 2343 5629 divinitus
2377 5557 2434 5628 iu·

417 5657 527 5728 dubie
549 5658 684 5750 optima
707 5656 895 5750 disciplina
919 5654 1118 5747 institutus,
1143 5675 1262 5733 ta'men
1283 5684 1399 5735 mores
1448 5663 1635 5746 stabunt,
1675 5685 1720 5733 ne
1746 5662 1938 5756 dissipetur
1964 5663 2127 5734 universa
2155 5658 2301 5728 societas
2327 5680 2434 5748 gene·

415 5754 537 5830 induit
559 5784 635 5832 non
660 5760 775 5831 solum
799 5781 925 5848 genere
954 5769 989 5829 et
1017 5781 1097 5849 rege
1114 5762 1305 5853 indiguos,
1338 5767 1397 5834 scd
1447 5762 1505 5837 ris'
1522 5758 1685 5847 humani.
2495 5778 2499 5783 '

416 5857 566 5930 omnino
580 5874 700 5934 tetros.
750 5858 874 5933 Motus
890 5858 979 5931 talea
991 5858 1199 5951 'suspicione
1214 5863 1316 5939 iussit
1340 5864 1397 5936 in'-
