6025 6775
498 693 570 771 241
936 655 1241 772 (uacuus
1265 692 1507 768 sruutts
1543 688 1667 766 var.
1702 689 2054 768 rutnosorn.
2230 738 2235 747 -
2449 704 2525 776 aaa

501 879 680 956 comaclu,
722 866 859 937 maiora
880 888 922 936 ac
941 865 1096 935 tristiora
1119 865 1265 936 dissidia
1286 879 1320 936 et
1341 865 1482 957 opinio·
1533 885 1601 932 nus
1617 861 1858 947 retinuerunt,
1882 866 2059 937 excutiant
2080 868 2124 935 de
2147 868 2312 941 manibus
2332 865 2517 942 homiuum

499 992 585 1039 unm
603 991 645 1038 ac
660 967 874 1058 religionum
890 967 1120 1036 confusiones
1135 968 1294 1038 tetriores
1315 968 1485 1056 paritura,
1533 988 1573 1033 ac
1596 964 1753 1049 deleant,
1789 988 1962 1058 suumque
1984 969 2080 1060 quod
2102 951 2339 1061 conceper'nnt
2360 987 2394 1044 et
2415 998 2518 1043 coxe-

499 1070 807 1161 mutationemque
836 1092 953 1138 rerum
982 1081 1017 1138 et
1044 1068 1228 1139 interitum
1250 1070 1482 1139 acceleratum
1534 1082 1619 1137 runt
1634 1066 1732 1134 virus
1750 1080 1916 1139 evomant
1929 1091 1969 1137 ac
1982 1083 2186 1160 propagent.
2237 1069 2409 1167 Reliquas
2423 1091 2515 1146 artes

499 1170 696 1265 praedixit:
729 1170 960 1260 nosmetipsos
976 1193 1060 1239 vero
1078 1170 1199 1240 fatales
1214 1194 1365 1261 poenae,
1396 1194 1483 1263 quas
1534 1179 1713 1256 praetextu
1728 1167 1900 1238 malitiose
1915 1181 1949 1238 et
1965 1170 2131 1241 scelerate
2144 1174 2191 1242 ad
2206 1173 2432 1265 decipiendos
2447 1177 2515 1245 im·

499 1296 683 1344 meramur
704 1272 831 1359 singuli
854 1270 1013 1365 quotidie
1036 1284 1239 1341 nostrorum
1260 1285 1481 1363 peccatorum
1532 1269 1664 1360 peritos
1685 1268 1835 1339 conficto
1859 1269 2032 1340 abiiciunt
2046 1295 2085 1340 ac
2102 1275 2320 1346 conculcant.
2371 1275 2451 1366 Qua
2476 1280 2513 1346 in

499 1388 579 1446 rata
604 1373 779 1461 portione,
813 1395 970 1466 quasque
992 1396 1083 1465 quae
1105 1374 1260 1464 pervasit
1282 1373 1321 1441 in
1344 1373 1483 1444 animos
1533 1392 1571 1441 re
1591 1384 1729 1463 praeter
1748 1371 1964 1462 corruptelas
1985 1395 2164 1462 expressae
2179 1389 2214 1445 et
2226 1376 2404 1446 confessae
2420 1380 2513 1448 veri-

500 1476 693 1546 multorum
709 1487 743 1544 et
760 1474 939 1544 radicibus
955 1475 1041 1543 actis
1057 1474 1180 1544 crescit
1197 1473 1329 1558 indies,
1355 1497 1480 1545 vesana
1532 1473 1614 1543 tatis
1637 1466 1705 1542 hoc
1724 1495 1867 1565 quoque
1886 1472 1972 1541 mali
1992 1473 2100 1557 inest,
2141 1478 2238 1566 quod
2258 1478 2447 1568 petulantis
2473 1504 2512 1549 ac

499 1579 613 1650 rabies
635 1573 881 1668 impunitaque
904 1575 1045 1668 quidvis
1058 1575 1212 1647 audendi
1226 1576 1368 1648 licentia
1383 1578 1481 1647 effla·
1533 1574 1688 1664 procacis
1711 1573 1976 1644 maledicentiae
1996 1574 2174 1666 exemplo,
2203 1591 2238 1648 et
2259 1580 2512 1651 consuetudine

498 1680 601 1771 gitat‚
627 1671 774 1747 attrahit
790 1690 825 1746 et
840 1676 1009 1751 cumulat.
1533 1675 1700 1766 carpendi
1723 1699 1762 1744 ac
1784 1675 2018 1746 labefactandi
2042 1689 2134 1746 recte
2153 1678 2282 1748 tradita
2302 1704 2513 1775 quocunque

598 1775 737 1847 Harum
753 1778 824 1847 nisi
841 1802 1033 1869 poenarum
1050 1780 1106 1849 vel
1126 1780 1409 1871 prorogationem
1426 1782 1481 1850 vel
1533 1788 1730 1866 praetextu,
1755 1776 1978 1858 rudioribus,
2004 1779 2065 1847 sed
2085 1779 2368 1856 moderatoribus
2387 1797 2513 1853 natura

499 1881 754 1973 mitigationem
769 1880 993 1970 impetrarint
1015 1876 1125 1951 aDeo
1148 1881 1374 1966 misericorde
1399 1883 1479 1977 pio·
1536 1877 1730 1946 instillatur
1751 1877 1806 1944 vel
1830 1877 1971 1959 odium,
2009 1878 2063 1946 vel
2088 1892 2311 1972 contemptus
2332 1883 2513 1953 doctrina-

500 2008 581 2055 rum
596 2005 723 2075 preces,
744 1982 844 2050 brevi
861 1982 992 2052 excussi
1009 2005 1050 2051 ex
1066 1978 1332 2052 hacclarissima
1348 1984 1479 2057 doctri·
1533 2003 1631 2049 rum:
1663 1977 1851 2047 ferociores
1874 1991 2057 2049 armantur
2077 1981 2222 2050 audacia
2250 1982 2425 2076 quidlibet
2443 1985 2512 2054 im·
2608 2024 2613 2030 ·

499 2109 626 2155 narum
643 2084 740 2167 luce,
766 2084 989 2152 revolvamur
1005 2107 1044 2152 ac
1058 2086 1302 2174 demergemur
1318 2086 1357 2154 in
1375 2081 1481 2156 chaos
1534 2082 1708 2172 pudenter
1729 2079 1903 2169 fingendi,
1935 2093 1968 2149 et
1989 2080 2210 2151 autoritatem
2233 2107 2374 2153 omnem
2397 2087 2513 2156 detre-

500 2210 660 2257 errorum
682 2185 801 2276 priore
818 2185 1033 2275 perplexius,
1056 2200 1090 2255 et
1111 2186 1149 2254 iu
1166 2185 1280 2255 Deum
1298 2200 1481 2256 contume-
1533 2181 1663 2251 ctandi.
1713 2178 1809 2250 Haec
1824 2193 1920 2251 tanta
1936 2182 2026 2251 mala
2040 2205 2120 2251 cum
2137 2182 2379 2271 ingravescant
2398 2187 2515 2262 indies-

499 2288 641 2362 liosius.
665 2300 871 2377 erumpente
893 2286 957 2355 illo
980 2287 1230 2378 multiplicium
1255 2301 1289 2355 et
1314 2288 1480 2355 falsarum
1531 2283 1643 2371 magis
1659 2283 1840 2374 magisque
1856 2306 1894 2351 ac
1908 2283 2068 2371 gliscant,
2092 2296 2126 2354 et
2141 2283 2358 2373 periclitetur
2374 2289 2513 2373 veritas,
2565 2361 2567 2366 .

499 2391 710 2483 opinionum
726 2390 840 2467 foetu,
866 2411 952 2481 quas
974 2388 1035 2456 alii
1057 2390 1143 2458 alias
1166 2387 1252 2456 alibi
1268 2388 1481 2476 parturiunt,
1532 2407 1714 2475 precemur
1730 2383 1928 2455 coniunctis
1943 2398 1977 2455 et
1991 2384 2197 2456 ardentibus
2212 2386 2303 2458 votis
2317 2387 2429 2457 filium
2445 2388 2514 2460 Dei

497 2492 569 2562 imo
586 2490 675 2561 eniti
690 2489 759 2558 iam
774 2498 879 2583 alque
891 2490 1075 2559 excludere
1090 2488 1278 2577 incipiunt.
1532 2486 1725 2556 Dominum
1744 2497 1907 2556 nostrum
1924 2484 2040 2557 lesum
2056 2483 2238 2558 Christum
2255 2480 2367 2586 λόγον
2381 2486 2446 2561 καὶ
2463 2493 2512 2561 el-

602 2589 651 2662 Ut
667 2589 814 2660 enimin
837 2603 1002 2660 enervato
1021 2603 1054 2658 et
1076 2589 1206 2658 afflicto
1230 2612 1376 2681 corpore
1393 2591 1478 2660 dum
1530 2579 1624 2659 κόνα
1640 2582 1764 2660 ἀΐδιον
1779 2592 1847 2659 τοῦ
1870 2582 1995 2660 ἀϊδίου
2010 2583 2166 2684 πατρὸς,
2193 2590 2306 2684 quiet
2324 2614 2523 2683 pervasura-

499 2693 704 2785 praecipuae
724 2706 840 2784 partes
861 2690 1086 2760 mediocriter
1104 2690 1241 2770 valent,
1264 2691 1479 2788 reliquarum
1532 2684 1617 2756 haec
1638 2689 1676 2755 in
1700 2686 1891 2757 Ecclesiam
1917 2690 2108 2779 praedixit,
2144 2708 2179 2763 et
2198 2692 2295 2762 solus
2319 2694 2451 2783 erigere
2471 2718 2511 2765 ac

500 2796 556 2863 vel
579 2796 793 2884 inveteratae
819 2807 924 2884 atque
945 2791 1168 2862 confirmatae
1190 2792 1391 2862 affectiones
1415 2816 1479 2861 nec
1530 2788 1656 2857 fulcire
1671 2788 1848 2861 labantem
1863 2791 2045 2880 religionis
2058 2806 2091 2862 et
2107 2793 2283 2864 bonarum
2298 2796 2427 2865 artium
2443 2812 2513 2866 sta-

499 2909 667 2987 promunt
690 2922 726 2967 se
748 2895 870 2976 facile,
911 2917 976 2962 nec
1000 2894 1031 2965 si
1053 2895 1209 2964 irritatae
1239 2894 1480 2963 occasionibus
1532 2902 1608 2958 tum
1633 2900 1763 2977 potest,
1789 2902 1824 2958 et
1846 2892 2053 2961 adfuturum
2074 2915 2110 2961 se
2134 2908 2302 2983 perpetuo
2324 2897 2377 2962 illi
2398 2899 2513 2966 coetui

498 3010 743 3068 commoveant
763 3018 855 3077 sese,
878 2996 1073 3085 periculose
1089 2997 1273 3066 infestant:
1299 2995 1327 3064 si
1344 2995 1479 3086 praeci·
1532 2989 1713 3083 promisit,
1739 2987 1866 3079 inquo
1882 3012 1949 3057 vox
1966 2992 2147 3060 doctrinae
2163 2994 2322 3062 coelestis
2344 3018 2432 3083 pure
2454 3019 2512 3065 so·

498 3121 648 3189 puarum
663 3120 804 3190 quoque
826 3096 955 3166 virium
979 3100 1091 3168 robur
1113 3094 1314 3167 hebetatum
1333 3097 1479 3186 langue·
1531 3092 1650 3175 nabit,
1675 3105 1714 3161 ut
1729 3084 1785 3159 his
1798 3086 1976 3159 Ecclesiae
1992 3089 2200 3160 vulneribus
2224 3092 2298 3184 ipse
2320 3097 2514 3180 medeatur,

495 3198 578 3282 fiat,
601 3199 766 3288 protinus
782 3198 1018 3283 aegritudines
1033 3220 1176 3280 omnes,
1200 3221 1288 3288 quae
1304 3221 1479 3287 repressae
1532 3217 1572 3263 ac
1599 3194 1768 3283 reprimat
1796 3191 1865 3260 late
1889 3202 2103 3279 grassantem
2125 3185 2389 3285 hypocritarum
2413 3209 2515 3287 petu-

491 3300 531 3365 vi
556 3295 729 3362 validiore
751 3295 942 3380 latuerant,
981 3310 1160 3388 proruunt
1185 3296 1409 3383 agminatim,
1446 3310 1480 3364 et
1532 3293 1699 3376 lantiam,
1732 3316 1795 3361 nec
1822 3292 1914 3360 inter
1942 3304 2059 3361 tantos
2081 3290 2232 3363 Satanae
2262 3295 2401 3364 furores
2421 3297 2515 3370 sinat
2561 3301 2568 3320 ‘

491 3396 731 3469 convellenda
760 3398 919 3489 undique
951 3412 1057 3490 atque
1089 3397 1320 3466 excruciando
1354 3419 1479 3486 corpus
1533 3417 1676 3486 prorsus
1698 3408 1759 3464 aut
1778 3388 2033 3484 sophismatum
2053 3394 2248 3485 praestigiis
2268 3399 2410 3468 concuti
2432 3400 2516 3469 uni-

492 3498 664 3567 miserum
680 3499 823 3565 tandem
841 3498 1052 3581 conficiunt,
1078 3497 1129 3566 sic
1144 3520 1233 3589 qnos
1250 3496 1288 3565 in
1310 3497 1411 3566 senili
1428 3499 1479 3567 la·
1532 3520 1611 3566 cum
1629 3491 1696 3565 hoc
1716 3495 1839 3565 salutis
1861 3509 2002 3565 nostrae
2023 3496 2313 3582 fundamentum,
2340 3502 2437 3593 quod
2458 3501 2515 3571 in-

495 3623 573 3668 cero
590 3619 631 3666 ac
644 3599 761 3669 saucio
779 3599 1027 3668 affltctissimae
1036 3595 1214 3667 Ecclesiae
1226 3621 1373 3687 corpore
1383 3623 1479 3667 com·
1532 3596 1723 3666 enarrabili
1747 3596 1823 3687 ipse
1852 3596 2093 3668 misericordia
2115 3611 2150 3669 et
2173 3598 2332 3671 bonitate
2358 3602 2514 3691 positum

496 3698 626 3790 pescuit
642 3693 810 3770 hactenus
826 3712 931 3790 atque
944 3700 1029 3767 inde
1044 3697 1136 3765 elisit
1152 3698 1288 3765 furores
1309 3699 1478 3768 autoritas
1531 3699 1720 3767 clementer
1736 3698 1901 3781 restituit,
1926 3712 1985 3769 aut
1999 3700 2158 3770 sentibus
2170 3712 2204 3770 et
2220 3701 2333 3792 spinis
2347 3725 2513 3773 erronea-

497 3824 581 3891 pure
603 3801 805 3871 docentium
827 3806 862 3869 e‘t
885 3799 964 3867 viva
989 3821 1074 3879 vox,
1093 3792 1132 3866 hi
1148 3796 1295 3866 sublatis
1307 3797 1379 3867 illis
1397 3823 1478 3890 par·
1530 3824 1609 3868 rrrrn
1630 3798 1842 3888 opinionum
1864 3801 2020 3892 obsepiri
2042 3802 2163 3887 nohis,
2188 3815 2223 3873 et
2238 3803 2420 3893 praecludi
2436 3806 2513 3874 adi-

497 3903 578 3984 tim,
604 3903 730 3992 partim
754 3901 893 3981 fractis,
919 3900 1096 3989 pullulant
1110 3898 1270 3991 undique
1286 3911 1321 3966 et
1335 3899 1478 3970 irruunt
1530 3915 1604 3969 tum
1634 3902 1679 3969 ad
1709 3902 1924 3990 agnitionem
1951 3903 2026 3971 veri
2052 3902 2150 3974 illius
2170 3904 2409 3986 fundamenti,
2451 3921 2512 3977 aut

498 4015 590 4073 tanta
609 4004 663 4084 vi,
689 4015 728 4073 ut
752 4002 862 4082 vitae,
889 4002 1021 4081 idest,
1049 3999 1187 4068 veritati
1210 4000 1387 4089 occupatis
1411 3996 1477 4069 ho·
1529 4002 1723 4071 barbaricis
1746 4003 2020 4087 vastationibus,
2049 4006 2106 4072 vel
2131 4006 2415 4078 adversariorum
2445 4003 2512 4079 ho-

497 4105 631 4175 minum
649 4105 809 4176 sensibus
833 4104 905 4173 vim
930 4094 1084 4171 faclurae
1108 4100 1305 4171 videantur.
1355 4097 1477 4171 Exerit
1528 4102 1669 4171 stilibus
1690 4100 2013 4173 machinationibus
2045 4104 2160 4173 disiici
2188 4128 2228 4176 ac
2255 4108 2420 4197 dissipari
2448 4103 2512 4177 hos

496 4228 530 4275 se
558 4208 734 4280 virulenta
760 4202 1025 4301 hypocritarum
1059 4202 1174 4271 rabies
1200 4202 1376 4294 undique,
1414 4205 1475 4296 qui
1531 4226 1619 4293 pene
1637 4204 1835 4301 innumeris
1852 4203 2018 4294 periculis
2032 4205 2207 4294 expositos
2223 4207 2367 4277 nidulos
2381 4212 2512 4280 docen·
2602 4257 2608 4263 -
2688 4183 2693 4196 ’

498 4323 667 4398 gemmata
683 4308 878 4380 sanctitatis
892 4305 1006 4396 specie
1025 4327 1099 4373 sese
1123 4303 1342 4373 venditantes
1362 4317 1396 4373 et
1418 4305 1476 4373 in·
1528 4303 1619 4374 tium
1644 4326 1683 4371 ac
1706 4302 1938 4387 discentium,
1963 4303 2148 4398 inquibus
2168 4309 2375 4379 delituimus
2393 4305 2512 4379 hacte-
2618 4388 2621 4395 ¹

497 4410 693 4496 donantes,
735 4411 798 4481 ubi
827 4409 1062 4499 irrepserunt,
1100 4404 1219 4474 lurido
1247 4428 1384 4473 veneno
1407 4407 1476 4475 dif-
1530 4427 1596 4493 uus
1610 4406 1818 4474 umbraculo
1836 4406 1972 4475 alarum
1988 4403 2054 4475 Dei
2070 4408 2179 4479 solius
2199 4410 2349 4480 contecti
2374 4412 2410 4480 et¹
2434 4411 2510 4482 foti.

495 4511 611 4583 llunnt
626 4528 659 4585 et
675 4513 836 4606 aspidum
853 4511 981 4580 ictibus
996 4519 1160 4598 pungunt
1173 4531 1211 4575 ac
1223 4506 1390 4576 vellicant
1406 4505 1476 4577 Ec·
1528 4504 1598 4577 Sed
1613 4505 1754 4595 colligat
1767 4507 1836 4576 sibi
1851 4507 1889 4575 in
1905 4501 1961 4577 his
1976 4507 2180 4598 regionibus
2196 4525 2373 4580 aeternam
2388 4509 2513 4582 Eccle-

494 4615 653 4699 deuiam,
677 4617 890 4707 turbantque
915 4612 1033 4680 viroso
1055 4632 1166 4677 coeno
1180 4608 1339 4698 insperso
1355 4608 1476 4701 limpi·
1527 4608 1626 4691 siam,
1652 4608 1690 4675 in
1707 4633 1776 4702 qua
1791 4622 1975 4680 conservet
1989 4633 2029 4679 ac
2043 4625 2210 4703 propaget
2226 4609 2311 4682 haec
2326 4636 2388 4682 sua
2404 4614 2512 4697 dona,

494 4716 557 4786 dos
584 4717 767 4788 doctrinae
792 4713 951 4785 coelestis
981 4712 1115 4793 fontes,
1154 4709 1284 4778 scilicet
1317 4722 1357 4778 ut
1389 4733 1476 4804 quas
1528 4733 1650 4778 vocem
1675 4705 1858 4801 Evangelii
1885 4710 2126 4803 incorruptam
2158 4728 2191 4784 et
2214 4728 2429 4784 caeterarum
2452 4738 2511 4784 ar-

493 4831 636 4908 captant
661 4817 831 4887 insidiose
860 4838 900 4885 ac
929 4827 1124 4895 venantur,
1162 4805 1383 4902 prehendant
1409 4836 1476 4882 an·
1527 4811 1615 4882 tium
1634 4811 1775 4896 lumen,
1800 4835 1889 4906 quae
1907 4835 1980 4882 non
1994 4827 2078 4883 sunt
2090 4827 2228 4885 tantum
2241 4810 2357 4913 πηγαὶ
2370 4819 2509 4905 καλῶν,

492 4917 634 5010 gnillas.
687 4914 796 4991 Recte
818 4931 853 4987 et
873 4918 963 4986 iusta
987 4908 1155 4986 methodo
1174 4912 1384 5002 explicatum
1409 4915 1474 4982 do·
1526 4926 1566 4982 nt
1584 4914 1679 5003 apud
1702 4909 1976 5004 Xenophontem
1999 4912 2151 4985 Croesus
2178 4917 2246 4997 ait,
2282 4919 2344 4987 sed
2372 4918 2509 5007 egregia

493 5020 632 5091 ctrinae
649 5039 774 5107 corpus
798 5017 1013 5088 frustillatim
1035 5017 1207 5086 arrodunt
1227 5027 1261 5084 et
1284 5014 1476 5085 concidunt
1526 5010 1705 5084 Ecclesiae
1733 5028 1960 5091 ornamenta,
2008 5026 2041 5083 et
2073 5018 2289 5116 adminicula
2316 5012 2508 5089 necessaria

494 5118 679 5191 mordicus
693 5140 820 5186 canum
838 5143 952 5199 more,
977 5119 1039 5210 qui
1051 5115 1246 5187 laciniatim
1262 5128 1374 5186 vestes
1388 5141 1473 5190 con·
1526 5114 1753 5204 explicationi
1779 5114 1935 5207 purioris
1955 5116 2154 5202 doctrinae,
2188 5142 2227 5187 ac
2249 5119 2349 5188 nervi
2370 5120 2508 5192 ordinis

496 5234 644 5315 cerpnnt
666 5243 706 5291 ac
728 5218 939 5298 dilacerant,
968 5234 1009 5288 ut
1030 5219 1330 5311 quemadmodum
1355 5218 1473 5288 divul-
1526 5216 1689 5308 politici,

495 5345 610 5393 sarum
626 5337 660 5395 et
673 5314 766 5391 male
788 5315 1048 5391 cohaerentium
1066 5319 1274 5409 laciniarum
1288 5341 1373 5389 usus
1392 5321 1474 5390 nul·
1627 5315 1701 5387 Nec
1717 5341 1800 5388 vero
1816 5313 1877 5414 (ut
1892 5320 1938 5390 dc
1954 5319 2083 5390 nostris
2104 5320 2231 5392 studiis
2253 5323 2387 5420 dicam)
2410 5326 2508 5396 nulla

496 5425 549 5495 lus
564 5439 633 5508 est,
660 5448 725 5494 nec
751 5422 885 5515 species
908 5420 999 5497 ulla,
1023 5420 1072 5489 sic
1094 5419 1161 5511 ipsi
1181 5421 1394 5492 confractam
1414 5445 1474 5491 ar-
1526 5431 1577 5489 cst
1591 5442 1695 5489 causa
1711 5413 1818 5490 hrrius
1835 5420 2062 5515 ruinaequae
2085 5422 2124 5491 in
2147 5441 2336 5517 conspectu
2358 5441 2427 5511 est,
2451 5429 2509 5494 in-

497 5528 635 5596 rosione
660 5539 832 5597 venenata
867 5537 972 5614 atque
1004 5520 1176 5592 violenter
1206 5535 1401 5594 contortam
1435 5523 1474 5592 in
1525 5534 1647 5591 natum
1663 5521 1792 5612 partim
1816 5523 1921 5594 aetati
1947 5536 2089 5595 tenerae
2106 5549 2148 5595 ex
2169 5529 2349 5598 communi
2371 5527 2507 5598 studio-

497 5644 610 5720 partes
629 5629 771 5699 mutilas
792 5625 1011 5706 doctrinam,
1039 5643 1143 5713 quam
1157 5617 1333 5694 Ecclesiae
1348 5622 1474 5697 harum
1526 5646 1605 5692 rum
1623 5623 1713 5708 fato,
1737 5624 1866 5714 partim
1882 5627 1926 5695 de
1941 5627 2103 5716 contagio
2126 5627 2397 5700 insectationum
2416 5624 2505 5692 voli-

497 5731 680 5821 regionum
696 5743 731 5800 et
745 5723 1049 5801 consentientibus
1065 5723 1172 5791 semel
1190 5723 1332 5795 iudiciis
1344 5750 1474 5819 appro-
1526 5724 1678 5795 tautium
1700 5749 1846 5818 perora
1867 5722 2055 5798 hominum
2078 5742 2295 5798 contractum
2323 5726 2503 5796 fastidium

497 5830 613 5902 batam
631 5845 857 5922 receperunt,
883 5842 919 5900 et
939 5837 1140 5896 constanter
1154 5824 1332 5896 defensam
1355 5823 1475 5900 harte—
1526 5827 1701 5898 bonarum
1716 5830 1857 5913 artium,
1877 5843 2169 5921 contemptusque
2184 5851 2223 5896 ac
2238 5826 2408 5914 neglectio
2426 5824 2506 5899 cum

540 5937 720 6004 lteram.
743 5936 845 6004 Orsa.
872 5929 1046 5998 vorxn.
1948 5931 1995 6000 16
