6025 6775
474 567 592 715 'en
761 628 970 710 sennua
995 628 1073 709 ru.
1099 625 1216 705 usu
1239 626 1308 703 ao
1332 609 1461 708 nt'sr.
1487 633 1634 716 enon
1658 636 1728 716 rr
1750 641 1943 726 runos.
1967 647 2290 739 sesmarum.
2454 671 2552 753 340:

514 825 654 901 gentes,
677 830 757 880 cum
774 799 937 899 progredi
952 801 991 870 in
1007 787 1096 869 alias'
1110 799 1271 891 regiones
1286 803 1492 896 coepissent,
1624 815 1832 899 Quintus
1851 822 1959 892 reus
1975 820 2087 917 Syre·
2095 851 2151 904 ae
2178 836 2213 906 A
2221 775 2447 917 setiam,

515 936 591 983 non
606 911 676 983 cito
691 906 882 1005 quieyisse,
908 903 970 973 sed
990 901 1143 971 subinde
1166 924 1277 974 novae
1299 908 1493 998 expeditio4
1923 923 2140 1021 Maynug,

517 1030 951 1178 nessffiiffielearum
967 1101 1134 1196 reliquia
1152 1103 1293 1175 mma
1314 1104 1353 1173 in
1369 1103 1492 1179 Asiam
1543 1158 1573 1230 P
1647 1055 2028 1163 AntiochusMognus
2042 1075 2168 1158 intulit
2182 1084 2319 1161 bellum
2329 1068 2529 1169 Ptolemaeo

516 1212 666 1293 Hierax,
702 1206 767 1278 ubi
793 1230 873 1275 cum
896 1204 965 1273 late
987 1219 1247 1293 grassarentur,
1281 1228 1361 1295 Pars
1382 1207 1494 1278 inter·
1566 1155 1785 1276 bummi’
1810 1169 1968 1242 ‘nictu‘
1985 1199 2103 1265 Ι)δεεῐῐι
2120 1185 2236 1273 petiit.
2279 1190 2350 1263 Sed
2367 1220 2449 1267 cum
2465 1199 2544 1268 ali·¹

516 1316 604 1382 fecta
627 1321 720 1379 esta
747 1305 949 1377 Ptolemaeo
970 1300 1153 1393 Evergete.
1219 1303 1340 1392 Quare
1359 1309 1493 1401 Apollo
1543 1277 1677 1353 quanm
1694 1278 1776 1357 9⁰⁸²
1791 1281 1930 1341 ⁰¹⁰¹t¹¹⁰
1945 1271 2143 1352 P¹⁰¹⁸¹¹¹³e⁰
2152 1281 2390 1381 Philopatore
2408 1322 2533 1371 rursm

389 1431 391 1436 ’
516 1414 610 1504 apud
624 1402 881 1496 Callimachum
896 1405 1031 1498 iuquit,
1055 1429 1277 1475 communem
1293 1429 1365 1477 esse
1382 1411 1494 1482 victo·

517 1512 607 1581 riam
628 1507 696 1580 eibi
720 1523 754 1580 et
769 1505 991 1589 Ptolemaeo,
1024 1505 1108 1598 quia
1132 1528 1259 1595 magna
1279 1531 1361 1598 pars
1376 1508 1493 1582 Celta-

516 1635 597 1682 rum
619 1609 726 1702 periit
746 1609 791 1678 ad
813 1605 983 1698 templum
1004 1601 1234 1697 Delphicum,
1267 1631 1346 1678 cum
1365 1608 1493 1683 Graeci

516 1710 728 1804 praeliantes
750 1708 957 1778 iuvarentur
976 1706 1208 1793 fulminibus,
1232 1710 1346 1779 ventis
1362 1724 1396 1782 et
1413 1715 1494 1807 plu.

517 1814 596 1881 viis.
666 1808 808 1879 Partem
835 1808 967 1888 dicitur
986 1807 1178 1877 trucidasse
1203 1805 1425 1883 Ptolemaeus
1446 1817 1492 1885 ad

1544 1379 1699 1455 speraret
1716 1363 1929 1462 Aegyptium
1953 1396 2120 1467 reguum,
2144 1401 2266 1460 contra
2291 1387 2434 1468 foedera
2452 1401 2533 1471 bel-

1543 1464 1620 1535 lum
1629 1463 1831 1539 Ptolemaeo
1841 1467 2025 1565 Epiphani
2039 1482 2249 1560 adolescenti
2267 1490 2400 1568 intulit.
2454 1499 2531 1571 Sed

1543 1562 1718 1655 Romani,
1744 1568 1877 1663 quibus
1892 1598 1974 1644 eum
1989 1587 2293 1661 commendaverat
2309 1608 2426 1685 pater,
2450 1599 2531 1670 ius-

1543 1681 1669 1739 serunt
1689 1665 1910 1743 Antiochum
1934 1677 2113 1753 abstinere
2133 1688 2179 1755 ab
2201 1684 2371 1786 Aegypto.
2437 1698 2542 1771 ldeo'

1544 1762 1761 1852 Antiochus,
1788 1796 1871 1843 cum
1887 1788 1922 1847 et
1935 1802 2099 1870 magnam
2117 1784 2286 1861 Graeciae
2301 1810 2433 1885 partem
2454 1802 2529 1872 sibi

1543 1869 1779 1957 adiunxisset,
1820 1874 1945 1966 iugens
1980 1881 2115 1973 bellum
2145 1890 2313 1964 adversus
2340 1895 2529 1972 Romanos

1543 1970 1654 2040 movit
1661 2022 1673 2056 ,
1698 1986 1844 2065 propter
1856 1978 1956 2069 quod
1968 1994 2002 2050 et
2016 1980 2179 2058 Annibal
2192 1992 2237 2060 ad
2254 2017 2333 2065 eum
2349 2000 2529 2089 profectus

1544 2081 1607 2141 est.
1646 2070 1717 2142 Sed
1733 2077 1877 2146 tandem
1886 2077 2041 2151 Romani
2056 2110 2139 2156 eum
2157 2090 2325 2167 vicissent
2338 2120 2416 2169 eum
2430 2102 2529 2170 mul-

1543 2170 1589 2242 tis
1608 2174 1743 2263 magnis
1766 2178 1925 2267 praeliis,
1951 2188 2140 2273 coegerunt
2158 2214 2240 2261 eum
2258 2218 2379 2285 pacem
2396 2212 2528 2291 petere,

1544 2284 1579 2340 et
1596 2274 1805 2349 ademerunt
1821 2278 1855 2349 ei
1868 2275 2150 2357 florentissimam
2172 2297 2276 2382 regui
2298 2312 2452 2389 partem,
2478 2304 2541 2373 ab

569 2420 733 2484 Continuus
752 2422 915 2504 densaeque
932 2424 1016 2484 uires
1031 2434 1066 2483 ut
1082 2441 1220 2504 spargere
1234 2425 1340 2485 brume
1544 2369 2526 2588 ffiissyfflugugdiffgffifspmoffiffiemgmfflsszlie

566 2521 671 2584 Fleute
687 2526 763 2583 solet
778 2521 894 2600 Boreo,
920 2526 1040 2583 venient
1054 2527 1096 2584 sic
1111 2526 1230 2604 agmins
1245 2525 1345 2592 deuse.
1545 2572 1554 2591 .
1959 2585 1968 2603 ,
2039 2589 2048 2606 ι
2296 2612 2299 2616 ἢ

566 2622 636 2686 Nou
651 2638 749 2685 temen
763 2622 837 2685 heco
850 2622 967 2685 stolidis
983 2619 1090 2685 Getttb
1105 2627 1153 2686 rio
1165 2625 1261 2688 fouere
1279 2626 1381 2689 lutura
1395 2641 1451 2689 eet.
1545 2578 1746 2690 'fumeum
1760 2594 1814 2652 ω
1827 2605 1847 2651 ⁰
1862 2584 2114 2671 munuudme’
2139 2604 2379 2685 ‘1¹¹⁸‘de
2395 2600 2525 2673 defen·

615 2715 771 2788 Auxiliis
786 2707 903 2806 'igitur
923 2717 1094 2788 exercitus
1116 2716 1324 2814 Galatarum
1349 2722 1493 2795 adiutus
1541 2697 1680 2746 ⁵¹⁰⁰⁸¹⁰
1696 2681 1820 2772 ¹⁰¹⁰P¹¹
1834 2703 2076 2760 mmmm·

515 2815 669 2902 Hieran,
709 2817 853 2887 fratrem
876 2815 1062 2888 Seleucum
1087 2819 1183 2894 vicit.
1248 2821 1370 2894 Postea
1393 2825 1492 2894 sedes
1643 2808 1713 2881 Hic
1736 2811 1805 2883 l'uit
1825 2814 1939 2885 exitus
1962 2822 2054 2892 tanti
2077 2823 2188 2912 regis,
2221 2826 2283 2919 qui
2300 2852 2418 2901 mm,
2434 2856 2522 2904 cum

512 2920 557 2987 ad
587 2916 708 3012 Halyn
736 2916 886 2987 fluvium
917 2910 1000 2987 huic
1029 2922 1233 3010 peregrinae
1262 2924 1359 3013 genti
1390 2925 1491 2995 datae
1541 2904 1627 2979 Asia
1646 2909 1832 2983 Graeciam
1855 2917 2082 2992 coniunxisse
2104 2924 2309 3014 videbatur,
2346 2943 2380 3000 et
2402 2954 2526 3023 spera.

513 3032 608 3093 eunt.
657 3015 796 3088 Deinde
812 3015 1007 3088 Ptolemaei
1026 3020 1158 3090 auxilio
1180 3047 1303 3093 rursus
1325 3024 1410 3094 vicit
1426 3025 1492 3095 Se·
1541 3010 1621 3095 bal,
1642 3010 1884 3086 seRomanam
1901 3024 2095 3109 potentiam
2109 3047 2316 3098 eversurum
2332 3053 2414 3101 esse.
2449 3033 2526 3106 Sed

518 1914 633 1984 lacum
650 1908 895 1980 Serbonidem.
936 1905 1065 1978 Versus
1077 1904 1288 1977 Callimachi
1302 1903 1343 1979 hi
1357 1927 1457 1987 sunt:

556 1999 680 2083 ''Coutm
693 2016 810 2078 hostem
823 2017 894 2076 fient
907 2018 1078 2077 eommunia
1092 2020 1203 2097 praelis
1217 2019 1318 2096 nobie,

408 2092 417 2108 ⁸
466 2193 468 2198 Α
569 2117 683 2181 Celtica
697 2139 766 2179 oum
780 2129 882 2179 contra
898 2112 1026 2179 Graecos
1043 2138 1114 2198 geue
1131 2119 1208 2179 bella
1216 2120 1365 2199 movebit,

567 2218 713 2281 Titanum
727 2221 861 2296 soboles,
884 2230 1018 2281 extremo
1034 2219 1152 2279 cordine
1168 2232 1261 2281 terrae

568 2318 692 2399 Effusa,
716 2319 875 2402 Hesperiae
889 2333 919 2381 et
933 2320 1015 2382 sedes
1031 2321 1121 2382 effero
1134 2323 1262 2404 linquet,

512 3120 651 3204 leucus,
677 3119 868 3192 ectr-mrem
885 3141 992 3208 regno
1008 3122 1152 3210 expulit,
1196 3121 1491 3213 Fugitefgoflie.
1541 3110 1643 3182 initia
1659 3114 1745 3184 belli
1761 3116 1901 3189 fuerant
1913 3119 2055 3197 iniusta.
2107 3122 2207 3196 Talis
2229 3129 2339 3217 igitur
2357 3132 2425 3203 fuit
2448 3137 2526 3206 exi-

511 3244 575 3290 rax
598 3222 643 3290 ad
664 3217 907 3291 Ptolemaeum
939 3221 979 3289 iu
1003 3214 1218 3316 Aegyptum,
1257 3247 1279 3293 a
1306 3249 1377 3317 quo
1409 3250 1489 3297 cum

512 3322 602 3393 clam
622 3321 834 3393 discessurus
859 3335 963 3407 essct,
989 3321 1071 3414 quia
1095 3323 1127 3392 ei
1149 3324 1347 3412 diffidebat,
1378 3340 1491 3398 retra·

513 3438 588 3491 ctus
605 3447 647 3491 ex
662 3424 742 3512 fuga
763 3447 783 3493 a
800 3408 974 3495 militibus
988 3420 1183 3494 Ptolemaei
1201 3426 1404 3499 interfectus
1427 3445 1488 3502 est.

511 3520 614 3593 Circa
632 3523 668 3591 id
685 3538 821 3615 tempus
835 3525 872 3592 in
888 3523 991 3619 Syria
1007 3522 1174 3597 Seleucus
1194 3529 1239 3596 de
1259 3552 1350 3624 equo
1369 3530 1488 3621 lapsus

510 3639 671 3694 mortuus
701 3637 760 3694 est.
824 3622 895 3694 Hic
926 3625 1038 3695 exitus
1062 3627 1131 3697 luit
1152 3629 1304 3699 duorum
1325 3632 1489 3717 fratrum,

447 3737 451 3740 ⁴
510 3726 572 3818 qui
589 3725 683 3796 iuter
698 3747 773 3795 sese
787 3725 928 3795 iniustis
950 3740 984 3797 et
1008 3726 1231 3800 infoelicibus
1255 3731 1362 3802 armis
1381 3732 1488 3801 dimi-

510 3841 647 3900 carunt.

557 3950 569 4005 ζ
610 3926 747 3999 interea
760 3924 951 4020 ‘posteritas
976 3926 1114 3999 Seleuci
1135 3930 1252 4002 amisit
1267 3929 1486 4026 Babylonem

508 4044 541 4099 et
559 4029 691 4099 vicinas
712 4030 931 4121 provincias,
967 4053 1057 4122 quae
1078 4033 1122 4100 ad
1139 4028 1294 4103 Arsacen
1312 4026 1485 4103 Parthum

507 4131 726 4215 defecerunt,
751 4155 856 4224 quem
871 4131 1031 4202 scribunt
1053 4130 1190 4204 iusticia
1206 4148 1239 4205 ct
1265 4157 1345 4225 erga
1360 4134 1487 4205 subdi·

507 4245 561 4300 tos
578 4232 822 4313 beneficentia,
846 4244 880 4301 et
895 4232 1045 4301 consilio
1060 4255 1099 4301 ac
1116 4235 1325 4305 fortitudine
1347 4237 1386 4306 in
1407 4236 1487 4307 hel·

505 4331 549 4401 lis
573 4334 785 4407 excelluisse.
849 4331 992 4423 Diuque
1022 4346 1101 4421 post
1128 4357 1208 4405 eum
1232 4332 1422 4407 Arsacidae
1447 4338 1485 4407 iu

408 4488 420 4501 .
503 4434 566 4504 illa
589 4450 686 4527 parte
708 4428 870 4506 Orientis
901 4445 1112 4522 regnarunt,
1147 4457 1190 4503 ex
1224 4438 1353 4528 quibus
1380 4452 1484 4509 natus

503 4525 571 4604 luit
594 4536 643 4622 is,
679 4537 740 4629 qui
766 4533 942 4607 interfecit
961 4530 1015 4605 M.
1039 4531 1201 4608 Crassum
1229 4538 1362 4608 eteius
1385 4564 1484 4609 exer-

504 4633 611 4702 citum
626 4637 767 4709 delevit.
1392 4655 1394 4659 ‘

602 4730 702 4806 Alibi
725 4734 831 4803 etiam
854 4733 1000 4806 Seleuco
1034 4737 1195 4827 adempta
1224 4751 1275 4808 est
1302 4736 1468 4834 Bithynia

501 4832 541 4901 in
563 4858 632 4925 qua
654 4856 799 4924 regnare
820 4836 933 4927 coepit
946 4834 1105 4922 Attalus,
1130 4838 1232 4908 cuius
1254 4851 1390 4911 vetusta
1413 4844 1481 4915 fuit

499 4934 685 5024 nobilitas,
710 4949 743 5005 ct
758 4936 944 5028 praecipue
967 4937 1107 5007 laudata
1132 4952 1183 5009 est
1207 4940 1380 5011 excellens
1403 4943 1479 5013 eius

499 5036 649 5109 iusticia.
701 5033 754 5106 Ac
770 5039 953 5108 oraculum
968 5036 1177 5128 significavit
1200 5043 1231 5111 ei

1539 3224 1616 3381 qus,
1642 3212 1740 3339 iuxta
1756 3240 1912 3290 versum:
1937 3225 2063 3318 Κακῆς
2081 3220 2142 3298 ἀπ’
2164 3223 2281 3323 ἀρχῆς
2300 3227 2445 3330 γίνεται
2466 3233 2526 3308 τέ-

1562 3336 1602 3394 oc
1615 3337 1746 3391 κακον.
1853 3336 1856 3342 ’

1641 3448 1834 3525 Mediocris
1852 3470 1969 3530 autem
1991 3483 2060 3551 pax
2079 3459 2118 3528 in
2134 3459 2262 3536 ludaea
2284 3467 2352 3540 suit
2373 3473 2418 3543 ab
2434 3452 2523 3544 Ale-

1538 3551 1666 3621 xandri
1686 3552 1811 3646 Magni
1833 3558 1957 3646 initio,
1990 3584 2101 3654 usque
2122 3560 2284 3652 adhunc
2300 3566 2523 3647 Antiochum

1538 3649 1732 3741 Magnum,
1756 3680 1869 3726 annos
1891 3662 2043 3752 amplius
2065 3677 2218 3737 centum.
2270 3665 2319 3741 Et
2337 3689 2417 3763 post
2434 3673 2522 3747 Ale-

1538 3757 1713 3823 xandrum
1740 3754 1862 3827 ludaei
1894 3762 2004 3850 magis
2034 3762 2275 3839 adiunxerant
2307 3795 2344 3841 se
2379 3777 2522 3866 regibus

1537 3848 1731 3948 Aegyptiis.
1779 3855 1850 3929 Sed
1866 3883 1945 3929 cum
1962 3862 2137 3935 interiecti
2153 3884 2270 3941 essent
2293 3871 2387 3945 inter
2400 3873 2535 3974 Aegy..

1536 3966 1637 4044 ptum
1658 3970 1693 4027 et
1712 3956 1871 4052 Syriam,
1896 3963 2033 4035 duriter
2056 3967 2226 4061 utrinque
2249 3978 2402 4066 quassati
2424 3996 2521 4064 suut,

1536 4077 1576 4123 ac
1590 4077 1691 4147 saepe
1714 4061 1849 4151 experti
1869 4078 1971 4150 sunt,
1998 4090 2122 4135 verum
2141 4093 2231 4156 csse,
2258 4077 2352 4167 quod
2366 4079 2520 4152 dicitur:

1535 4159 1640 4248 πῆμα
1661 4154 1775 4239 κακὸς
1796 4156 1943 4258 γείτων.
2011 4163 2116 4238 Motu
2146 4185 2261 4242 autem
2288 4175 2382 4242 bello
2415 4163 2527 4252 inter·

1535 4252 1755 4331 Antiochum
1770 4259 1943 4352 Magnum
1968 4280 2003 4337 et
2020 4265 2255 4341 Ptolemaeum
2271 4265 2520 4367 Epiphanem,

1534 4359 1608 4429 dux
1621 4356 1816 4456 Aegyptius
1829 4363 1960 4457 Scopas
1977 4372 2160 4462 occupavit
2173 4369 2370 4446 Samariam
2391 4391 2427 4448 et
2444 4380 2520 4448 ali-

1535 4474 1624 4552 quot
1646 4460 1796 4534 ludaeac
1823 4466 1948 4553 urbes,
1990 4485 2025 4542 et
2047 4468 2190 4540 ludaeos
2221 4471 2328 4544 valde
2360 4479 2515 4554 adflixit.

1532 4556 1658 4630 Postea
1684 4588 1765 4633 cum
1780 4563 1979 4641 Antiochus
1994 4569 2142 4658 Magnus
2157 4568 2295 4663 Scopae
2320 4580 2518 4654 exercitum

1436 4671 1443 4683 '
1533 4662 1719 4734 delevisset
1740 4668 1785 4734 ad
1804 4665 2008 4755 iomanem,
2032 4672 2172 4740 easdem
2185 4674 2293 4745 urbes
2307 4679 2375 4750 sibi
2389 4705 2517 4771 parcre

1471 4795 1482 4828 s
1531 4765 1663 4852 coegit,
1689 4778 1724 4835 et
1746 4768 1789 4836 ad
1806 4766 2056 4866 lerosolymam
2078 4796 2161 4842 cum
2180 4777 2334 4849 exercitu
2356 4784 2516 4863 accessit.

1530 4861 1600 4934 Sed
1616 4866 1736 4936 Iudaei
1754 4893 1833 4939 eum
1850 4873 1930 4943 data
1950 4874 2097 4964 pecunia
2114 4875 2318 4965 placarunt,
2342 4893 2376 4950 et
2392 4877 2518 4956 hono·

1529 4965 1625 5036 ribce
1644 4968 1684 5038 in
1707 4971 1832 5041 urbem
1853 4976 2093 5055 admiserunt,
2135 5002 2175 5046 ac
2204 5003 2284 5048 cum
2312 5005 2353 5049 eo
2385 4984 2517 5058 loedus

1240 5068 1389 5136 e‘lu'ffl
1413 5045 1478 5116 diu
1527 5067 1698 5140 lecerunt.
1758 5071 1809 5143 lta
1833 5098 1954 5146 rursus
1979 5078 2236 5172 aliquantisper
2257 5078 2385 5152 Iudaea
2412 5099 2515 5155 tran-

498 5138 722 5261 postcri'eius
743 5139 920 5226 regnaturi
944 5155 1074 5212 ment:
1108 5139 1233 5224 Aoede
1250 5139 1314 5216 καὶ
1335 5143 1476 5240 Militis
1526 5171 1638 5260 quilla
1652 5172 1737 5257 suit,
1762 5177 1874 5242 donec
1887 5173 2103 5250 Pontificum
2128 5180 2239 5249 suriae
2261 5184 2430 5253 maximas
2446 5210 2513 5255 ca·

496 5263 559 5310 και
575 5234 724 5311 παιὸων
741 5235 810 5310 οὐκ
825 5236 877 5310 ἔτι
891 5235 1027 5319 παῖδες.
1095 5240 1169 5330 Qui
1194 5268 1313 5314 versus
1338 5273 1474 5319 memo-
1525 5267 1939 5346 lamffmegaumemm,

495 5341 547 5409 ria
566 5340 778 5430 dignoscet,
803 5340 885 5432 quia
903 5340 940 5408 in
956 5343 1077 5414 multis
1092 5341 1237 5411 familiis
1255 5339 1322 5416 hoc
1334 5349 1474 5435 accidit,

492 5456 534 5514 ut
550 5442 674 5513 tertius
690 5453 751 5511 aut
770 5454 916 5532 quartus
936 5436 1058 5510 haeres
1078 5442 1186 5511 fuerit
1206 5444 1363 5522 ultimus.
1413 5447 1473 5534 Ut,

490 5539 738 5628 Constantius,
763 5540 1018 5613 Constantinus
1034 5554 1068 5611 et
1083 5540 1163 5621 filii.
1215 5541 1339 5617 Postea
1363 5549 1470 5619 alieni

491 5659 740 5716 successerunt.
793 5641 853 5712 Sic
873 5643 918 5709 de
940 5639 1053 5730 primo
1072 5635 1219 5714 Othone
1241 5648 1310 5715 diei
1336 5665 1469 5738 posset:

490 5740 600 5826 αὐτὸς
611 5741 675 5818 καὶ
688 5738 835 5832 παῖδες,
859 5735 922 5812 καὶ
935 5735 1085 5814 παίδων
1096 5738 1166 5816 οὐκ
1179 5741 1230 5815 ἔτι
1244 5742 1384 5827 παῖδες.

1631 5416 1832 5492 Antiocho
1850 5421 1982 5516 Magno
2001 5441 2070 5497 tres
2088 5428 2152 5497 filii
2176 5431 2338 5503 suerunt:

1723 5549 1890 5624 Seleucus
1906 5552 2125 5648 Philopator.

1721 5649 1920 5726 Antiochus
1934 5653 2150 5751 Epiphanes.

1720 5749 1933 5833 Demetrius.
