6025 6775
483 699 559 773 tes
730 686 940 769 SCRIPTA
963 685 1040 757 PII.
1066 683 1183 757 MEL.
1208 679 1275 752 AD
1301 677 1430 755 HlST.
1457 673 1606 751 PROF.
1632 673 1699 747 ET
1726 671 1920 750 PlllLOS.
1946 675 2270 756 SPECTANTIA.
2445 678 2526 757 tot

488 885 572 943 tuus
595 867 635 935 in
656 862 846 953 Mageddo.
896 846 1102 926 Aetolia
1123 876 1207 920 vero
1231 866 1361 930 mater,
1392 863 1473 920 nata
1499 922 1502 930 ,
1528 846 1636 918 lnitio
1661 847 1742 939 pius
1764 859 1798 916 et
1819 845 1948 932 foelix,
1985 849 2073 920 vicit
2092 845 2304 924 Philittaeos
2324 867 2355 926 et
2377 848 2523 925 Arabes·

490 996 533 1043 ex
555 992 635 1059 rege
657 963 837 1037 Samariae
861 952 898 1025 A
904 951 991 1024 mri
996 1005 1011 1041 ,
1044 951 1153 1045 impia
1175 965 1209 1021 et
1230 952 1402 1036 crudelis,
1435 963 1477 1021 ut
1528 948 1597 1019 Sed
1621 961 1740 1038 postea
1764 971 1844 1016 cum
1867 949 1983 1018 officio
2005 954 2201 1024 sacerdotis
2221 951 2321 1045 fungi
2341 955 2462 1042 vellet,
2486 968 2523 1025 et

491 1091 639 1161 regnum
661 1064 845 1142 retineret,
877 1053 1053 1127 interfecit
1081 1076 1204 1123 omnes
1227 1053 1328 1142 regni
1352 1047 1476 1121 haere·
1529 1074 1591 1142 per
1615 1073 1688 1119 sese
1708 1049 1963 1120 sacrificaturus
1983 1064 2093 1137 esset,
2117 1050 2219 1126 Deus
2235 1055 2328 1126 iram
2343 1078 2440 1126 suam
2452 1079 2523 1147 pu-

492 1173 572 1254 des,
593 1175 733 1257 praeter
746 1183 895 1251 puerum
919 1154 942 1225 I
952 1179 1051 1235 oas,
1076 1156 1166 1223 clam
1189 1169 1347 1245 ereptum
1364 1153 1478 1221 saevi·
1528 1150 1623 1220 blica
1645 1173 1757 1242 poena
1773 1149 1977 1226 declaravit.
2024 1149 2160 1243 Regem
2177 1156 2276 1225 enim
2294 1157 2413 1230 subita
2428 1156 2525 1248 lepra

492 1272 566 1342 eiae
592 1263 754 1334 mulieris
781 1259 997 1353 tyrannicae.
1048 1253 1127 1325 Hoc
1147 1269 1306 1347 tempore
1329 1277 1477 1343 regnum
1531 1252 1713 1343 percussit,
1735 1274 1826 1343 quae
1840 1263 1960 1341 postea
1971 1247 2084 1324 haesit
2099 1255 2138 1326 in
2152 1279 2194 1326 eo
2205 1257 2244 1325 in
2258 1259 2366 1348 longa
2378 1269 2526 1330 senecta.

492 1369 582 1442 luda
603 1388 622 1436 a
644 1363 755 1453 stirpe
780 1359 982 1430 Salomonis
1003 1358 1214 1427 translatum
1232 1370 1284 1424 est
1300 1357 1342 1424 ad
1360 1368 1478 1447 poste-
1634 1353 1711 1452 Sub
1724 1376 1765 1421 eo
1785 1352 1989 1422 concionari
2004 1355 2116 1445 coepit
2129 1353 2270 1443 Esaias,
2295 1372 2404 1429 natus
2419 1357 2459 1426 in
2473 1358 2527 1428 fa-

493 1492 551 1541 ros
573 1460 736 1548 Nathan,
769 1462 831 1554 qui
853 1461 959 1530 etiam
986 1458 1054 1527 luit
1077 1458 1171 1544 filins
1192 1455 1350 1529 Davidis.
1409 1453 1480 1524 llic
1532 1454 1632 1523 milia
1663 1455 1777 1544 regia,
1817 1455 1880 1546 qui
1902 1478 1982 1524 cum
2004 1477 2026 1524 a
2046 1453 2207 1527 Manasse
2231 1481 2328 1529 serra
2351 1459 2527 1529 dissectus

492 1588 615 1674 rursps
655 1562 854 1653 exemplum
897 1560 1130 1654 proponitur,
1175 1560 1272 1651 quod
1309 1557 1482 1639 ostendit,
1533 1555 1597 1640 sit,
1632 1555 1701 1626 fuit
1729 1556 1767 1624 in
1793 1554 1994 1626 ministerio
2020 1551 2222 1648 prophetico
2247 1582 2360 1630 annos
2383 1558 2528 1629 circiter

492 1691 600 1760 regna
624 1663 773 1748 mutari,
806 1677 840 1734 et
862 1661 1020 1750 extingui
1043 1659 1194 1730 familias
1218 1671 1362 1747 propter
1384 1656 1481 1725 idola
1534 1655 1722 1745 octoginta.
1770 1653 1975 1728 -Praedirit
2010 1657 2222 1729 mutationes
2253 1659 2526 1753 praecipuorum

494 1783 529 1842 et
555 1766 797 1861 tyrannidem.
859 1761 950 1834 'Pota
982 1760 1167 1854 posteritas
1194 1757 1397 1828 Salomonis
1421 1759 1482 1826 de·
1535 1779 1747 1842 regnorum,
1779 1780 1869 1850 quae
1895 1773 2013 1848 postea
2036 1772 2204 1853 sequutae
2224 1774 2326 1846 sunt,
2349 1761 2446 1850 regni
2466 1760 2525 1829 Is·

494 1873 564 1942 leta
587 1879 650 1938 est.
704 1863 842 1934 Interea
873 1877 989 1933 tamen
1014 1862 1113 1929 Deus
1134 1859 1345 1929 mirabiliter
1368 1870 1483 1928 servat
1536 1858 1631 1942 radi,
1654 1853 1880 1951 Aegyptiaci,
1905 1858 2064 1953 Syriaci,
2089 1858 2315 1956 Babyloniei‚
2336 1858 2528 1956 Assyriam,

495 1968 750 2062 promissiones
784 1968 828 2033 de
862 1988 970 2053 regno
1003 1957 1061 2030 Iu
1072 1953 1149 2043 da,
1187 1974 1222 2030 et
1254 1963 1299 2029 de
1326 1974 1483 2030 venturo
1536 1958 1752 2026 eversionem
1777 1957 1878 2052 Tyri.
1929 1955 1978 2030 Et
1999 1961 2146 2054 quidem
2169 1961 2376 2033 nominatim
2398 1961 2528 2031 vatici-

497 2070 641 2143 Messia.
691 2065 987 2136 Transfertenim
1004 2085 1152 2151 regnum
1174 2063 1219 2130 ad
1239 2075 1398 2153 posteros
1412 2059 1484 2130 Na·
1536 2074 1660 2143 natur,
1692 2057 1923 2143 Macedones,
1955 2057 2083 2134 Cittim
2103 2076 2141 2133 et
2161 2057 2371 2133 Dodonaeos
2390 2062 2529 2154 potitu-

499 2166 606 2253 than,
640 2191 681 2237 er
711 2168 841 2261 quibus
869 2166 947 2235 vult
977 2162 1074 2234 nasci
1096 2159 1277 2236 Messiam.
1335 2160 1420 2231 ldeo
1446 2161 1485 2230 in
1536 2184 1596 2229 ros
1619 2182 1692 2230 esse
1713 2157 1812 2256 Tyro
1835 2174 1869 2231 et
1892 2157 2088 2254 Babylone.
2145 2160 2356 2235 Doctrinam
2376 2186 2458 2232 vero
2478 2161 2528 2230 dc

501 2270 703 2364 genealogia
726 2265 860 2339 Christi
882 2268 977 2361 apud
991 2265 1124 2336 Lucam
1147 2263 1276 2332 omisso
1293 2260 1486 2333 Salomone
1538 2259 1670 2330 Messio
1687 2274 1720 2329 et
1735 2263 1779 2330 de
1793 2262 1902 2352 gratia
1917 2261 2202 2353 splendidissime
2217 2264 2416 2336 illustravit.

502 2374 672 2443 inseritur
686 2363 841 2440 Nathan.
1641 2355 1831 2430 lotham
1860 2363 2020 2450 regnavit
2047 2364 2085 2431 in
2115 2359 2203 2434 Iuda
2226 2388 2345 2435 annos
2368 2362 2532 2444 sedecim.

606 2464 807 2540 Astatia
834 2463 1019 2561 tyrannica
1040 2463 1170 2535 mulier
1192 2463 1352 2552 regnavit
1372 2485 1487 2532 annos
1539 2461 1627 2532 Pius
1648 2477 1683 2532 et
1698 2464 1825 2549 foelix,
1861 2466 1948 2533 vicit
1962 2460 2195 2538 Ammonitas.
2247 2461 2533 2537 Annoseeundo

503 2588 653 2667 septem,
694 2570 869 2639 interiecit
911 2563 1149 2653 posteritatem
1183 2562 1404 2649 Salomonis,
1453 2575 1488 2633 et
1541 2560 1679 2632 lotham
1708 2558 1924 2635 inchoantur
1951 2561 2168 2635 Graecorum
2190 2561 2449 2662 Olympiades,
2477 2588 2534 2635 se·

503 2676 645 2769 publice
661 2673 795 2743 cultum
817 2684 851 2739 et
871 2666 1106 2737 sacerdotium
1118 2663 1206 2735 Baal
1223 2665 1262 2733 in
1277 2663 1366 2736 luda
1384 2665 1487 2735 insti·
1541 2666 1696 2734 cundum
1715 2688 1802 2756 quas
1821 2663 1967 2735 Graecis
1982 2666 2091 2754 longo
2107 2678 2261 2758 tempore
2275 2663 2533 2738 usitatum'iuit

503 2778 584 2850 tuit.
637 2765 1046 2843 ldeoloiadassummns
1066 2768 1227 2835 sacerdos
1245 2767 1356 2858 ipsam
1382 2780 1488 2836 etsa-
1539 2766 1666 2835 seriem
1699 2785 1816 2834 rerum
1848 2781 2026 2854 gestarum
2056 2769 2094 2834 in
2119 2767 2270 2857 publicis
2289 2768 2534 2837 monumentis

503 2877 678 2949 crificulos
696 2872 783 2942 Baal
806 2867 998 2951 interfecit,
1025 2881 1058 2936 et
1073 2869 1207 2938 cultum
1226 2866 1312 2936 Baal
1335 2867 1488 2940 sustulit.
1541 2866 1767 2958 perscribere.
1820 2866 1923 2937 Semi
1945 2883 2062 2937 autem
2087 2868 2231 2937 initium
2255 2883 2387 2940 certum
2405 2881 2532 2960 potest,

605 2973 718 3046 loos
743 2986 901 3042 screatus
925 2991 945 3036 a
970 2969 1119 3056 coniuge
1148 2970 1275 3038 summi
1299 2969 1488 3039 sacerdotis
1542 2984 1636 3039 retro
1663 2970 1896 3038 naaroerando.
1950 2965 2043 3055 Quia
2065 2969 2302 3038 certissimum
2327 2983 2393 3053 est,
2424 2968 2530 3058 regni

502 3080 661 3170 regnavit
683 3078 721 3144 in
742 3071 830 3144 luda
854 3090 967 3141 annos
993 3070 1244 3162 quadraginta,
1278 3070 1490 3142 instauravit
1541 3065 1737 3138 Alexandri
1760 3091 1841 3137 mox
1865 3082 1942 3159 post
1959 3082 2107 3139 mortem
2123 3065 2285 3162 Philippi
2299 3068 2532 3141 initiumesse

503 3182 697 3273 templum,
731 3189 766 3245 et
786 3177 853 3246 fuit
874 3170 978 3241 initio
993 3194 1055 3240 rex
1079 3171 1160 3262 pius
1180 3184 1215 3242 et
1229 3171 1352 3257 foelix,
1376 3174 1489 3243 donec
1541 3171 1695 3261 primum
1732 3193 1867 3239 annum
1906 3165 2134 3265 Olympiadis
2171 3171 2381 3243 centesimae
2415 3173 2532 3242 unde-

502 3283 591 3353 vixit
614 3277 643 3349 I
648 3271 821 3349 diadas
841 3293 999 3346 summus
1022 3274 1204 3357 sacerdos,
1237 3273 1337 3341 cuius
1367 3273 1490 3343 consi·
1542 3271 1663 3342 cimae.
1929 3290 1935 3300 ·

503 3385 561 3454 liis
582 3378 850 3473 obtemperavit.
907 3372 993 3446 Post
1015 3374 1089 3444 eius
1111 3388 1260 3445 mortem
1282 3376 1374 3466 cepit
1393 3375 1490 3445 idola
1643 3367 1783 3445 Nomen
1797 3388 1914 3445 autem
1930 3368 2120 3468 Olympias
2133 3368 2403 3464 comprehendit
2416 3398 2533 3446 annos

505 3475 642 3568 colere,
671 3499 705 3555 et
727 3479 904 3550 interfecit
925 3470 1152 3561 Zachariam,
1185 3476 1283 3544 illius
1304 3474 1440 3562 lilium,
1471 3500 1490 3546 a
1542 3487 1705 3568 quatuor.
1756 3470 1806 3546 Et
1832 3477 1964 3545 factum
1994 3488 2046 3547 est
2072 3475 2117 3544 ab
2147 3476 2328 3548 ordinario
2353 3490 2533 3549 conventu

506 3608 578 3678 quo
598 3585 673 3674 ipse
693 3566 851 3652 servatus
873 3591 957 3648 erat.
1013 3575 1137 3648 Postea
1159 3576 1294 3671 Syriaci
1319 3580 1491 3647 exercitus
1544 3574 1762 3646 Graecorum
1785 3578 1827 3646 ad
1851 3574 2014 3661 Elidem,
2045 3576 2108 3668 qui
2131 3575 2377 3650 celebrabatur
2395 3602 2533 3671 semper

505 3684 668 3778 populati
688 3696 771 3753 sunt
792 3681 977 3757 ludaeam,
1005 3691 1038 3748 et
1061 3676 1138 3747 loas
1166 3702 1184 3746 a
1208 3677 1318 3748 servis
1339 3680 1412 3748 suis
1433 3679 1491 3747 in·
1542 3690 1622 3768 post
1637 3691 1801 3770 quartum
1817 3701 1972 3761 annum,
1997 3677 2035 3745 in
2053 3701 2192 3762 mense,
2218 3680 2281 3772 qui
2298 3678 2444 3751 Graecis
2459 3680 2533 3749 ini-

506 3788 673 3857 terfeetus
707 3770 770 3855 esi.
826 3780 1015 3873 Regnante
1047 3773 1116 3848 hoc
1144 3776 1222 3847 luas
1252 3794 1414 3848 mortuus
1440 3793 1492 3851 est
1543 3778 1633 3848 tium
1652 3780 1845 3862 ermanni,
1871 3779 2086 3849 videlicetin
2102 3779 2322 3871 plenilunio,
2349 3782 2536 3876 quodsol-

507 3883 713 3960 Eliseus,
1543 3879 1639 3948 stilio
1662 3879 1794 3947 aestivo
1816 3880 2017 3971 proximum
2041 3893 2105 3957 est.
2171 3881 2231 3953 Sic
2254 3898 2443 3953 conventus
2464 3880 2531 3950 ille

611 3982 1006 4075 Arnosiasregnavit
1023 3983 1059 4051 iu
1074 3978 1162 4051 luda
1175 4001 1289 4050 annos
1303 3979 1365 4066 29,
1387 3979 1491 4049 initio
1543 3981 1630 4047 anni
1655 3980 1798 4051 initium
1818 3978 1963 4050 Graecis
1986 3993 2071 4053 erat.
2126 3979 2210 4052 ldeo
2230 3984 2332 4052 series
2348 4002 2528 4049 annorum

506 4091 587 4185 pins
616 4105 650 4161 et
673 4089 791 4163 foelix.
854 4086 948 4155 Vicit
972 4086 1171 4155 Idumaeos.
1232 4080 1357 4151 Postea
1381 4082 1493 4151 coluit
1545 4080 1628 4149 inde
1651 4084 1834 4150 commode
1857 4084 2074 4155 sumebatur.
2126 4083 2225 4172 Quae
2241 4094 2351 4152 autem
2368 4079 2529 4170 insignes

505 4193 623 4275 idola,
653 4206 687 4261 et
707 4202 804 4258 moto
828 4188 922 4256 bello
943 4210 1017 4255 non
1038 4184 1232 4255 necessario
1255 4182 1492 4254 dissuadenti·
1544 4176 1712 4251 historiae
1735 4180 1955 4252 Graecorum
1983 4184 2229 4255 antecesserint
2259 4178 2348 4250 hanc
2372 4194 2530 4251 annota-

506 4294 573 4364 hus
596 4286 785 4383 Prophetis
812 4290 924 4357 victus
945 4301 1018 4371 est,
1047 4299 1083 4355 et
1107 4286 1276 4376 templum
1301 4286 1492 4376 spoliatum
1544 4283 1679 4353 tionem
1702 4306 1898 4363 annorum,
1931 4285 2024 4354 infra
2047 4287 2208 4356 dicemus.
2256 4279 2530 4354 Consideranda

506 4407 569 4470 est.
621 4391 705 4463 Post
725 4391 863 4483 aliquot
889 4410 1000 4456 annos
1024 4386 1098 4476 ipse
1121 4386 1281 4455 Amasias
1297 4387 1435 4473 fugiens
1451 4409 1492 4454 er
1545 4398 1596 4454 est
1617 4386 1711 4454 enim
1733 4397 1933 4476 temporum
1958 4386 2120 4472 collatio,
2145 4398 2183 4455 ut
2204 4384 2376 4470 sciamus,
2402 4380 2531 4456 Eccle-

507 4494 723 4588 lerosolyma
749 4493 955 4561 interfectus
980 4500 1031 4557 est
1055 4488 1094 4555 in
1115 4481 1262 4559 Laches.
1314 4486 1492 4579 Tempore
1544 4485 1615 4554 siae
1631 4486 1829 4555 doctrinam
1846 4488 2122 4580 antiquissimam
2139 4508 2223 4559 esse.

507 4592 670 4665 Amasiae
685 4589 1047 4685 Sardanapalussuit,
1072 4612 1143 4682 quo
1159 4610 1325 4679 oppresso
1348 4612 1492 4657 monar-
1645 4582 1683 4654 Α
1689 4580 1799 4655 cleos
1821 4589 1983 4677 regnavit
1995 4586 2128 4658 inlude
2143 4609 2258 4658 annos
2272 4587 2437 4670 sedecim,
2460 4587 2530 4658 fuit

508 4684 588 4763 chia
610 4690 788 4764 Chaldaea
813 4694 925 4764 divisa
950 4705 1021 4780 est,
1052 4702 1085 4760 et
1110 4690 1257 4761 retinuit
1273 4684 1368 4759 Phul
1384 4687 1492 4759 Belo·
1543 4685 1691 4777 impius,
1717 4688 1880 4775 infoelix,
1903 4691 2092 4760 fascinatus
2113 4688 2332 4759 idolomania
2353 4688 2531 4778 multipli-

507 4784 595 4863 chus
617 4791 838 4881 Babylonem
862 4806 897 4861 et
917 4790 1086 4861 Niniven.
1141 4786 1296 4861 Arbazes
1318 4814 1401 4860 vero
1424 4790 1492 4861 fuit
1543 4788 1649 4869 citer,
1676 4790 1800 4859 clausit
1823 4794 1994 4882 templum
2009 4786 2098 4881 Dei,
2125 4805 2159 4862 et
2181 4790 2269 4862 alibi
2283 4790 2320 4859 in
2337 4786 2531 4859 ierusalem

507 4914 569 4961 rex
585 4890 776 4960 Medorum
794 4903 826 4962 et
841 4887 1039 4961 Persarum.
1090 4888 1271 4964 Hactenus
1288 4886 1492 4961 veroCbal-
1544 4905 1579 4962 et
1603 4890 1640 4958 in
1665 4891 1807 4982 oppidis
1830 4893 1926 4962 idola
1948 4892 2152 4980 collocavit,
2176 4892 2344 4963 cremavit
2364 4890 2531 4983 etlilium

508 4991 587 5062 daei
610 5007 644 5064 et
658 4989 795 5087 Assyrii
816 5016 891 5062 non
911 4990 1109 5063 intulerunt
1125 4994 1258 5063 bellum
1275 4989 1444 5063 Israelitis
1457 5007 1492 5065 et
1543 4992 1581 5061 in
1598 4993 1779 5065 sacrificio.

508 5091 666 5180 ludaeis,
690 5095 753 5164 sed
774 5095 940 5187 deinceps
964 5088 1103 5190 Assyrii
1125 5095 1262 5167 duriter
1277 5094 1492 5167 adflixerunt
1643 5090 1734 5165 Eius
1754 5109 1911 5185 tempore
1933 5120 1993 5166 rex
2017 5094 2128 5167 lsra'el
2150 5108 2185 5165 et
2201 5093 2324 5189 Syriae
2347 5106 2531 5166 vastarunt

507 5197 627 5265 decem
656 5195 789 5281 trihus,
821 5208 856 5268 et
882 5193 1040 5268 Ecclesia
1062 5210 1273 5268 crescentem
1294 5198 1490 5288 potentiam
1543 5193 1728 5281 Iudaeam,
1768 5209 1802 5264 et
1835 5194 2087 5292 lerosolymam
2117 5197 2341 5268 obsederunt
2407 5188 2530 5265 Achae

507 5295 653 5367 illorum
683 5319 874 5386 regnorum
903 5298 1042 5388 magnis
1065 5296 1322 5369 calamitatibus
1348 5310 1490 5390 experta
1541 5297 1650 5387 igitur
1680 5295 1829 5386 spoliato
1852 5299 2005 5385 templo,
2045 5298 2207 5368 mercede
2229 5295 2394 5369 invitavit
2415 5294 2530 5392 Assy-

506 5410 569 5471 εκ.
621 5395 693 5469 Sed
706 5398 791 5468 vicit
804 5414 942 5480 tamen,
969 5396 1149 5469 conversis
1172 5398 1313 5485 regibus
1329 5401 1372 5468 ad
1388 5401 1489 5489 agni·
1540 5400 1633 5483 rios,
1674 5410 1713 5467 ut
1741 5394 1813 5483 regi
1842 5392 1950 5468 lsrael
1980 5413 2016 5471 et
2038 5398 2163 5495 Syriae
2187 5401 2321 5469 bellum
2344 5400 2532 5473 inferrent.

504 5501 640 5572 tionem
654 5499 730 5571 veri
746 5497 813 5569 Dei
824 5498 1118 5591 Nabogdonosor,
1143 5491 1253 5567 Dario
1267 5496 1396 5581 Medo,
1416 5498 1490 5596 Cy·
1540 5498 1691 5590 Propter
1711 5489 1803 5564 hanc
1824 5499 2025 5574 societatem
2048 5502 2258 5591 obiurgatus
2281 5513 2332 5573 est
2349 5496 2469 5572 Achae
2484 5500 2532 5571 ab

504 5628 565 5690 ro,
589 5616 624 5673 et
641 5602 733 5673 aliis.
1538 5596 1656 5670 Esaia.

607 5693 773 5783 Ozias,
799 5702 900 5773 cuius
915 5700 1115 5772 etalterum
1136 5720 1268 5768 nomen
1292 5714 1344 5772 est
1367 5694 1487 5768 Azo-
1640 5694 1826 5788 Regnante
1849 5700 1985 5791 Achae,
2024 5728 2120 5776 anno
2147 5704 2263 5797 primo
2287 5702 2323 5777 7.
2339 5698 2534 5801 Olympia·

508 5800 550 5866 ri
555 5825 624 5887 as,
652 5802 813 5892 regnavit
829 5803 867 5869 in
884 5801 973 5872 luda
988 5821 1101 5870 annos
1116 5799 1372 5894 quinquaginta
1386 5803 1486 5870 duos.
1538 5798 1594 5871 dis
1606 5797 1784 5873 Romulus
1797 5816 1831 5875 et
1843 5801 1980 5878 Remus
1992 5802 2307 5879 condereRomam
2325 5821 2536 5900 coeperunt,
