6025 6775
490 630 562 705 859
732 611 941 697 SCRIPTA
967 612 1044 687 PH.
1071 606 1189 686 MEL.
1214 605 1283 690 AD
1308 605 1438 720 lllST.
1461 599 1610 696 Phor.
1635 597 1704 678 ΕΤ
1728 601 1921 682 PlllLOS.
1948 605 2271 688 SPECTANTIA.
2400 633 2402 640 ·
2440 615 2517 692 000

495 800 610 894 coepit
634 810 668 867 et
689 791 859 866 destruxit
876 788 950 879 ipse
965 783 1181 868 Samariam,
1205 804 1312 876 quam
1327 779 1476 851 obsede·
1527 771 1667 846 Horum
1690 797 1771 846 cum
1789 789 1824 847 et
1838 778 2034 852 multitudo
2049 795 2085 855 et
2098 785 2255 876 potentia
2270 807 2396 878 magna
2412 798 2517 875 esset,

496 920 551 975 rat
572 899 686 973 totum
707 913 859 974 annum,
883 902 916 958 et
939 883 1110 976 templum
1131 882 1181 954 ibi
1199 882 1383 952 conditum
1398 893 1478 971 post
1527 873 1619 945 inter
1640 869 1848 947 Pharisaeos
1875 892 1910 950 et
1933 879 2030 972 ipsos
2050 886 2202 957 adsidua
2222 888 2411 959 certamina
2434 888 2516 957 iue-

498 1001 735 1075 Alexandrum
756 991 801 1061 ab
824 988 943 1078 impiis
963 984 1105 1059 delevit.
1155 981 1282 1074 Coepit
1296 996 1329 1053 et
1346 981 1476 1074 oppida
1527 989 1633 1062 runt,
1665 979 1759 1048 unde
1789 992 1825 1050 et
1856 978 1893 1049 in
1917 984 2180 1070 gubernatione
2202 988 2318 1059 crebri
2340 990 2515 1061 tumultus

498 1102 667 1199 quaedam
687 1097 725 1163 in
745 1092 874 1162 finibus
888 1087 1012 1182 Syriae
1025 1100 1060 1157 et
1075 1084 1273 1158 Idumaeae.
1294 1145 1303 1160 .
1323 1080 1395 1154 Sed
1411 1082 1477 1152 sub
1528 1076 1600 1147 orti
1619 1091 1712 1152 sunt.
1762 1070 1828 1151 Est
1848 1094 1963 1152 autem
1979 1077 2155 1157 horribile
2171 1089 2390 1184 exemplum,
2414 1089 2516 1185 quod

497 1217 559 1283 eo,
583 1202 621 1267 in
642 1197 705 1265 illa
727 1194 839 1283 gentis
856 1189 1017 1259 ludaieae
1038 1199 1193 1268 senecta,
1218 1185 1313 1255 inter
1334 1184 1425 1253 bella
1442 1195 1479 1253 et
1529 1177 1568 1246 io
1589 1190 1661 1248 tam
1682 1178 1808 1267 exiguo
1827 1182 1958 1273 populo
1974 1208 2048 1255 non
2063 1188 2181 1258 solum
2197 1191 2404 1264 dilaceratio
2417 1202 2517 1262 tanta

496 1306 534 1372 in
563 1297 793 1390 permixtione
809 1287 1046 1363 Ethnicorum
1067 1287 1255 1357 dilacerata
1277 1298 1329 1355 est
1346 1282 1476 1354 ludaea
1529 1278 1644 1369 gentis
1658 1279 1747 1349 facta
1763 1292 1827 1366 est,
1852 1284 1911 1351 sed
1926 1284 2029 1356 etiam
2043 1288 2204 1361 doctrina
2218 1306 2297 1363 tam·
2308 1292 2405 1362 varie
2422 1316 2442 1362 a
2458 1312 2516 1361 se·

496 1402 609 1474 sectis.
686 1394 879 1484 Praecipue
909 1413 992 1460 vero
1023 1388 1256 1458 nominantur
1286 1381 1479 1471 Pharisaei,
1529 1380 1594 1449 ctis
1610 1393 1776 1474 corrupta
1791 1393 1855 1453 est.
1892 1380 2053 1479 Denique
2067 1391 2161 1482 quod
2177 1386 2413 1484 prophanitas
2426 1393 2516 1464 adeo

495 1497 693 1573 Zaddumi
709 1508 743 1567 et
760 1491 870 1564 Emi,
1528 1480 1663 1571 crevit,
1687 1494 1729 1552 ut
1750 1495 1865 1553 essem
1886 1484 1927 1554 in
1950 1481 2017 1558 hoe
2038 1491 2190 1580 populo,
2214 1492 2275 1587 qui
2294 1517 2430 1564 nomen
2448 1487 2518 1563 ha·

597 1598 677 1670 Etsi
697 1610 814 1668 autem
837 1617 968 1664 nomen
984 1584 1274 1660 Pharisaeorum
1297 1587 1409 1681 aliqui
1423 1587 1478 1658 ie·
1529 1580 1637 1653 bebat
1649 1576 1828 1653 Ecclesiae
1839 1580 1926 1672 Dei,
1951 1588 2015 1682 qui
2028 1589 2143 1680 palam
2155 1592 2352 1683 epicuraeas
2367 1593 2520 1686 opinio-

498 1717 620 1774 cerunt
646 1724 667 1770 a
694 1696 949 1788 segregatione,
981 1706 1099 1763 tarum
1122 1691 1227 1762 multi
1248 1689 1411 1760 derivant
1432 1689 1478 1759 ab
1529 1703 1592 1751 nes
1615 1682 1865 1760 defendebant.
1914 1684 2118 1784 Plerunque
2137 1706 2251 1763 autem
2273 1695 2412 1786 pessimi
2428 1687 2519 1787 Hy·

498 1801 724 1895 exponendo,
757 1797 820 1890 qui
847 1795 1006 1866 iudicant
1025 1788 1233 1861 Pharisaeos
1258 1791 1371 1861 dictos
1393 1811 1479 1875 esse,
1529 1783 1688 1874 pocritae
1709 1799 1917 1876 arroganter
1939 1789 2008 1861 sibi
2023 1789 2289 1881 gloriosissimas
2301 1794 2520 1887 appellatio-

497 1903 598 1997 quasi
622 1899 833 1990 expositores
853 1918 914 1965 seu
936 1896 1144 1984 interpretes
1158 1892 1369 1983 scriptomm
1394 1914 1477 1982 pro-
1530 1905 1593 1953 nes
1622 1884 1798 1959 trihuunt.
1857 1885 1913 1959 lta
1936 1890 2141 1963 Zadducaei
2171 1895 2398 1967 nominarunt
2428 1917 2466 1964 se
2494 1915 2520 1962 a

497 2000 733 2097 pharisaeum.
789 1993 838 2067 Et
852 1991 978 2065 horum
994 2016 1125 2063 nomen
1139 1992 1320 2086 untiquius
1335 1992 1479 2063 caeteris
1529 1983 1682 2067 zaetis,
1712 1988 1809 2081 quod
1834 1988 2048 2076 esulanus,
2080 1995 2181 2087 quui
2204 1997 2373 2069 nominati
2395 2006 2519 2065 essens

497 2106 651 2174 videtur.
708 2096 758 2167 Hi
773 2121 846 2165 non
860 2096 1062 2165 abiecerunt
1074 2094 1185 2164 libros
1199 2088 1424 2188 propheticos
1437 2106 1479 2166 ut
1528 2084 1614 2157 31¹⁸st
1635 2108 1698 2157 ⁸⁸¹1
1712 2088 1914 2178 justiciarii.
1963 2092 2039 2162 Alii
2059 2095 2222 2169 fecerunt
2239 2097 2324 2168 alias
2339 2095 2519 2192 etymolo-

497 2200 714 2284 Zaddueaei,
739 2199 800 2268 sed
820 2196 1116 2267 transformarunt
1130 2193 1328 2266 doctrinam
1341 2194 1428 2284 legis
1444 2208 1478 2265 et
1528 2186 1623 2277 gias,
1647 2211 1734 2279 quas
1750 2190 1886 2263 omitto.

496 2302 765 2397 promissionem
795 2320 937 2389 prorsus
966 2297 1005 2364 in
1030 2294 1211 2388 politicam
1238 2318 1300 2365 seu
1317 2289 1478 2388 philoso-
1630 2283 1762 2381 Emi,
1792 2291 1830 2360 ld
1853 2305 1925 2374 αἱ,
1954 2287 2140 2385 Ορθηῑίῐς
2165 2300 2213 2370 ab
2235 2301 2323 2385 Asa,
2348 2319 2440 2392 quos
2461 2298 2516 2366 sic

498 2401 638 2497 phicam
673 2395 883 2477 doctrinam,
931 2392 1108 2467 Dixerunt
1136 2397 1211 2486 lege
1239 2391 1307 2466 Dei
1338 2410 1477 2469 tantum
1528 2389 1642 2461 dictos
1664 2413 1739 2462 esse
1763 2405 1926 2484 apparet,
1950 2396 2031 2489 quia
2052 2420 2131 2468 sum
2153 2400 2317 2470 viderent
2337 2400 2428 2469 alios
2446 2397 2515 2467 ad·

499 2522 677 2575 externam
691 2498 915 2592 disciplinam
939 2496 1110 2587 praecipi,
1133 2510 1168 2568 et
1188 2492 1351 2569 homines
1370 2499 1477 2569 disci.
1529 2490 1639 2560 sidnis
1673 2493 1961 2564 contentionibus
1992 2499 2191 2587 perturbare
2218 2497 2515 2592 Rempublicam,

498 2605 597 2698 plina
624 2600 753 2671 mereri
772 2598 1014 2669 remissionem
1039 2610 1278 2689 peccatorum,
1309 2614 1344 2672 et
1367 2599 1478 2688 iustos
1528 2603 1563 2661 et
1590 2590 1743 2663 retinere
1765 2594 1857 2666 vitae
1881 2595 2157 2687 turpitudinem,
2186 2601 2417 2684 ambitiones,
2452 2600 2515 2667 lu-

498 2728 574 2776 ,με
585 2697 798 2785 cornaliso,
823 2712 858 2772 et
870 2694 1037 2769 haeredes
1050 2710 1210 2769 aeternae
1224 2700 1327 2774 vitae,
1378 2698 1478 2786 Item,
1527 2715 1630 2779 xum,
1654 2694 1737 2763 odia
1764 2709 1799 2766 et
1823 2696 1892 2766 alia
1913 2696 2023 2781 vicia,
2050 2697 2120 2788 ipsi
2140 2716 2290 2772 amantes
2309 2699 2515 2771 modestiae

498 2804 675 2878 Sacrificio
705 2801 833 2871 mereri
863 2800 1103 2869 remissionem
1131 2813 1364 2891 peccatorum.
1429 2797 1478 2874 Et
1529 2806 1563 2864 et
1581 2794 1695 2887 pacis,
1721 2797 1955 2868 discesserunt
1972 2800 2018 2869 ab
2034 2799 2126 2882 illis,
2150 2813 2184 2870 et
2199 2803 2447 2884 ostenderunt,
2476 2822 2517 2869 se

497 2908 711 2977 addiderunt
725 2904 836 2974 multa
849 2900 1012 2971 exercitia
1026 2902 1317 2994 ceremoniarum,
1343 2903 1477 2975 ieiunia
1529 2895 1633 2965 bonis
1645 2897 1821 2986 operibus,
1846 2922 1919 2967 non
1933 2897 2029 2984 rixis,
2055 2901 2146 2969 velle
2155 2897 2231 2972 Deo
2245 2902 2387 2973 servire.
2439 2897 2515 2969 Sed

497 3005 715 3088 erlotiones',
740 3026 830 3093 quae
846 3001 913 3094 ipsi
928 3001 1122 3086 finxerunt,
1147 3017 1188 3073 ut
1203 3004 1296 3094 apud
1313 3001 1476 3074 nosMo.
1529 3020 1609 3066 cum
1639 2998 1741 3088 pauci
1771 3013 1904 3083 essent,
1936 3022 2001 3068 nec
2030 3014 2190 3091 peterent
2218 3001 2514 3092 gubernationem

496 3102 615 3181 nachi.
662 3101 717 3175 De
732 3099 873 3174 nussia
896 3104 1110 3187 docuemnt,
1135 3115 1388 3193 occupaturum
1403 3128 1477 3176 esse
1510 3094 1776 3197 Reipublicae,
1821 3114 2036 3171 secesserunt
2064 3103 2110 3171 ad
2140 3102 2219 3173 loca
2251 3103 2367 3173 vicina
2399 3097 2512 3171 hortis

495 3206 708 3302 provincias.
765 3204 991 3296 Negaverunt
1011 3201 1178 3273 Messium
1199 3205 1276 3274 sore
1298 3204 1475 3275 victimam
1528 3197 1676 3266 balsami
1706 3212 1741 3269 el
1764 3200 1973 3290 palmarum·
2033 3198 2091 3273 lbi
2114 3217 2150 3275 et
2171 3204 2360 3276 coluerunt
2379 3199 2512 3284 h⁰rl⁰b

497 3313 541 3381 ad
565 3309 771 3402 ,pacandam
793 3308 882 3377 iram
905 3304 983 3376 Dei.
1048 3305 1254 3375 Amiaemnt
1278 3305 1475 3378 doctrinam
1527 3310 1561 3367 et
1582 3305 1693 3369 artem
1709 3300 1881 3371 medicam
1896 3302 2114 3384 didicerunt,
2142 3319 2177 3376 et
2193 3306 2513 3397 remediaappara-

445 3466 449 3473 .
496 3416 540 3481 de
565 3423 691 3481 natura
712 3410 833 3480 divina
848 3407 1017 3490 Messias,
1042 3429 1132 3498 quae
1155 3407 1302 3500 loquuta
1324 3423 1375 3480 est
1395 3432 1476 3478 com
1527 3410 1633 3487 runt,
1664 3413 1700 3471 et
1727 3424 1808 3471 cum
1837 3403 2019 3477 laboribus
2047 3406 2311 3494 medicationis,
2343 3408 2514 3501 quisunt

496 3511 660 3581 Patribus
681 3524 714 3580 et
729 3504 935 3602 Prophetis,
959 3520 994 3578 et
1007 3529 1144 3598 semper
1159 3508 1273 3579 adsuit
1287 3504 1477 3580 Ecclesiae.
1528 3501 1648 3593 magni
1669 3514 1703 3572 el
1719 3503 1829 3592 grati,
1854 3517 1929 3575 tum
1944 3506 2022 3575 aliis
2035 3508 2154 3578 moltis
2171 3510 2297 3580 officiis
2312 3507 2513 3579 beneticen-

496 3609 671 3680 Bcneficia
695 3608 845 3681 Messiae
868 3610 1091 3680 somniarunt
1118 3605 1204 3679 haec
1228 3609 1320 3680 fore:
1353 3608 1475 3702 Ipsum
1529 3603 1616 3673 tiam
1637 3624 1717 3693 erga
1736 3605 1867 3676 multos
1880 3628 1919 3675 re
1934 3606 2008 3697 ipsa
2025 3623 2275 3693 exercuerunt,
2299 3609 2513 3702 ἆῐψῦῑδίῖθ·

497 3712 596 3782 mille
615 3733 726 3779 annos
749 3710 786 3777 in
811 3705 878 3780 hoe
896 3711 1030 3779 mundo
1056 3709 1231 3781 viventem
1249 3724 1475 3801 regnaturum
1529 3727 1616 3775 num
1630 3705 1783 3774 vanitate
1794 3706 1932 3780 omissa.
1974 3704 2243 3782 Distribuerunt
2258 3711 2353 3780 diem
2366 3710 2406 3781 io
2420 3723 2512 3783 tem-

497 3835 590 3891 esse,
624 3810 699 3898 lege
719 3807 829 3880 Moisi
861 3810 1023 3902 imposita
1052 3810 1232 3897 gentibus,
1265 3825 1301 3882 et
1328 3790 1477 3882 ludaeos
1529 3792 1615 3896 pore
1631 3829 1793 3897 precum,
1818 3806 2027 3893 lectionum,
2051 3811 2237 3898 laborum,
2262 3811 2332 3881 cibi
2348 3826 2384 3883 et
2399 3825 2513 3904 potus.

496 3916 571 3982 sore
593 3911 749 4002 gentium
773 3911 964 4003 principes,
989 3923 1023 4005 et
1044 3909 1234 3999 longaevos
1250 3910 1476 3982 foretresen·
1528 3905 1644 3978 Lucra
1670 3907 1775 3975 etium
1802 3908 2028 3979 contulerunt
2058 3910 2097 3979 in
2123 3936 2311 3983 commune
2335 3913 2514 3983 aerarium

495 4029 612 4086 turum
630 4025 689 4083 aut
703 4013 1039 4107 quadringentorum
1053 4035 1248 4098 annorum,
1273 4013 1475 4083 etsuturam
1529 4008 1606 4077 sine
1631 4008 1898 4097 superstitione,
1930 4023 1970 4080 ut
1994 4010 2077 4079 inde
2100 4014 2228 4083 suiset
2249 4012 2328 4082 aliis
2351 4008 2515 4085 honestis

497 4139 569 4185 esse
589 4115 727 4184 dulcem
750 4139 869 4206 pacem
894 4130 928 4185 et
946 4137 1086 4186 auream
1105 4126 1252 4184 aetatem
1269 4113 1307 4181 in
1326 4126 1401 4184 toto
1417 4135 1477 4203 ge·
1529 4108 1568 4177 in
1588 4120 1738 4195 egestate
1758 4121 1793 4178 et
1815 4108 1853 4175 in
1873 4111 2007 4180 morbis
2025 4112 2292 4202 opitularentur.
2341 4110 2517 4208 Denique

495 4239 581 4285 nere
610 4211 776 4287 humano.
826 4213 953 4287 Postea
984 4227 1216 4306 sequutumm
1246 4236 1319 4286 esse
1340 4227 1477 4306 postre-
1528 4203 1658 4280 Schola
1677 4206 1910 4294 luitmedica‚
1935 4224 1968 4281 et
1985 4212 2184 4285 eruditione
2197 4225 2229 4282 et
2243 4212 2413 4302 exemplis
2430 4216 2519 4282 vir-

494 4341 593 4388 mum
617 4316 804 4401 iudicium,
829 4316 868 4385 in
890 4341 962 4411 quo
983 4310 1101 4383 hostes
1124 4316 1247 4404 populi
1264 4316 1476 4386 ludaeorum
1528 4321 1654 4384 tutum·
1667 4309 1849 4381 excellens.
1901 4309 1945 4380 ln
1957 4309 2113 4384 Eusebio
2133 4313 2276 4401 legitur,
2300 4311 2415 4381 dictos
2435 4338 2518 4385 esse

495 4419 533 4489 in
557 4431 717 4489 aeternas
738 4440 867 4508 poenas
889 4416 1089 4487 abiecturus
1108 4428 1213 4502 esset,
1236 4429 1270 4487 et
1285 4417 1357 4487 suis
1373 4418 1492 4507 datu-⁸
1530 4411 1630 4505 quasi
1654 4408 1914 4505 θεωρητικούς.
1964 4410 2013 4486 Et
2033 4415 2174 4484 dicitur:
2199 4406 2393 4509 ὑπέρτεροι
2416 4412 2515 4510 σφό-

494 4534 708 4591 rusaeterna
726 4522 832 4592 hona.
1529 4507 1604 4604 δρα
1632 4515 1712 4582 τῶν
1739 4508 1969 4608 φαρισαίων,
2003 4516 2039 4585 id
2068 4527 2136 4594 est,
2167 4515 2274 4601 longe
2295 4517 2514 4586 antecellen-

599 4614 818 4688 Zudducoei
843 4630 921 4711 post
947 4610 1156 4687 Pharisaeos
1186 4617 1276 4701 orti,
1315 4638 1477 4708 magnam
1530 4613 1635 4683 tiores
1657 4608 1865 4684 Pharisaeis.
1913 4615 2069 4708 Apparet
2088 4628 2207 4686 autem
2225 4610 2423 4686 Eusebium
2446 4642 2515 4688 no-

496 4721 689 4808 potentiam
720 4720 757 4786 in
787 4719 920 4810 populo
948 4717 1066 4809 adepti
1088 4732 1189 4803 sunt,
1218 4717 1356 4811 fuitque
1379 4730 1477 4808 mata
1529 4735 1612 4782 men
1636 4712 1758 4783 iecisse
1779 4716 1825 4786 ab
1838 4712 1929 4804 Aza,
1955 4717 2051 4812 quod
2067 4729 2137 4802 est,
2165 4716 2404 4803 considerare,
2431 4741 2515 4811 spe-

496 4817 680 4909 prolessio.
733 4815 826 4905 Quia
849 4841 929 4886 curn
943 4813 1123 4888 Pharisaei
1143 4817 1251 4888 nimis
1269 4818 1479 4890 multistra·
1530 4812 1651 4884 culari.

497 4915 694 4988 ditionibus
717 4931 921 4987 onerassent
937 4918 1130 5009 populum,
1155 4916 1193 4989 hi
1208 4920 1478 4991 leceruntlaxa·
1629 4911 1833 4989 Dolendum
1857 4933 1908 5011 est
1927 4932 2065 5007 autem,
2103 4921 2301 5014 quodcum
2322 4918 2514 4991 manifesto

496 5018 622 5089 tiones.
660 5013 712 5089 Ac
729 5042 803 5090 uon
819 5019 934 5089 solum
947 5018 1156 5093 traditiones
1168 5015 1382 5114 pharisaicas
1397 5020 1479 5092 abs-
1529 5016 1662 5091 auxilio
1683 5014 1752 5089 Dei
1773 5016 1902 5091 iudaea
1927 5022 2071 5092 detensa
2093 5023 2259 5092 adversus
2276 5013 2514 5104 Antiochum,

496 5119 676 5203 tulerunt,
701 5123 761 5191 sed
783 5120 887 5192 etiam
910 5119 1115 5196 abiecerunt
1129 5117 1324 5214 Prophetas
1346 5143 1479 5208 omnes,
1530 5132 1564 5191 et
1588 5122 1730 5191 tandem
1753 5120 1900 5191 liberata
1914 5136 2021 5205 esset,
2047 5145 2129 5194 mox
2145 5123 2183 5191 in
2200 5127 2284 5213 pace
2299 5120 2515 5211 opinionum

495 5232 634 5314 praeter
650 5219 802 5292 Moisen.
853 5219 961 5292 Hunc
984 5249 1096 5296 unum
1121 5247 1159 5294 se
1180 5222 1346 5315 amplecti
1366 5222 1478 5295 simu·
1529 5219 1686 5291 dissidiis
1700 5221 1887 5292 dilacerata
1900 5237 1965 5299 est.
2014 5221 2140 5294 Postea
2154 5222 2258 5294 etiam
2273 5219 2362 5294 bella
2377 5219 2517 5304 civilia,

495 5324 637 5407 labant,
670 5336 705 5392 et
723 5336 842 5393 tamen
865 5338 1083 5412 negaverunt
1103 5323 1240 5395 animas
1259 5344 1333 5395 esse
1352 5345 1479 5414 super·
1529 5336 1565 5394 et
1592 5322 1710 5393 statim
1731 5322 1881 5391 fratrum
1905 5324 2095 5414 parricidia
2116 5337 2265 5418 sequuta
2285 5322 2378 5394 mni.
2435 5317 2516 5391 Hae

495 5425 593 5497 stitus
614 5423 778 5495 extinctis
793 5426 1012 5516 corporibus.
1063 5422 1335 5514 Negaveruntet
1351 5448 1478 5516 eorpo-
1529 5422 1742 5494 calamitates
1756 5426 1922 5513 postremi
1936 5425 2106 5518 temporis
2122 5426 2160 5494 in
2177 5421 2306 5497 Iudaea
2322 5435 2407 5493 sunt
2424 5422 2516 5492 ima·

494 5548 574 5598 rum
599 5528 676 5598 sore
697 5524 1011 5600 resuscitationem.
1070 5520 1247 5596 Dixerunt
1268 5537 1385 5598 autem
1407 5522 1478 5616 legi
1528 5544 1573 5613 go
1588 5534 1761 5592 extremae
1775 5537 1934 5598 senectae
1947 5524 2087 5599 muudi.
2127 5523 2177 5599 Ut
2190 5538 2307 5597 autem
2320 5536 2408 5595 tune
2423 5523 2518 5595 inter

495 5629 813 5720 obtemperandum
840 5648 931 5711 esse,
963 5623 1047 5717 quia
1075 5622 1275 5699 obedientia
1301 5639 1478 5698 mereatur
1528 5635 1583 5694 tot
1603 5631 1713 5692 sectas
1732 5635 1768 5702 et
1786 5624 1881 5697 bella
1894 5624 2109 5700 mirabiliter
2122 5623 2219 5698 Deus
2234 5625 2372 5721 aliquas
2386 5620 2517 5698 Eccle-

494 5732 787 5825 trauquillitatem
802 5723 911 5798 huius
923 5723 1028 5814 vitae,
1052 5737 1088 5799 et
1102 5725 1477 5820 coutumaciapoenas,
1527 5719 1599 5793 siae
1626 5721 1794 5818 reliquias
1815 5727 1986 5817 servavit,
2016 5741 2057 5801 ut
2078 5728 2225 5800 fuerunt
2245 5725 2414 5814 Simeon,
2448 5724 2519 5798 Za-
