6025 6775
404 632 481 705 745
1112 620 1141 697 1.
1181 622 1473 701 cuuostcou
1504 617 1752 714 camnis.
2050 637 2053 646 ·
2368 666 2442 742 74,

374 861 377 866 .
400 826 553 895 quorum
570 800 607 871 lit
626 799 760 870 mentio
775 798 811 866 in
828 790 1030 892 prophetica
1046 786 1210 880 historia,
1239 818 1394 889 quorum
1420 803 1425 834 '
1448 817 1517 888 que
1533 799 1728 885 mundum,
1754 816 1789 873 et
1806 809 2012 886 nominatur
2024 813 2365 916 Melchisedec,
2397 860 2438 906 ac

400 905 525 974 seriem
543 904 582 971 in
598 912 788 992 conspectu
803 894 931 970 habere
948 893 1034 964 utile
1050 908 1111 968 est,
1445 897 1535 967 rexit
1552 899 1744 989 oppidum,
1772 912 1866 999 quod
1881 928 1999 1003 postea
2016 920 2149 992 dictum
2166 940 2218 998 est
2235 925 2435 1012 Ierusalem.

1444 992 1711 1087 EtAbrabam,
1738 1009 1798 1098 qut
1823 1026 1897 1082 erat
1919 1015 1958 1085 in
1980 1019 2097 1091 vicina
2119 1026 2207 1096 urbe
2227 1028 2431 1118 Hebron,

1443 1122 1533 1191 quae
1554 1125 1573 1169 a
1592 1100 1805 1200 ierosolyma
1826 1113 1979 1187 distabat
2001 1120 2140 1194 circiter
2165 1129 2322 1224 quinque
2339 1134 2432 1206 Ger-

496 1083 557 1148 De
579 1079 807 1162 Abrohom,
835 1081 876 1142 et
896 1076 942 1142 dc
963 1073 1296 1141 circumcisione.

500 1203 550 1275 Ut
573 1203 840 1293 patefactionem
868 1198 1073 1267 divinarum
1093 1199 1218 1281 series,
1260 1212 1294 1268 et
1316 1211 1391 1270 tota
1441 1201 1579 1272 manica
1597 1204 1762 1281 miliaria.
1814 1210 1901 1282 ltem
1918 1214 2013 1289 Loth
2029 1234 2062 1291 et
2077 1220 2284 1300 Abimelech
2306 1259 2367 1304 rex
2390 1239 2429 1307 in

397 1306 548 1378 historia
573 1302 746 1373 Ecclesiae
769 1301 990 1391 conspectior
1012 1312 1118 1380 esset,
1151 1297 1246 1369 Deus
1268 1301 1390 1390 singu·
1442 1298 1595 1389 Gerare,
1620 1330 1710 1400 quae
1728 1311 1881 1383 distabat
1895 1318 1939 1385 ab
1954 1316 2104 1394 Hebron
2119 1327 2257 1400 circiter
2272 1336 2344 1404 duo
2361 1339 2429 1408 mi-

394 1413 461 1480 lari
481 1405 625 1477 consilio
642 1396 865 1471 monarchias
882 1414 916 1470 et
933 1397 1107 1485 instituit,
1140 1415 1175 1469 et
1189 1414 1291 1470 notas
1314 1425 1387 1472 esse
1438 1401 1540 1472 liaria
1558 1402 1784 1487 Germanica.
1835 1410 1883 1486 Et
1897 1421 2000 1494 multi
2015 1424 2078 1493 alii
2093 1444 2308 1518 praestantes
2323 1436 2403 1512 viri.

394 1511 518 1580 voluit.
569 1502 688 1592 Quare
703 1518 890 1594 postquam
916 1500 1114 1590 catalogum
1140 1524 1263 1590 regum
1278 1497 1387 1573 Chal-

394 1615 559 1682 daeorum
577 1617 612 1674 et
630 1599 856 1697 Assyriorum
880 1602 1036 1672 breviter
1057 1603 1235 1690 recensui,
1262 1626 1385 1673 rursus
1711 1586 1771 1653 De
1795 1608 1925 1674 ΡθθΜ
1945 1596 2152 1671 S⁰d⁰mao

393 1711 567 1787 dicamus,
595 1727 684 1799 quae
700 1717 734 1775 et
746 1702 810 1773 ubi
827 1703 934 1773 suerit
948 1698 1119 1777 Ecclesia.
1170 1699 1312 1774 Dictum
1334 1719 1385 1776 est
1524 1700 1640 1773 simu
1655 1719 1770 1777 autem
1787 1713 1988 1788 consideres
2003 1722 2201 1797 testimonia
2217 1735 2423 1821 patefactio.

391 1826 526 1894 autem,
566 1800 733 1877 Abrabae
763 1804 1010 1894 migrationem
1033 1805 1071 1872 in
1092 1818 1221 1874 terram
1237 1802 1383 1875 Canaen
1434 1826 1521 1872 num
1542 1804 1758 1877 divinarum.
1808 1808 1943 1884 Eodem
1962 1842 2079 1907 anno,
2105 1849 2175 1917 qno
2192 1829 2349 1907 instituta
2370 1854 2422 1910 eat

389 1912 550 1982 incidere
573 1910 612 1977 in
634 1921 792 1996 tempora
811 1903 1162 1990 liliiSemiramidos‚
1195 1905 1278 2000 quia
1299 1919 1383 1976 ωηο
1433 1905 1671 1990 circumcisio,
1718 1921 1753 1979 et
1780 1914 1964 1985 manifesta
1990 1922 2160 1997 miracula
2184 1932 2302 2003 addita
2325 1952 2420 2013 sunt.

389 2014 456 2083 sub
471 2033 552 2100 rege
567 2009 695 2099 ignavo
712 2021 745 2077 et
768 2007 878 2098 impio
902 2018 1087 2076 creverunt
1106 2019 1140 2076 et
1159 2008 1325 2077 tenebrae
1348 2019 1381 2076 et
1432 2002 1535 2075 Anus
1550 2005 1691 2089 effoeta,
1715 2020 1749 2077 et
1765 2033 1852 2101 quae
1868 2026 1970 2085 antea
1988 2020 2100 2094 lucrat
2116 2030 2262 2115 sterilis,
2286 2035 2324 2105 fit
2339 2059 2421 2125 gras

389 2112 550 2210 tyrannis
566 2123 688 2180 contra
708 2109 795 2199 pios.
847 2103 900 2176 Ac
919 2100 1065 2176 historia
1087 2107 1382 2200 peregrinationis
1432 2106 1534 2186 vida,
1562 2120 1595 2175 et
1611 2109 1813 2180 confirmata
1828 2124 1880 2181 est
1895 2109 2050 2190 Ecclesia
2066 2126 2277 2203 dulcissimis
2293 2159 2417 2206 conso.

389 2217 527 2302 legatur
557 2213 596 2280 in
620 2209 731 2282 Mose.
798 2205 872 2278 Nos
901 2206 1056 2279 breviter
1083 2222 1243 2300 tempora
1265 2232 1381 2278 anno·
1431 2206 1635 2278 lationibus.
1704 2208 1791 2279 Mox
1820 2214 1940 2285 addita
1968 2235 2052 2291 sunt
2080 2239 2114 2295 et
2142 2231 2209 2299 alia
2235 2236 2419 2325 miracula,

392 2328 520 2386 mnus,
1431 2331 1521 2400 quae
1536 2321 1618 2377 sunt
1633 2311 1790 2401 exempla
1811 2313 1884 2384 irae
1897 2313 1983 2399 Dei,
2015 2324 2145 2415 quibus
2159 2326 2254 2400 Deus
2274 2347 2418 2409 testatus

492 2414 600 2488 Αηηο
623 2409 750 2480 mundi
770 2408 825 2480 bis
853 2408 1043 2477 millesimo
1076 2408 1242 2480 vicesimo
1275 2408 1379 2481 tertio
1430 2420 1501 2493 est,
1528 2432 1563 2477 se
1580 2432 1719 2502 servare
1734 2408 1948 2503 Ecclesiam,
1974 2433 2009 2490 et
2024 2426 2232 2513 puniturum
2253 2457 2326 2505 esse
2349 2439 2419 2505 im-

391 2510 575 2585 Abraham
601 2537 640 2582 ex
661 2510 1027 2593 Haran,.notissima
1049 2510 1137 2580 urbe
1160 2512 1198 2579 in
1221 2506 1379 2581 historiis
1430 2510 1518 2597 pins.
1571 2508 1675 2579 Tunc
1691 2512 1786 2581 enirn
1802 2509 2023 2591 horribiliter
2036 2521 2132 2596 Deus
2150 2547 2292 2623 propter
2311 2550 2417 2611 tetras

392 2616 451 2711 (in
475 2614 601 2708 quibus
625 2614 832 2694 nominatur
853 2598 1083 2695 Chartae,
1117 2624 1152 2681 et
1175 2612 1305 2682 iactum
1329 2624 1379 2681 est
1429 2611 1621 2681 libidinum
1637 2614 1861 2685 confusiones
1873 2618 2025 2690 flammis
2038 2626 2082 2695 de
2097 2631 2196 2699 coelo
2211 2637 2339 2725 sparsis
2356 2640 2419 2709 de-

390 2738 522 2786 nomen
538 2715 583 2783 ab
599 2710 714 2804 aestu)
731 2710 882 2779 venitin
896 2710 1198 2797 terramCanaan‚
1223 2712 1287 2782 ubi
1305 2712 1379 2803 pri·
1429 2711 1514 2782 levit
1535 2714 1640 2780 urbes
1664 2708 1930 2803 Sodomam,
1964 2715 2255 2821 Gomorram,
2289 2732 2418 2809 Adae.

390 2840 489 2886 mum
504 2816 579 2885 eius
593 2813 814 2884 domicilium
830 2811 898 2884 fuit
912 2813 952 2881 in
965 2806 1124 2895 Sichem,
1156 2837 1245 2906 quae
1261 2814 1377 2882 vicina
1428 2834 1560 2896 mom,
1586 2807 1767 2882 Seboim
1792 2831 1827 2888 et
1851 2811 2013 2911 Segor,
2044 2851 2193 2918 quarum
2218 2837 2332 2907 ruinis
2354 2841 2418 2909 de-

390 2917 459 2989 luit
477 2915 531 2986 illi
553 2915 651 2995 loco,
685 2913 750 2984 ubi
772 2923 890 3003 postea
913 2909 1072 2982 Samaria
1096 2912 1183 2993 fuit,
1216 2927 1250 2983 et
1272 2914 1378 2982 uber·
1428 2913 1552 2980 mersis
1566 2912 1605 2980 in
1618 2926 1765 2998 terram,
1790 2917 1828 2985 in
1844 2942 1964 2988 earum
1979 2925 2124 2996 urbium
2138 2933 2220 3001 sede
2235 2936 2346 3008 iactus
2367 2953 2420 3011 est

390 3020 481 3090 rima
498 3009 596 3108 regio
611 3028 663 3086 est
679 3027 790 3085 terrae
804 3012 1010 3085 Palestinae.
1063 3011 1116 3083 Αο
1141 3026 1226 3084 ωηο
1242 3010 1377 3083 Abram
1429 3013 1526 3082 lacus
1565 3008 1731 3082 exhalans
1766 3018 1982 3105 perniciosos
2017 3024 2135 3097 fumos
2158 3026 2363 3129 Ἀσφαλτίτ
2386 3064 2416 3123 ς,

391 3133 465 3194 erat
503 3140 679 3190 annorum
721 3115 939 3206 septuaginta
974 3115 1143 3209 quinque.
1219 3113 1306 3184 lnde
1339 3116 1377 3183 in
1429 3115 1491 3206 qssi
1516 3114 1717 3184 extenditur
1738 3112 1959 3189 Germanicis
1989 3125 2189 3199 miliaribus
2219 3149 2309 3206 octo.
2402 3156 2419 3209 t

390 3216 588 3316 Aegyptum
610 3230 755 3311 propter
776 3217 904 3285 famem
927 3218 1104 3307 proiectus
1126 3232 1197 3303 est,
1236 3240 1276 3287 ac
1300 3230 1381 3308 post
1429 3214 1559 3285 Strabo
1579 3214 1711 3306 inquit:
1735 3213 1846 3288 nitier
1865 3217 1904 3290 ci
1923 3216 2127 3301 διακοσίων
2141 3228 2317 3309 σταδίων.
2368 3234 2417 3312 Et

390 3321 530 3417 aliquot
541 3343 653 3393 anno,
669 3317 787 3389 rediit,
1430 3328 1548 3385 manet
1564 3311 1671 3389 hodie
1683 3308 1752 3384 boc
1767 3317 1904 3391 illustre
1920 3327 2161 3401 testimonium
2178 3334 2251 3405 irae
2266 3335 2346 3415 Dei.
2433 3365 2435 3370 ·

418 3488 422 3495 .
492 3417 600 3493 Anno
617 3414 782 3491 Abrahae
797 3418 1024 3507 nonagesimo
1039 3444 1135 3490 neno
1154 3418 1313 3489 instituta
1329 3430 1380 3487 est
1531 3415 1681 3486 Prodest
1702 3429 1737 3487 et
1761 3421 1884 3490 seriem
1904 3439 2080 3498 annorum
2104 3437 2345 3522 considerare,
2376 3458 2418 3516 ut

392 3510 623 3607 circumcisio,
647 3547 726 3593 cum
741 3522 811 3590 iam
827 3520 1012 3612 aliquoties
1028 3522 1176 3612 repetita
1193 3534 1281 3588 esset
1297 3543 1380 3611 pro·
1430 3516 1610 3585 videamus
1626 3529 1825 3611 utrunque,
1852 3537 1886 3593 et
1906 3526 2029 3616 exiguo
2053 3544 2208 3623 tempore
2231 3534 2418 3614 bominum

393 3623 515 3695 missio
529 3624 573 3692 de
586 3633 734 3692 venturo
751 3622 902 3707 semine,
916 3633 1072 3715 ,prepter
1087 3623 1182 3714 quod
1198 3619 1294 3688 Deus
1311 3620 1380 3689 tol·
1429 3617 1558 3686 scelera
1574 3640 1699 3707 magna
1716 3619 1931 3694 incrementa
1947 3632 2137 3720 accepisse,
2161 3651 2195 3706 et
2203 3635 2318 3710 Deum
2333 3644 2419 3714 sub-

392 3726 435 3795 lit
460 3736 640 3815 peccatum
663 3736 698 3793 et
716 3736 881 3807 mortem,
921 3734 954 3791 et
974 3723 1128 3792 restituit
1147 3722 1321 3792 iusticiam
1346 3733 1382 3790 et
1430 3720 1514 3787 inde
1546 3742 1639 3788 nova
1667 3721 1868 3792 testimonia
1889 3725 1927 3793 in
1946 3732 2070 3818 poenis
2092 3749 2127 3806 et
2148 3737 2417 3816 liberationibus

393 3827 501 3896 vitam
536 3836 724 3897 aeternam.
782 3822 836 3893 Αο
867 3839 953 3894 ωηο
985 3849 1077 3894 novo
1111 3838 1146 3893 et
1176 3822 1380 3891 admirabili
1432 3820 1637 3892 ostendisse.
1709 3817 1853 3892 Deletae
1882 3841 1964 3898 sunt
1993 3823 2059 3901 hae
2085 3836 2209 3924 urbes,
2251 3840 2418 3932 Sodoma,

391 3929 514 4016 signo,
546 3923 712 3995 videlicet
736 3922 1106 4005 circumcisione,
1141 3925 1306 3994 distincta
1329 3934 1380 3992 cst
1432 3918 1626 4003 Gomorra,
1659 3934 1694 3992 et
1717 3936 1892 4006 caeterae,
1930 3939 2316 4028 anno.quadragesimo
2338 3961 2419 4038 post

391 4023 1135 4120 Abrahaeposteritasacaeterisgentibus‚
1159 4024 1380 4123 etpromissa
1431 4038 1580 4093 mortem
1594 4019 1732 4091 Nobae·
1789 4021 1839 4094 Et
1859 4039 1938 4116 post
1960 4031 2136 4104 diluvium
2161 4063 2256 4111 anno
2280 4056 2417 4116 trecen-

392 4143 443 4201 est
459 4131 488 4200 ei
504 4144 599 4202 certa
614 4129 730 4214 sedes,
756 4142 791 4199 et
808 4129 987 4199 decretum
1004 4141 1074 4214 est,
1105 4127 1144 4197 in
1167 4149 1208 4197 es
1230 4125 1380 4219 posteri·
1430 4124 1554 4193 tesimo
1577 4122 1824 4209 nonagesimo,
1848 4124 2124 4222 viventeadhuc
2146 4134 2263 4221 Sem,
2293 4146 2355 4235 qui
2381 4159 2417 4217 et

391 4244 461 4301 tate
475 4254 611 4325 semper
627 4229 703 4302 iore
719 4225 913 4301 Ecclesiam
928 4226 1014 4314 Dei,
1043 4232 1155 4300 donec
1178 4239 1381 4298 nasceretur
1431 4223 1560 4293 diluvii
1580 4235 1614 4290 et
1630 4216 1736 4290 huius
1752 4219 1910 4292 incendii
1931 4243 2105 4318 spectator
2126 4238 2210 4323 suit,
2251 4244 2417 4339 quiqui.

393 4328 551 4401 Messias.
613 4331 706 4403 Fore
737 4331 844 4401 etiam
865 4330 1024 4398 membra
1046 4326 1224 4400 Ecclesiae
1246 4348 1380 4408 omnes,
1431 4326 1510 4391 clem
1527 4336 1568 4392 ut
1581 4320 1678 4390 testis
1690 4335 1724 4393 et
1738 4335 1854 4394 custos
1869 4340 1957 4399 esset
1972 4353 2071 4403 verae
2095 4338 2297 4426 doctrinae,
2330 4346 2417 4418 vixit

396 4427 460 4520 qsri
473 4431 667 4501 doctrinam
683 4434 759 4504 eius
774 4428 900 4522 populi
913 4429 1219 4521 amplecterentur,
1246 4426 1381 4496 etiamsi
1432 4436 1512 4515 post
1533 4417 1699 4493 Abrabae
1723 4436 1874 4495 mortem
1896 4450 2009 4499 annos
2025 4431 2085 4507 85.
2151 4435 2201 4508 Ηί
2227 4444 2312 4512 tales
2334 4447 2416 4523 viri,

396 4529 505 4597 ritum
523 4529 798 4605 circumcisionis
815 4554 888 4600 non
904 4543 1122 4600 assumerent
1138 4529 1204 4615 illi,
1230 4528 1381 4622 quinon
1431 4521 1551 4609 Sem,
1585 4515 1840 4606 Abrohom,
1879 4520 2021 4613 Loth,
2063 4561 2142 4606 curn
2167 4541 2212 4610 de
2234 4544 2417 4617 voluntate

397 4641 500 4699 erant
523 4629 598 4698 nati
621 4653 661 4699 ex
681 4637 811 4706 semine
831 4624 1006 4704 Abrahae.
1069 4629 1129 4702 Sic
1150 4631 1266 4701 voluit
1285 4627 1381 4699 Deus
1430 4624 1497 4696 Dei
1512 4626 1610 4695 illam
1624 4624 1790 4694 viciniam
1806 4629 1990 4716 docerent,
2015 4647 2049 4704 et
2063 4661 2143 4707 curn
2162 4638 2342 4714 Abraham
2360 4670 2418 4717 re.

395 4745 490 4800 certo
506 4729 608 4813 sciri,
634 4754 721 4822 quae
737 4750 769 4807 et
784 4735 847 4806 ubi
861 4746 950 4805 esset
964 4726 1120 4803 Ecclesia
1128 4729 1217 4817 Dei,
1242 4745 1277 4803 et
1293 4755 1381 4801 con·
1431 4752 1513 4798 cens
1528 4727 1619 4797 cives
1628 4724 1864 4798 Sodomorum
1880 4730 2047 4806 abductos
2062 4740 2272 4828 reduxisset,
2298 4759 2417 4819 tamen

396 4831 486 4920 spici
507 4831 695 4901 discrimen
718 4829 892 4907 Ecclesiae
915 4859 935 4904 a
957 4834 1101 4904 caeteris
1121 4834 1307 4922 gentibus,
1342 4855 1381 4901 ae
1431 4831 1476 4899 ab
1492 4827 1610 4920 impiis
1625 4830 1712 4898 adeo
1726 4826 1835 4920 spreti
1850 4844 1951 4914 sunt,
1976 4850 2016 4907 nt
2038 4851 2136 4910 tanta
2159 4844 2288 4915 scelera
2312 4851 2417 4920 multi

396 4931 567 5019 intelligi,
592 4956 713 5001 vocem
734 4935 974 5024 promissionis
990 4938 1034 5004 de
1047 4934 1177 5005 Messia
1195 4933 1378 5022 seiungere
1430 4931 1549 5022 palam
1564 4930 1734 5014 facerent,
1760 4954 1824 5000 nec
1845 4950 2050 5007 vererentur
2067 4943 2187 5012 oculos
2213 4946 2337 5017 talium
2361 4951 2418 5019 vi-

394 5026 590 5100 Ecclesiam
614 5034 659 5102 ab
680 5034 846 5104 omnibus
865 5039 1040 5126 gentibus.
1099 5034 1201 5105 Hanc
1222 5030 1381 5129 quinon
1431 5055 1574 5112 rorum,
1607 5030 1737 5121 qriibus
1759 5054 1840 5099 vere
1864 5037 1981 5106 adesse
1996 5035 2112 5109 Deum
2134 5067 2175 5113 ex
2198 5048 2318 5118 multis
2340 5076 2416 5122 non

397 5144 547 5216 norant,
572 5156 646 5202 non
669 5147 769 5204 erant
788 5138 943 5220 membra
958 5136 1155 5222 Ecclesiae,
1179 5135 1269 5206 sicut
1294 5133 1382 5204 scri·
1430 5131 1550 5201 dubiis
1565 5128 1776 5199 testimoniis
1789 5129 1956 5206 sciebant.

396 5247 497 5322 ptum
515 5246 579 5303 est:
607 5231 789 5305 Abrabam
804 5233 895 5306 vidit
907 5238 1000 5308 diem
1016 5263 1154 5319 meum,
1179 5251 1213 5308 et
1233 5236 1380 5305 laetatus
1532 5227 1695 5299 Profecto
1732 5224 1904 5301 horribile
1941 5239 2177 5325 spectaculum
2213 5261 2263 5319 est
2296 5263 2416 5323 tantus

399 5346 462 5407 est.
512 5330 560 5403 Et
579 5335 758 5421 existimo,
784 5336 900 5425 ipsum
913 5336 1024 5407 lilium
1036 5337 1106 5410 Dei
1119 5337 1251 5408 visibili
1267 5333 1382 5428 specie
1430 5330 1532 5401 iuror
1549 5328 1758 5420 impiorum,
1783 5354 1864 5401 cum
1885 5334 2036 5425 optimos
2052 5333 2223 5419 haberent
2243 5352 2416 5438 doctores,

400 5425 574 5526 hospitem
590 5438 698 5507 fuisse
713 5429 904 5520 Abrahae,
927 5437 966 5505 in
987 5460 1113 5526 coena,
1137 5462 1228 5535 quae
1250 5435 1382 5508 ‹leseri-
1432 5432 1649 5500 voluntatem
1666 5443 1699 5500 et
1716 5430 1887 5502 iudicium
1904 5431 1971 5505 Dei
1987 5443 2220 5518 ostendentes.
2259 5451 2328 5522 Sed
2346 5449 2415 5523 boc

398 5532 495 5604 bitur
508 5535 680 5630 inCapite
697 5539 754 5612 18.
769 5534 929 5607 Genesis.
978 5536 1252 5627 Cogitaautem,
1276 5561 1382 5632 quam
1432 5532 1571 5623 insigne
1585 5532 1781 5623 exemplum
1795 5549 1988 5625 monstrat,
2012 5549 2190 5633 quomodo
2204 5548 2359 5622 Ecclesia
2373 5555 2413 5623 in

396 5640 619 5709 venerandus
641 5653 760 5711 coetus
774 5635 929 5709 Ecclesia
951 5636 1080 5722 fuerit,
1103 5663 1183 5710 cum
1205 5641 1257 5712 ibi
1282 5661 1384 5731 saepe
1431 5631 1650 5705 boemundo
1667 5632 1758 5705 inter
1775 5634 1904 5729 impios
1927 5653 2041 5732 spreta
2062 5662 2258 5735 prematur,
2284 5664 2317 5720 et
2339 5675 2413 5721 sar.

400 5738 644 5827 convenirent,
666 5732 752 5813 Sem
764 5734 1008 5824 filiusNohae‚
1032 5732 1383 5829 quivideratntron-
1433 5748 1537 5806 vetur
1556 5746 1684 5807 tomen·

450 5839 632 5912 Mensura.
655 5846 760 5915 Orsa.
777 5846 861 5913 Ver..
874 5845 956 5915 ΧΠ.
1446 5902 1449 5907 »
1824 5835 1876 5910 48
