6025 6775
388 621 467 698 ,20
1154 595 1650 688 rnooosmtonus.
2337 619 2415 697 aso
2512 715 2521 723 ,

390 788 581 864 Ecclesiam
605 785 748 877 colligat
767 805 856 855 voce
874 775 1079 871 Evangelii,
1112 801 1231 872 sparsa
1252 782 1291 851 in
1314 804 1374 873 ge-
1424 775 1631 851 hiePanlus
1645 798 1804 869 expresse
1821 776 1857 848 in
1923 792 1937 851 t
1977 771 2223 873 pergratiam,
2248 806 2412 880 quaeest

393 916 475 963 nere
489 888 683 977 humano.¹
712 883 778 957 Est
798 882 922 966 homo,
946 894 988 953 ut
1003 880 1127 953 offerat
1153 884 1373 970 sacrificium,
1423 885 1532 954 unius
1553 873 1711 949 bominis
1724 873 1865 952 IesuC
1891 879 1993 963 risti,
2018 896 2059 953 ut
2079 896 2227 956 testetur
2247 886 2352 959 nobis
2373 907 2409 964 et

391 993 549 1063 derivata
562 991 603 1060 in
620 1011 694 1059 sese
708 988 761 1058 ira
777 1011 842 1079 pro
855 1004 980 1076 genere
993 977 1164 1066 hnmano,
1188 1008 1307 1079 quam,
1328 998 1373 1057 ut
1422 982 1530 1053 initio
1558 980 1636 1055 dari
1661 982 1907 1054 remissionem
1933 996 2175 1076 peccatorum,
2214 1001 2248 1059 et
2273 1002 2409 1079 postea,

391 1095 564 1165 sustinere
578 1104 696 1182 posset
709 1089 868 1170 offerens,
893 1097 943 1154 est
958 1105 1110 1176 persona
1124 1085 1258 1171 divina,
1282 1087 1372 1157 sicut
1422 1097 1567 1176 propter
1600 1082 1766 1154 meritum
1798 1084 2021 1165 mediatoris,
2066 1082 2138 1156 Dei
2169 1099 2205 1158 et
2237 1083 2407 1174 hominia,

391 1192 574 1264 Hebraeos
594 1215 689 1261 nono
711 1188 854 1256 dicitur:
889 1182 965 1275 Qui
988 1177 1240 1277 perspiritum
1257 1201 1371 1258 aeter·
1421 1185 1548 1256 Postea
1569 1184 1706 1255 donum
1730 1186 1891 1257 nominat
1907 1187 2191 1258 consecutionem
2212 1190 2320 1262 totius
2341 1194 2407 1265 be-

390 1317 482 1364 num
523 1315 594 1362 εεεε
628 1288 755 1359 obtulit
794 1287 1062 1357 immaculatum
1095 1284 1183 1358 Deo.
1248 1283 1298 1359 Et
1330 1289 1369 1359 in
1421 1285 1558 1371 neficii,
1603 1285 1768 1358 videlieet
1798 1286 1908 1357 vitam
1940 1300 1976 1358 et
2007 1286 2183 1360 iusticiam
2214 1306 2406 1381 aeternam,

388 1392 533 1465 Psalmo
549 1391 624 1461 dd:
649 1385 777 1469 Volui,
802 1400 838 1459 et
852 1388 908 1457 lex
922 1384 990 1457 Dei
1006 1389 1045 1457 in
1061 1390 1168 1458 eorde
1182 1412 1262 1460 meo
1281 1403 1343 1464 est.
1421 1409 1512 1483 quae
1539 1389 1647 1458 datur
1672 1387 1777 1458 nobis
1805 1384 1874 1478 per'
1895 1388 2031 1474 filium,
2086 1391 2149 1483 qui
2174 1405 2226 1464 est
2254 1395 2406 1466 verbum

489 1496 705 1581 Deprecator
719 1489 824 1560 etiam
838 1503 891 1562 est
900 1488 997 1560 Deus
1006 1504 1043 1563 et
1059 1485 1186 1577 homo,
1206 1515 1289 1562 nam
1312 1515 1369 1563 ar·
1420 1488 1554 1560 aeterni
1581 1487 1712 1580 patris,
1757 1500 1791 1559 et
1820 1490 1882 1558 dat
1913 1490 2017 1560 nobis
2042 1488 2214 1583 Spiritum
2243 1508 2406 1585 sanctum

387 1616 515 1666 canum
538 1589 727 1660 consilium
748 1589 883 1661 aeterni
905 1590 1031 1682 patris,
1068 1593 1112 1661 de
1132 1593 1280 1685 singolis
1301 1588 1369 1663 ho-
1420 1605 1537 1663 suum.
1588 1583 1710 1682 lnq‘uit
1723 1586 1988 1676 antemurales,
2011 1585 2099 1662 haec
2110 1593 2278 1665 beneficia
2292 1596 2406 1688 accipi

385 1695 544 1764 minibus
558 1691 657 1762 videt
673 1688 731 1761 hie
748 1694 970 1783 deprecator,
995 1705 1029 1762 et
1049 1715 1113 1786 pro
1137 1694 1286 1785 singulis
1305 1719 1369 1787 ap-
1419 1687 1488 1761 hoe
1514 1691 1641 1770 modo,
1680 1691 1863 1777 videlicet,
1903 1691 2086 1784 agnitione
2115 1688 2223 1765 huius
2248 1694 2405 1769 ministri

387 1796 494 1886 plicat
515 1795 589 1885 ipse
619 1792 851 1873 sacrificium,
882 1794 978 1886 quod
1001 1795 1040 1863 in
1061 1805 1188 1866 natura
1213 1791 1369 1866 humana
1419 1791 1523 1875 iusti,
1545 1790 1666 1871 idest,
1692 1791 1778 1876 fide,
1801 1793 1846 1860 de
1868 1816 1936 1888 qua
1960 1815 2066 1886 supra
2089 1793 2193 1865 dixit:
2219 1793 2311 1883 Quis
2325 1821 2404 1868 cra-

388 1896 495 1965 sernel
512 1896 719 1966 factumest.
770 1892 1056 1966 SicutHebraeos
1069 1896 1206 1967 decimo
1221 1898 1368 1969 dieitur:
1420 1894 1474 1964 dit
1487 1890 1625 1961 auditui
1641 1902 1775 1965 nostro.
1824 1889 1921 1964 Haec
1943 1895 2029 1965 fides
2050 1896 2211 1966 intuetur
2230 1897 2404 1970 mediato·

386 1993 581 2066 Voluntate
607 1995 719 2086 ipsius
740 1995 945 2067 sanctificati
967 2019 1029 2087 per
1050 1997 1267 2068 oblationem
1289 2022 1369 2069 cor·
1419 2017 1495 2064 rem
1509 1988 1625 2061 Deum
1641 2005 1677 2064 et
1696 1985 1898 2077 hominem,
1923 2007 1957 2064 et
1972 2008 2023 2065 est
2036 1996 2182 2081 fiducia,
2207 1997 2338 2089 quain
2360 2022 2406 2069 eo

386 2097 484 2188 poris
498 2094 575 2165 Iesu
590 2091 739 2166 Christi.
790 2093 898 2168 ltem:
922 2095 1102 2169 Habentes
1120 2099 1284 2171 fiduciam
1309 2101 1368 2168 in·
1419 2092 1692 2187 acquiescimus,
1732 2091 1816 2192 (μὴ
1843 2092 1916 2184 ipse
1944 2117 2006 2164 sna
2028 2096 2230 2167 obedientia
2253 2098 2406 2189 placavit

376 2196 505 2267 'modi
518 2197 556 2264 in
573 2209 693 2267 sancta
708 2220 773 2287 per
787 2198 992 2288 sanguinem
1009 2196 1100 2274 lesu.
1151 2200 1240 2271 Vult
1260 2200 1369 2289 igitur
1419 2196 1511 2264 iram
1525 2191 1659 2264 aeterni
1672 2193 1801 2284 patris,
1827 2205 1863 2263 et
1878 2197 1965 2264 dans
1978 2195 2221 2266 remissionem
2242 2212 2404 2289 peceato-

386 2298 490 2367 tidem
510 2310 667 2365 nostram
691 2298 823 2368 intueri
845 2292 942 2370 hunc
963 2301 1212 2383 mediatorem,
1250 2300 1367 2372 Deum
1417 2319 1518 2381 rum,
1539 2293 1646 2363 simul
1660 2292 1700 2362 in
1716 2293 1821 2364 nobis
1836 2308 1889 2368 est
1904 2296 2036 2384 efficax,
2060 2296 2150 2368 sicut
2165 2297 2299 2390 iuquit:
2324 2296 2404 2393 Ego

387 2411 421 2468 ει
443 2393 648 2480 hominem,
674 2410 708 2469 et
729 2399 797 2468 niti
818 2400 929 2493 ipsius
952 2400 1122 2470 sacrificio
1145 2421 1207 2469 seu
1229 2399 1368 2484 merito,
1417 2397 1527 2467 vitam
1545 2406 1724 2464 aeternam
1739 2396 1788 2464 do
1801 2396 1862 2466 eis.
2502 2407 2506 2414 '

385 2511 419 2569 et
439 2499 555 2590 ipsius
576 2499 840 2591 deprecatione,
872 2498 941 2570 hoe
963 2521 1043 2569 cum
1065 2500 1125 2582 lit,
1163 2500 1270 2569 simul
1290 2502 1365 2591 ipse
1517 2492 1666 2567 LXXV.
1707 2493 1831 2588 Fides,
1865 2519 1955 2591 quae
1984 2498 2145 2572 intuetur
2170 2499 2403 2577 mediatorem
2526 2567 2530 2579 ,

384 2613 433 2672 εει
447 2599 571 2669 efficax
584 2597 623 2666 in
640 2601 761 2686 nobis,
785 2616 819 2673 et
833 2601 989 2671 vivificat
1003 2621 1080 2672 not.
1414 2594 1534 2668 Deum
1556 2609 1591 2667 et
1612 2590 1816 2683 hominem,
1841 2611 1876 2670 et
1897 2599 2029 2671 nititur
2046 2601 2173 2673 merito
2188 2602 2404 2687 mediatoris,

482 2695 651 2774 Lxxllt.
682 2699 830 2793 Semper
841 2701 882 2769 in
897 2694 964 2770 hae
976 2701 1048 2771 vita
1065 2701 1105 2768 in
1119 2698 1365 2771 iustificatione
1414 2722 1477 2770 seu
1507 2696 1642 2786 gratia,
1680 2720 1751 2792 qua
1776 2698 1852 2792 ipse
1870 2713 2034 2793 acceptus
2055 2716 2106 2773 εει
2129 2717 2271 2775 aeterno
2298 2703 2404 2795 patri,

384 2793 752 2892 comprehenduntur,
776 2801 883 2872 simul
906 2814 941 2871 et
960 2800 1119 2870 remissio
1133 2817 1366 2889 peccatorum,
1415 2811 1561 2892 propter
1583 2820 1689 2891 quem
1722 2812 1757 2870 et
1784 2824 1870 2887 nos,
1909 2802 1972 2894 qui
1993 2824 2114 2873 sumus
2135 2806 2211 2876 eius
2233 2806 2405 2890 membra,

383 2899 638 2985 etviviticatio,
677 2924 768 2993 quae
797 2903 837 2971 fit
863 2925 927 2995 per
953 2901 1066 2972 lilium
1088 2900 1156 2972 Dei
1181 2900 1220 2969 in
1249 2903 1365 2987 nobis,
1414 2898 1547 2996 awti
1569 2919 1701 2971 sumus.
1752 2897 1850 2970 Haec
1867 2901 2014 2995 inquam
2036 2903 2137 2990 fides,
2163 2930 2253 2998 quae
2274 2906 2404 2976 nititur

385 2997 592 3077 sieutRom.
617 3013 745 3094 quarto
767 3024 925 3090 expresse
950 2997 1218 3094 comprehendit
1240 3004 1362 3073 remis-
1413 2999 1540 3071 merito
1554 2988 1798 3083 bliiMessiae,
1824 3013 1878 3071 est
1895 3002 1969 3091 ipsa
1986 3002 2115 3074 fiducia
2130 3004 2404 3089 misericordiae,
2473 2991 2480 3008 ’

384 3103 516 3174 nonan
532 3117 776 3196 peccatorum:
802 3100 903 3173 Beati
920 3126 1073 3197 quorum
1092 3104 1257 3175 remissae
1279 3117 1363 3175 sunt
1414 3111 1644 3195 quapropter
1661 3120 1741 3168 enm
1757 3111 1858 3189 pater
1874 3102 2092 3194 nosrecipit.
2141 3100 2190 3175 Et
2212 3127 2293 3174 cum
2311 3103 2403 3174 Pro·

382 3202 602 3297 iniquitates,
627 3215 662 3273 et
681 3224 835 3296 quorum
859 3217 949 3275 tecta
966 3216 1049 3273 sunt
1069 3218 1217 3293 peccata.
1269 3204 1364 3277 Ver·
1414 3197 1541 3294 phetae
1554 3202 1599 3269 ad
1618 3198 1895 3270 misericordiam
1917 3203 2162 3292 confugerint,
2186 3205 2231 3274 de
2244 3199 2310 3276 hae
2325 3203 2403 3296 ipsa

378 3304 469 3378 bum
484 3303 589 3394 igitur
600 3304 808 3387 iustificare,
834 3304 1053 3394 intelligatur
1063 3327 1105 3373 ex
1120 3305 1209 3391 reis,
1235 3319 1270 3376 et
1287 3329 1361 3376 non
1414 3303 1483 3373 fide
1497 3313 1706 3392 agnoscente
1720 3314 1755 3371 et
1769 3297 2055 3394 apprehendente
2070 3304 2298 3376 mediatorem
2314 3318 2402 3375 eon-'

382 3400 592 3477 habentibus
611 3404 787 3476 iusticiam
805 3403 889 3490 Dei,
912 3407 989 3476 fieri
1010 3429 1085 3475 non
1101 3429 1197 3492 reos,
1221 3409 1282 3477 sed
1298 3409 1363 3478 ab·
1414 3405 1621 3488 eionantur,
1644 3414 1790 3492 propter
1809 3426 1913 3496 quem
1933 3404 2106 3496 promissa
2130 3420 2182 3477 est
2199 3406 2402 3479 misericor·

381 3506 534 3589 solutos,
563 3518 598 3575 et
617 3502 786 3575 habentes
802 3503 1002 3586 Christum,
1028 3507 1090 3600 qui
1113 3520 1147 3577 et
1169 3507 1289 3579 efficax
1311 3524 1364 3581 est
1414 3507 1490 3590 dia,
1513 3504 1604 3575 sicut
1617 3499 1746 3573 Daniel
1764 3504 1897 3597 inquit:
1922 3501 2006 3576 Non
2025 3519 2170 3598 propter
2184 3521 2322 3579 nostras
2343 3509 2402 3580 iu·

380 3609 418 3675 in
440 3605 571 3683 nobis,
596 3617 631 3673 et
646 3604 782 3676 assidue
801 3630 865 3699 pro
885 3609 989 3681 nobis
1004 3620 1138 3699 patrem
1152 3609 1363 3703 interpellat,
1413 3607 1548 3686 sticias,
1573 3604 1691 3674 sedin
1705 3604 1945 3674 misericordia
1961 3620 2021 3677 toa
2037 3608 2242 3679 mandinse
2256 3622 2402 3702 propter

379 3719 420 3776 ut
434 3716 585 3797 propter
595 3702 705 3795 ipsios
718 3708 920 3781 malificium
937 3712 983 3782 sit
997 3711 1172 3801 placatus,
1194 3722 1230 3782 ει
1244 3712 1362 3803 impu.
1413 3705 1620 3779 Dominum.
1670 3698 1719 3775 Et
1732 3701 1872 3777 Psalmo
1890 3706 1942 3781 6.:
1967 3705 2142 3794 Domine,
2165 3733 2212 3780 ne
2228 3710 2266 3779 in
2280 3710 2402 3782 lurore

379 3821 477 3878 tetur
499 3803 603 3875 nobis
624 3804 697 3877 eius
718 3807 867 3887 iusticia.
919 3811 998 3884 Hoc
1020 3812 1064 3882 de
1078 3806 1213 3882 Christi
1235 3814 1361 3885 merito
1414 3825 1616 3895 tooarguas
1632 3827 1708 3887 me,
1734 3806 1869 3877 salvum
1887 3833 1945 3878 me
1960 3810 2016 3878 fac
2034 3823 2178 3902 propter
2200 3811 2402 3881 misericor-

381 3904 565 3999 complecti
579 3928 717 3977 εεεεεεε
732 3923 795 3983 εει.
1413 3911 1509 3980 diam
1524 3923 1621 3980 tuam
1644 3919 1708 3977 etc.
1759 3903 1809 3979 Et
1823 3906 1964 3978 Psalmo
1987 3910 2295 4004 quinquagesimo:
2324 3912 2401 3983 Mi-

475 4002 643 4080 LXXIV.
672 4005 799 4082 Esaiae
812 4011 873 4093 63.
888 4013 1034 4085 dicitur:
1063 4012 1202 4086 Noticia
1217 4014 1271 4082 sui
1287 4036 1362 4082 ser·
1412 4034 1527 4082 serere
1547 4008 1619 4078 mei
1640 4008 1760 4091 Deus,
1794 4011 1988 4078 secundum
2011 4034 2175 4100 magnam
2197 4012 2401 4084 misericor-

378 4130 442 4179 vus
461 4132 560 4179 meus
582 4108 713 4195 iustus,
750 4111 953 4185 iustificabit
981 4119 1124 4192 multos.
1188 4114 1258 4186 Hie
1285 4138 1360 4184 non
1412 4112 1508 4182 diam
1540 4123 1649 4183 tuam.
1718 4106 1790 4178 Ubi
1814 4120 1932 4198 postea
1962 4112 2191 4183 mediatorem
2218 4113 2402 4203 signifieat,
2515 4200 2520 4207 .

379 4208 523 4279 dubium
547 4222 616 4297 est,
639 4212 711 4282 diei
735 4213 780 4284 de
795 4213 945 4298 Messia,
971 4219 1034 4310 qui
1054 4218 1260 4288 nominatur
1275 4214 1360 4287 Ser·
1411 4210 1586 4304 Asperges
1601 4232 1657 4275 me
1666 4204 1821 4276 Domine
1836 4203 1981 4300 hysopo,
2008 4210 2043 4278 id
2064 4227 2133 4298 ost,
2158 4229 2400 4304 proptersau-

377 4332 450 4391 rus,
473 4309 510 4379 id
529 4324 594 4394 eat,
616 4313 788 4400 minister,
806 4315 933 4387 missus
948 4319 992 4387 ad
1007 4313 1098 4389 hanc
1111 4316 1361 4403 obedientiam,
1412 4312 1556 4402 guinem
1587 4307 1653 4376 lilii
1683 4305 1736 4377 tui
1763 4307 1921 4378 remittas
1940 4303 2030 4379 mihi
2054 4326 2204 4401 peccata.
2260 4311 2402 4384 Deinde

375 4422 413 4480 ut
432 4434 554 4480 vocem
569 4408 775 4507 Evangelii,
801 4415 975 4508 p'rolatam
997 4442 1039 4487 ex
1054 4421 1134 4487 sinu
1150 4418 1283 4487 aeterni
1297 4443 1362 4507 pa·
1412 4413 1519 4485 etiam
1549 4431 1631 4478 vere
1657 4409 1702 4479 de
1722 4407 1875 4479 efficacia
1911 4409 1951 4478 in
1981 4413 2085 4483 nobis
2112 4413 2287 4507 loquitur:
2327 4413 2402 4486 Cor

375 4511 461 4591 tris,
495 4525 598 4582 sonet
618 4513 713 4586 inter
733 4512 917 4607 homines,
951 4531 985 4590 et
1005 4519 1066 4589 liat
1089 4518 1260 4602 Victima,
1285 4515 1361 4589 Re-
1412 4515 1587 4584 mundum
1604 4533 1680 4579 crea
1696 4510 1734 4577 in
1751 4534 1807 4579 me
1820 4505 1917 4579 Deus
1931 4523 1995 4583 etc.
2046 4512 2097 4584 lta
2113 4514 2247 4605 ubique
2261 4539 2331 4585 vox
2342 4514 2401 4585 di-

373 4612 516 4681 demtor
548 4624 584 4682 et
603 4612 784 4701 Salvator,
833 4619 925 4691 sicut
947 4617 1075 4691 Esaiae
1096 4616 1159 4694 42.
1190 4620 1360 4710 scriptum
1411 4617 1495 4687 vina
1526 4625 1718 4704 utrumque
1751 4611 1937 4702 proponit,
1984 4615 2282 4701 consolationem,
2329 4638 2428 4711 qua¹

372 4724 441 4781 eat:
464 4708 557 4783 Eece
572 4737 694 4787 servm
707 4742 818 4806 meus,
844 4744 916 4814 quo
931 4722 1124 4792 delectatur
1136 4720 1255 4791 anima
1271 4744 1361 4796 mea.
1412 4729 1558 4810 propter
1582 4713 1811 4782 mediatorem
1833 4706 2003 4783 habemus
2020 4715 2262 4786 remissionem
2279 4739 2402 4809 pecca-

366 4807 443 4883 llic
461 4814 621 4887 minister
642 4815 740 4890 Dens
761 4834 796 4892 et
820 4817 948 4903 bomo,
992 4821 1195 4894 iustificabit
1217 4823 1360 4909 multos,
1411 4833 1530 4891 torum
1544 4827 1580 4885 et
1597 4812 1934 4889 reconciliationem.
1984 4810 2123 4887 Deinde
2142 4829 2178 4886 ει
2204 4817 2430 4899 sanctifica«,

368 4925 405 4985 aa
420 4912 662 4987 remissionem
677 4934 898 5010 peecatorum
923 4924 1041 5010 dabit,
1067 4936 1102 4996 ει
1125 4923 1225 4995 dabit
1246 4937 1360 4994 aeter·
1411 4921 1545 4992 tionem
1561 4928 1597 4987 et
1609 4915 1901 5000 vivificationem,
1925 4914 2052 5010 inqua
2066 4918 2160 4989 filius
2174 4916 2245 4987 Dei
2263 4942 2344 4989 vere
2360 4919 2402 4989 in
2421 4994 2423 4999 ,

368 5035 454 5083 nam
473 5010 583 5082 vitam
598 5031 631 5087 ει
646 5017 833 5098 iusticiam.
881 5020 1248 5117 Compleetitnrenim
1267 5024 1359 5094 inte-
1411 5021 1517 5093 nobis
1541 5030 1594 5087 est
1615 5015 1747 5086 efficax.
1796 5008 1845 5084 Et
1866 5009 1952 5086 haec
1978 5018 2140 5089 nominat
2158 5015 2292 5088 Paulus
2306 5017 2402 5091 Gra-

368 5134 471 5204 grum
487 5114 717 5205 beneficium,
739 5123 830 5195 sicut
844 5125 1012 5199 usitatum
1026 5127 1129 5199 estin
1151 5120 1357 5220 prophetico
1409 5122 1494 5195 tiam
1511 5131 1547 5188 et
1558 5114 1703 5186 Donum
1717 5135 1780 5203 per
1793 5114 1960 5202 gratiam,
1985 5131 2141 5210 quaeest
2161 5117 2269 5190 unius
2283 5113 2402 5191 homi·

368 5235 544 5287 ammone.
613 5216 747 5292 Paulus
777 5238 892 5297 autem
923 5228 973 5300 ita
1004 5230 1166 5300 nominat
1187 5226 1358 5298 beneficia
1410 5224 1467 5294 nis
1480 5217 1569 5292 Iesu
1584 5205 1740 5287 Christi.
2386 5277 2394 5293 ,

366 5308 474 5388 Rom.
490 5310 528 5391 6.
557 5315 685 5392 Gratia
696 5317 777 5406 Dei,
803 5341 836 5398 et
854 5330 988 5401 donum
1003 5354 1068 5425 per
1080 5330 1243 5422 gratiam,
1267 5352 1358 5422 quae
1507 5314 1676 5391 LXXVI·
1699 5312 1887 5405 ’ρΰθῑῖἆῑθ
1915 5314 1957 5385 ἷῦ
1985 5314 2194 5391 ῐθΰῖῑθῑῖθΰθ
2232 5323 2398 5418 symboli,

366 5417 538 5489 munins
555 5414 715 5494 hominis
728 5420 819 5498 Iesu
833 5417 999 5514 Christi,
1023 5435 1192 5504 ¹exuberat
1209 5431 1249 5500 in
1263 5430 1358 5501 mul·
1407 5450 1488 5498 cum
1523 5418 1711 5492 rotilomoo
1743 5415 1948 5489 articulum:
2000 5414 2117 5490 Credo
2154 5423 2401 5494 remissionem

363 5526 432 5590 toa.
490 5514 655 5595 Gratiam
678 5520 776 5601 haud
797 5530 907 5604 dubia
929 5534 1092 5606 nominat
1113 5532 1357 5605 remissionem
1406 5538 1642 5623 peccatorum,
1670 5517 2008 5608 fidesconbrmetur,
2033 5531 2070 5593 et
2085 5521 2136 5594 sie
2151 5536 2290 5607 statuat,
2307 5518 2399 5593 mihi

359 5630 604 5710 wiotum,
633 5637 671 5698 et
689 5633 1019 5704 reconciliationem
1046 5636 1254 5724 gratuitam,
1287 5657 1357 5729 qua
1406 5649 1548 5725 quoqne
1577 5622 1712 5696 remitti
1739 5633 1898 5714 peecata,
1935 5618 2053 5694 Credo
2080 5621 2179 5696 iuxta
2201 5625 2335 5694 dietum
2356 5623 2398 5691 in

359 5738 487 5793 mmo·
507 5725 642 5824 accepti
652 5726 748 5824 Deo,
771 5746 925 5832 propter
942 5733 1192 5827 mediatorem,
1215 5737 1263 5810 de
1282 5756 1356 5831 quo
1405 5729 1506 5848 Actis
1520 5724 1635 5823 capite
1647 5721 1805 5809 decimo,
1829 5723 1928 5820 quod
1942 5745 2066 5796 omnes
2081 5719 2281 5817 Prophetae
2296 5720 2399 5796 testi-
