6025 6775
558 497 630 602 css

1253 485 1412 558 DECL.
1449 482 1526 557 DE
1557 484 1869 561 CONIUGIO.

2497 503 2570 586 1³0

551 690 622 764 quo
642 657 802 731 Ecclesia
824 652 1045 733 aedificatur,
1072 664 1106 719 et
1128 650 1260 718 sincera
1285 647 1475 736 sponsione
1496 672 1537 718 ac
1587 651 1811 743 sapientiam,
1837 651 2031 736 iusticiam,
2058 653 2165 723 vitam
2198 657 2238 728 ef
2262 658 2434 730 laeticiam
2455 676 2569 734 aeter-

551 768 620 837 fide
645 783 774 852 sponso
798 752 939 828 Christo
964 751 1164 841 copulatur,
1198 759 1236 816 ut
1252 741 1376 826 ,Oscae
1392 750 1425 821 1.
1447 749 1537 818 dici·

553 882 629 938 tur:
662 860 891 952 Desponsabo
919 869 950 922 te
967 849 1056 934 mihi
1082 852 1120 915 in
1144 860 1347 939 aeternum,
1383 851 1536 941 despon.

1587 775 1669 819 narn
1693 748 1871 821 Ecclesiae
1888 754 2143 839 communicat,
2175 770 2209 826 et
2231 757 2270 826 in
2292 782 2327 827 se
2345 761 2481 835 derivat
2500 787 2569 834 no·

1588 867 1676 922 stras
1691 875 1894 937 aerumnas,
1920 843 2057 944 peccata
2075 869 2110 926 et
2132 880 2283 946 poenas,
2309 875 2342 929 et
2358 884 2438 932 vere
2454 864 2566 949 allici-

487 1041 492 1047 ,
556 970 641 1037 sabo
662 979 696 1035 te
716 958 806 1031 mihi
826 960 864 1026 in
886 953 1022 1024 iusticia
1048 964 1079 1018 et
1102 949 1181 1019 fide.
1231 951 1317 1019 ldeo
1345 952 1473 1041 passim
1499 951 1538 1018 in
1588 967 1647 1023 tur
1660 976 1763 1022 sensu
1777 963 1977 1023 nostrarum
1996 955 2228 1029 miseriarum.
2282 958 2450 1047 Quotidie
2465 966 2566 1053 plura

556 1064 782 1153 Evangeliis,
827 1061 865 1127 in
902 1052 1050 1123 Psalmis
1091 1061 1124 1117 et
1165 1046 1352 1140 Prophetis
1394 1048 1538 1120 Christo
1589 1057 1746 1122 membra
1767 1049 1944 1124 Ecclesiae
1970 1057 2198 1147 perverbum
2228 1072 2263 1128 et
2285 1058 2459 1151 Spiritum
2486 1087 2568 1133 san.

558 1168 680 1262 sponsi
695 1160 881 1257 appellatio
894 1153 1077 1223 tribuitur.
1117 1147 1424 1237 Quemadmodum
1443 1153 1538 1219 enim
1590 1167 1684 1223 ctum
1700 1153 1823 1243 gignit,
1846 1179 1954 1247 eaque
1971 1157 2009 1223 in
2023 1157 2103 1224 sinu
2119 1154 2294 1226 Ecclesiae
2310 1173 2569 1254 tanquamque-

561 1272 711 1361 spons'us
744 1286 825 1331 vero
860 1269 891 1325 et
918 1251 1053 1320 ardenti
1089 1275 1205 1319 amore
1239 1274 1336 1320 suam
1375 1275 1538 1342 sponsam
1589 1257 1653 1325 tris
1674 1258 1798 1324 educat
1821 1269 1855 1325 et
1879 1257 1994 1340 fovet,
2019 1270 2052 1326 et
2075 1282 2275 1349 quanquam
2298 1261 2376 1329 vult
2398 1285 2473 1330 eam
2498 1253 2570 1333 esse

561 1366 818 1460 complectitur,
842 1358 889 1423 ita
911 1366 962 1422 est
983 1376 1056 1420 non
1077 1353 1278 1435 simulatus,
1303 1355 1364 1421 sed
1380 1376 1484 1422 verus
1506 1366 1542 1423 et
1590 1355 1720 1425 'sociam
1736 1356 1866 1439 crucis,
1890 1370 1926 1424 et
1941 1358 2156 1427 conformem
2177 1359 2337 1449 imaginis
2352 1363 2493 1450 sponsi,
2518 1376 2572 1433 ta-

563 1472 691 1540 ardens
717 1482 814 1530 amor
839 1457 877 1522 in
900 1451 1061 1537 Christo,
1094 1475 1172 1541 erga
1199 1450 1411 1537 Ecclesiam,
1445 1456 1541 1546 quod
1590 1479 1672 1524 men
1688 1457 1826 1545 mitigat
1841 1457 2073 1541 adflictiones,
2098 1460 2253 1528 defendit
2268 1483 2341 1529 earn
2358 1476 2479 1531 contra
2493 1463 2571 1531 dia·

563 1579 707 1641 testatus
729 1572 872 1628 estnon
896 1556 1008 1624 solurn
1032 1554 1270 1645 assumptione
1300 1567 1446 1623 naturae
1474 1553 1542 1624 hu·

1592 1557 1713 1640 bolos,
1746 1571 1934 1650 tyrannos,
1971 1553 2182 1643 haereticos,
2214 1574 2328 1631 servat
2356 1584 2503 1651 corpus,
2536 1576 2570 1633 et

562 1687 704 1747 manae,
729 1660 788 1730 sed
813 1660 916 1727 etiam
933 1668 1046 1725 morte
1063 1679 1145 1737 sna,
1171 1679 1276 1746 quarn
1294 1656 1391 1725 velut
1414 1656 1543 1746 pignus
1593 1660 1631 1725 in
1652 1658 1768 1726 media
1789 1672 1901 1726 morte
1919 1660 1979 1727 dat
1996 1660 2103 1731 vitam
2122 1655 2195 1744 his,
2221 1662 2281 1752 qni
2298 1661 2568 1734 interficiuntur.

563 1769 617 1840 sui
634 1787 713 1853 erga
734 1784 800 1830 nos
824 1758 952 1829 amoris
975 1779 1047 1825 esse
1064 1756 1197 1841 voluit,
1221 1756 1314 1825 utin
1331 1756 1543 1825 dulcissimis
1594 1757 1756 1827 Vicissim
1773 1755 1927 1826 Ecclesia
1944 1782 2007 1830 sua
2023 1784 2162 1853 quoqne
2179 1762 2488 1854 quantulacunque
2504 1766 2571 1834 ho-

531 1858 537 1862 *
561 1864 720 1958 Philippi
734 1860 917 1956 versiculis
931 1858 1076 1927 dicitur:

639 1989 745 2054 Pectus
760 2000 794 2046 ut
807 1990 839 2043 in
853 2003 962 2063 sponso
982 1984 1166 2040 flemmarum
1181 1979 1318 2042 incendis
1332 1985 1433 2058 sentit,

718 2086 784 2166 Qui
797 2106 865 2145 vero
881 2104 1005 2163 sponsae
1020 2085 1120 2162 flagrat
1133 2102 1233 2141 amore
1250 2104 1330 2145 suae·

639 2190 783 2255 Naturam
796 2192 906 2247 sociam
919 2205 988 2243 vero
1005 2189 1046 2244 sic
1062 2184 1160 2263 diligit
1173 2187 1253 2262 igne,

715 2292 809 2350 Filius
826 2300 944 2347 aeterno
961 2286 997 2345 de
1012 2288 1145 2364 genitore
1161 2297 1251 2349 satus.

637 2390 742 2457 Induit
757 2391 889 2450 humano
905 2408 995 2469 quarn
1010 2387 1142 2462 foedere,
1169 2406 1229 2468 quo
1245 2386 1302 2445 sibi
1316 2397 1463 2463 nostrum,

715 2491 858 2554 Fraterno
876 2494 983 2569 pariter
996 2492 1096 2548 iunxit
1112 2508 1211 2547 amore
1226 2508 1330 2566 genus.

637 2592 706 2657 Iure
722 2594 802 2655 thori
817 2588 900 2652 Deus
913 2593 1085 2670 exemplum
1100 2610 1169 2648 oum
1183 2589 1311 2648 l'oedcris
1326 2586 1428 2667 huius,

709 2694 782 2756 Esse
795 2697 885 2771 velit,
909 2704 1007 2753 sancte
1022 2694 1168 2772 praecipit
1181 2695 1237 2751 ista
1249 2692 1321 2751 ooli.

562 2806 681 2879 Multa
693 2818 810 2875 autern
825 2801 953 2894 passim
971 2802 1008 2869 in
1026 2797 1184 2870 historiis
1200 2810 1319 2869 extant
1331 2799 1405 2867 veri
1419 2809 1454 2866 et
1468 2796 1542 2864 sin-

562 2908 634 2979 ceri
656 2905 786 2977 amoris
808 2917 843 2973 et
856 2902 937 2972 fidei
960 2902 1155 2992 coniugalis
1172 2902 1346 2990 exempla,
1369 2922 1458 2991 quae
1474 2898 1543 2964 im-

561 3032 724 3078 mensum
748 3005 877 3075 amoris
907 3004 1130 3085 incendium,
1163 3027 1234 3096 quo
1256 3002 1350 3071 lilius
1370 3001 1436 3072 Dei
1464 3021 1543 3086 erga

561 3107 754 3180 Ecclesiam
785 3108 926 3195 flagrat,
960 3120 1139 3198 utcunque
1162 3105 1357 3183 illustrant,
1392 3122 1543 3192 quorum

562 3212 680 3304 aliqua
696 3207 820 3281 statim·
830 3206 1004 3291 recitabo,
1030 3207 1129 3296 prius
1144 3205 1239 3273 enim
1254 3197 1452 3270 inchoatam
1468 3198 1543 3266 col·

561 3313 730 3381 lationem
758 3307 914 3393 coniugii
943 3318 976 3375 et
1005 3306 1175 3385 foederis,
1208 3304 1305 3396 quod
1327 3314 1379 3372 est
1400 3295 1543 3372 Christo

563 3436 642 3481 cum
658 3409 815 3480 Ecclesia
833 3417 1023 3497 pertexam.

578 3541 582 3555 '
665 3538 716 3610 Ut
729 3539 823 3607 enirn
838 3536 876 3604 in
892 3534 1055 3623 coniugio
1072 3535 1116 3602 ad
1139 3558 1292 3605 amorem
1308 3548 1471 3603 mutuum
1487 3557 1545 3600 ac-

537 3716 541 3725 ,
564 3640 657 3712 cedit
674 3640 776 3720 fides,
799 3661 868 3730 qna
882 3646 1031 3727 uterque
1046 3634 1201 3703 coniunx
1221 3657 1323 3704 suum
1340 3657 1465 3723 corpus
1481 3633 1546 3701 uni

565 3741 707 3828 coniugi
722 3751 854 3808 castum
868 3749 901 3805 et
918 3748 1076 3804 sanctum
1093 3748 1224 3820 servat,
1251 3760 1289 3804 ac
1305 3759 1426 3804 omnes
1441 3757 1546 3822 vagos

566 3845 728 3925 ardores,
751 3837 1070 3908 accommixtiones
1084 3851 1280 3920 execratur,
1304 3838 1352 3906 ita
1373 3835 1465 3904 filius
1479 3833 1546 3902 Dei

565 3944 708 4017 unicam
723 3961 898 4033 sponsam,
915 3950 949 4006 et
963 3961 1038 4005 earn
1054 3937 1164 4005 solam
1182 3936 1437 4027 complectitur,
1457 3959 1547 4029 quae

565 4044 715 4116 verbum
732 4054 765 4110 et
781 4038 951 4108 beneficia
967 4038 1077 4127 ipsius
1094 4050 1201 4122 amat,
1228 4052 1262 4108 et
1278 4038 1462 4129 puritatem
1481 4039 1547 4105 do-

567 4145 702 4216 ctrinae
713 4137 847 4212 Christi
868 4163 907 4208 ac
923 4151 1218 4210 sacramentorum
1231 4141 1376 4223 retinet,
1402 4162 1473 4207 non
1490 4138 1548 4206 di·

566 4242 842 4336 ligitTurcicos,
864 4234 1048 4322 Ethnicos,
1076 4239 1245 4327 Iudaicos,
1271 4238 1547 4311 autHaeretico-

568 4371 649 4417 rum
683 4359 811 4415 coetus.
871 4339 923 4411 lta
957 4341 1108 4410 vicissim
1135 4337 1291 4412 Ec'clesia
1320 4342 1385 4410 uni
1405 4343 1547 4430 ‘sponso

569 4441 712 4518 Christo
734 4447 839 4515 iidem
863 4454 1031 4534 praestet,
1056 4465 1130 4511 non
1152 4442 1288 4532 polluat
1303 4464 1338 4510 se
1356 4440 1549 4510 idolatricis

571 4545 801 4637 opinionibus
828 4558 862 4613 et
882 4544 1053 4625 cultibus,
1077 4564 1121 4609 ne
1146 4565 1164 4608 a
1187 4563 1314 4631 sponso
1330 4566 1392 4612 suo
1406 4537 1548 4610 Christo

571 4647 773 4728 deseratur,
799 4658 833 4713 et
855 4644 893 4711 in
916 4638 1110 4711 horrendas
1132 4663 1261 4730 poenas
1277 4642 1442 4710 adulterii
1461 4641 1551 4709 inci-

573 4747 645 4818 dat.
695 4740 750 4812 Ex
764 4739 828 4810 hac
843 4741 1074 4812 similitudine
1087 4740 1168 4808 fidei
1183 4741 1395 4829 coniugalis,
1422 4742 1549 4833 passim

573 4847 614 4914 in
638 4838 826 4935 Prophetis
853 4841 1157 4930 splendidissimae
1185 4841 1369 4911 conciones
1393 4856 1552 4932 sumptae

574 4957 669 5031 sunt,
694 4943 823 5038 quibus
837 4935 1018 5011 Christum
1035 4943 1131 5013 velut
1146 4964 1327 5033 sponsum,
1352 4937 1467 5011 Deum
1484 4939 1554 5010 Ze-

574 5048 686 5132 loten,
703 5042 897 5115 Ecclesiam
914 5065 1074 5134 sponsam
1092 5044 1254 5137 pudicam
1271 5056 1303 5112 et
1319 5056 1460 5124 castam,
1485 5042 1554 5110 irn-

576 5149 654 5243 pios
667 5171 750 5217 vero
771 5146 994 5230 idololatras,
1019 5146 1113 5217 velut
1136 5144 1313 5215 adulteros
1339 5158 1372 5216 et
1399 5143 1554 5213 fornica-

576 5263 669 5319 tores
684 5246 891 5335 depingunt.

675 5376 868 5470 Praecipue
882 5390 997 5447 autem
1019 5377 1173 5449 foederis
1194 5378 1388 5467 coniugalis
1411 5380 1555 5470 propria

575 5496 627 5553 est
660 5480 806 5553 societas
835 5479 995 5548 omniurn
1025 5479 1203 5548 bonorum
1233 5491 1268 5549 et
1296 5502 1555 5549 aerumnarum.

489 5651 522 5689 ,ὁ
577 5582 697 5676 Quare
726 5596 761 5654 et
788 5579 881 5651 filius
901 5576 971 5650 Dei
996 5600 1060 5649 sua
1083 5600 1221 5651 summa
1249 5580 1359 5663 bona,
1390 5579 1556 5652 videlicet

1591 1882 1649 1942 na,
1665 1859 1827 1928 videlicet
1837 1884 1956 1927 veram
1970 1861 2241 1942 invocationem,
2258 1863 2446 1952 gratiarum
2460 1867 2569 1936 actio·

1592 1983 1693 2041 nem,
1733 1959 2021 2046 celebrationem,
2061 1985 2141 2032 curn
2174 1987 2237 2032 suo
2267 1984 2395 2052 sponso
2424 1960 2568 2037 Christo

1592 2061 1835 2131 communicat.
1888 2057 1970 2130 ldeo
1988 2062 2082 2130 enirn
2097 2060 2253 2132 Ecclesia
2268 2064 2373 2133 electa
2391 2075 2440 2132 est
2457 2081 2492 2137 et
2508 2070 2570 2136 de-

1593 2175 1773 2251 sponsata,
1799 2185 1838 2229 sc
1855 2162 1892 2229 in
1911 2163 2174 2233 matrimonium
2191 2165 2319 2233 tradita
2335 2166 2407 2235 lilio
2425 2166 2503 2248 Dei,
2529 2181 2570 2238 ut

1593 2274 1774 2332 aeternum
1807 2275 1942 2351 patrem
1971 2264 2233 2333 conciliatorem
2266 2260 2392 2334 harum
2424 2268 2569 2357 nuptia-

1593 2386 1694 2446 rum,
1731 2363 1902 2431 etlilium
1928 2363 1996 2433 Dei
2027 2386 2195 2455 sponsum
2229 2388 2300 2434 una
2318 2373 2405 2436 ‘curn
2433 2350 2571 2459 Spiritu

1592 2476 1730 2545 sancto,
1756 2462 1816 2553 qui
1842 2477 1893 2532 est
1914 2487 2023 2533 nexus
2046 2465 2161 2535 mutui
2183 2465 2334 2551 amoris,
2359 2468 2405 2537 ad
2428 2493 2569 2539 ornnem

1593 2563 1838 2635 aeternitatem
1853 2564 2015 2633 celebret.

1692 2678 1793 2748 Hanc
1808 2680 2046 2749 dulcissimam
2062 2680 2247 2770 imaginem
2262 2682 2423 2754 foederis
2438 2682 2573 2760 Christi

1593 2793 1627 2851 et
1645 2778 1841 2863 Ecclesiae,
1867 2793 1899 2848 et
1925 2781 2088 2849 immensi
2111 2782 2257 2862 amoris,
2281 2808 2352 2875 qno
2373 2810 2449 2854 earn
2462 2784 2571 2857 Chri-

1593 2897 1666 2954 stus
1697 2881 1956 2969 complectitur,
1998 2883 2125 2972 pictam
2155 2882 2194 2949 in
2222 2881 2361 2954 foedere
2382 2889 2572 2975 coniugali,

1594 2984 1816 3051 considerare
1831 2981 1898 3071 piis
1911 2982 2131 3071 coniugibus
2154 2994 2189 3051 et
2203 3006 2286 3053 vera
2302 3007 2342 3053 ac
2356 2989 2492 3057 ardenti
2506 2990 2563 3059 be-

1594 3083 1793 3150 nevolentia
1810 3104 1883 3149 sese
1899 3096 2021 3153 mutuo
2044 3081 2376 3171 complectentibus,
2400 3088 2501 3157 valde
2515 3090 2550 3159 iu

1594 3186 1748 3253 cundum
1771 3195 1804 3251 et
1818 3195 1954 3269 gratum
1971 3197 2040 3266 est,
2065 3207 2104 3252 ac
2119 3182 2159 3249 in
2174 3183 2457 3273 difficultatibus,
2483 3212 2543 3281 qus

1595 3281 1661 3352 hoc
1683 3307 1792 3372 genos
1808 3283 1900 3351 vitae
1919 3283 2114 3376 plerunque
2136 3284 2299 3353 comitari
2314 3286 2447 3374 solent,
2472 3311 2533 3381 pra

1595 3387 1733 3476 cipnam
1751 3384 2028 3455 consolationem
2043 3387 2165 3455 adfert.

1695 3503 1773 3573 Fiet
1790 3514 1906 3569 autem
1931 3503 2104 3572 illustrior
2120 3497 2204 3571 haec
2224 3504 2455 3575 consideratio
2475 3531 2515 3576 ar

1594 3606 1643 3672 ris
1668 3617 1701 3672 et
1723 3602 1804 3669 fidei
1827 3601 2038 3688 coniugalis,
2069 3626 2150 3671 cum
2175 3605 2331 3695 exempla
2357 3605 2514 3677 intuebit

1596 3702 1840 3788 coniugiorum
1862 3701 2041 3779 foelicium
2062 3714 2096 3769 et
2117 3703 2298 3781 suavium,
2325 3707 2442 3794 qualia
2464 3706 2510 3779 it'·

1596 3806 1664 3875 cris
1686 3797 1843 3870 historiis
1866 3801 2068 3869 referuntur
2086 3796 2180 3867 lsaac
2196 3814 2231 3870 et
2244 3798 2444 3889 Rebeccae,
2469 3788 2507 3877 P)

1596 3919 1628 3976 et
1650 3898 1802 3985 Rachel,
1826 3899 1942 3970 David
1967 3913 2001 3969 et
2025 3897 2179 3988 Abigail.
2231 3898 2273 3969 ln
2292 3900 2427 3974 Graeca
2451 3910 2504 3974 el·

1597 4028 1700 4075 mana
1724 3999 1871 4072 historia
1894 4002 1936 4071 ad
1962 4001 2174 4091 posteritatis
2192 4002 2399 4073 memoriam
2420 4004 2502 4075 ced·

1598 4121 1652 4178 tae
1668 4119 1750 4175 sunt
1766 4104 1958 4172 multorum
1976 4103 2168 4173 illustrium
2186 4103 2429 4195 coniugiorum
2446 4082 2502 4251 Γ,

1597 4231 1685 4301 quae
1700 4227 1879 4274 recensere
1896 4204 2015 4272 omnia
2030 4227 2103 4272 non
2118 4226 2274 4301 possum.

1657 4432 1659 4435 Ι
1699 4337 1812 4410 Notae
1837 4350 1921 4407 sont
1952 4331 2121 4407 historiae
2150 4336 2337 4430 Penelopis
2365 4354 2401 4410 et
2454 4322 2498 4415 l³,

1599 4438 1743 4511 Admeti
1776 4453 1811 4508 et
1834 4435 2044 4522 Alcestidis,
2080 4437 2291 4509 Laodamiae
2322 4440 2410 4511 etP
2471 4430 2497 4518 l,

1598 4541 1784 4612 Lucretiae
1798 4552 1833 4609 et
1848 4536 2035 4623 Collatini,
2061 4536 2247 4609 Tiberiiet
2262 4538 2405 4611 Cornel'
2437 4531 2495 4599 ul.
2606 4555 2612 4565 .

1600 4643 1650 4712 vii
1664 4640 1781 4712 Flacci
1795 4654 1830 4711 et
1845 4637 2018 4732 Sulpitiae
2033 4636 2292 4710 Patercnlanae.

1702 4769 1750 4847 Et
1787 4774 1824 4842 in
1856 4772 2149 4843 Germanicarum
2189 4798 2307 4845 rectam
2341 4801 2400 4847 mo
2465 4768 2474 4784 ’

1602 4875 1800 4967 exemplum
1824 4872 1979 4944 ardentis
2001 4874 2131 4944 amoris
2154 4889 2187 4947 et
2207 4876 2290 4945 fidei
2305 4880 2387 4947 coni
2424 4869 2492 4936 fld-

1604 4979 1748 5048 modum
1774 4975 1911 5046 illustre
1939 4988 2032 5047 estat
2059 4976 2097 5044 in
2124 4970 2269 5046 historia
2296 4975 2376 5048 Gne
2439 4968 2491 5038 tis

1603 5077 1794 5159 Bavariae,
1830 5076 1999 5170 quicum
2028 5099 2048 5144 a
2071 5073 2234 5148 Conrado
2264 5079 2379 5168 imper
2408 5085 2491 5153 {²⁰⁸2

1604 5180 1814 5249 diuturnum
1838 5190 1872 5247 et
1892 5200 2026 5269 anceps.
2042 5177 2197 5262 bellurn,
2221 5181 2362 5250 tandem
2430 5167 2439 5183 ’

1605 5279 1807 5370 Winsperg
1820 5276 2005 5350 obsidione
2018 5277 2152 5348 cinctus
2167 5295 2275 5365 esset,
2302 5295 2335 5351 et
2395 5269 2488 5337 ffl-

1604 5404 1661 5449 ma
1684 5379 1922 5463 deditionem,
1955 5379 2225 5472 quibuscunque
2245 5382 2351 5450 condi
2432 5368 2487 5438 fa.

1606 5504 1701 5564 cere,
1733 5495 1767 5551 et
1788 5481 1869 5551 irati
1891 5479 2035 5551 victoris
2062 5503 2211 5580 poenam
2242 5481 2341 5551 subir

1604 5581 1658 5652 ibi
1672 5607 1761 5654 uxor
1775 5576 1934 5675 Guelphi
1947 5583 2053 5674 petit,
2079 5596 2120 5655 ut
2135 5582 2203 5662 sibi
2215 5605 2294 5653 cum
2310 5608 2328 5654 c
2424 5592 2485 5641 ²⁰·
2582 5655 2584 5659 ,
