6025 6775
435 612 510 693 td'i
912 601 1075 680 DECD.
1106 602 1183 679 DE
1222 594 1506 678 ERNESTO
1538 596 1692 674 DUCE
1723 597 1967 678 BRUNSV.
2372 612 2446 684 288

434 776 696 857 controversias
718 772 978 848 haereditatum
999 790 1035 848 et
1055 788 1300 848 contractuum
1330 800 1422 869 quo·
1469 770 1624 842 ciuntur.
1663 768 1805 843 lusticia
1819 773 1906 860 fuit,
1929 798 2003 845 non
2020 772 2175 846 adimere
2189 788 2361 849 vetustam
2379 781 2446 849 im-

434 886 500 957 ties
534 880 674 977 potuit,
712 877 857 949 diremit
884 877 1204 963 transactionibus,
1246 879 1421 972 aequitate
1469 871 1699 958 munitatem,
1723 871 1850 963 pietas,
1875 876 2072 948 reverentia
2097 878 2233 969 stirpis,
2259 892 2294 949 et
2318 904 2452 950 monu-

430 986 605 1078 utrinque
627 978 826 1075 proposita,
850 992 884 1050 et
905 1002 1056 1049 monens
1077 993 1117 1051 ut
1133 980 1310 1069 litigantes
1327 979 1417 1048 mal·
1469 985 1670 1043 mentorum
1693 974 1926 1062 laudatissimi
1940 977 2136 1069 Principis,
2162 980 2325 1061 comitas,
2350 985 2446 1073 quod

430 1090 512 1159 lent
526 1098 660 1176 partem
682 1082 726 1150 de
746 1103 810 1150 suo
829 1079 1050 1173 relinquere,
1084 1104 1191 1175 qrsam
1207 1082 1313 1170 longa
1328 1103 1417 1150 con·
1468 1072 1691 1144 familiariter
1704 1098 1785 1144 cum
1802 1078 1930 1146 colono
1953 1080 2130 1173 loquitur,
2155 1093 2189 1151 et
2214 1082 2358 1153 abeunti
2384 1083 2446 1153 dat

434 1186 596 1260 tentione
610 1193 788 1272 sumptus,
811 1180 969 1262 labores,
995 1194 1029 1251 et
1044 1204 1146 1253 curas
1168 1182 1237 1260 sibi
1254 1182 1416 1252 cumula·
1467 1174 1624 1246 xenium.
1677 1173 1772 1288 Quia
1794 1177 1903 1266 igitur
1925 1193 1958 1250 et
1981 1181 2094 1253 iustus
2108 1195 2184 1253 erat
2198 1194 2232 1252 et
2255 1184 2443 1269 beneficus,

436 1312 495 1373 re,
517 1300 552 1360 et
566 1282 735 1375 impedire
750 1280 821 1351 alia
836 1303 899 1352 sua
915 1282 1060 1373 negocia
1076 1284 1186 1374 magis
1210 1282 1416 1367 neccssaria,
1467 1277 1681 1366 diligebatur
1714 1301 1735 1345 a
1769 1277 1874 1348 bonis
1906 1283 2090 1368 omnibus,
2122 1296 2157 1353 et
2189 1277 2258 1355 hoc
2283 1284 2443 1355 munitus

436 1403 474 1460 et
484 1384 668 1457 accendere
686 1382 769 1454 odia
784 1383 1013 1468 familiarum,
1038 1403 1129 1476 quae
1141 1398 1261 1477 postea
1277 1383 1415 1476 reipub.
1465 1377 1893 1469 praesidiolormidabilis
1908 1394 1983 1451 erat
1996 1383 2238 1455 ferocioribus.
2279 1380 2443 1456 Omnino

432 1485 630 1579 perniciosa
653 1484 746 1569 siut,
786 1484 940 1579 denique
973 1508 1062 1577 qnae
1087 1486 1192 1556 etiam
1217 1485 1415 1555 invocatio-
1466 1479 1763 1567 gubernatoribus
1780 1481 1947 1553 omnibus
1962 1503 2024 1552 seu
2040 1485 2206 1569 summis,
2231 1509 2291 1555 scu
2306 1486 2444 1556 medio·

429 1611 512 1659 uem
538 1581 608 1658 Dei
639 1583 849 1676 impediant.
907 1581 950 1653 lu
985 1580 1051 1655 bac
1082 1610 1123 1655 re
1145 1588 1276 1657 multos
1301 1609 1415 1655 annos
1466 1580 1585 1650 eribus
1606 1602 1696 1670 opus
1716 1594 1768 1652 est
1788 1582 1892 1651 sociis
1914 1597 1949 1655 et
1970 1585 2199 1656 consiliorum
2222 1600 2255 1657 et
2269 1588 2444 1661 laborum.

429 1689 631 1761 adiutorem
658 1681 784 1756 habuit
809 1686 1033 1757 excellentem
1056 1679 1173 1759 virum
1195 1687 1365 1779 sapientia
1380 1699 1415 1757 et
1463 1676 1645 1751 Necunus
1659 1694 1721 1753 aut
1736 1682 1857 1754 vidme
1881 1685 2022 1772 omnio,
2046 1698 2106 1756 aut
2127 1708 2228 1775 agere
2249 1700 2380 1778 potest,
2402 1699 2444 1759 ut

429 1788 573 1863 iusticia
603 1799 857 1878 praestantem,
898 1787 1021 1858 multis
1049 1788 1155 1860 bonis
1184 1788 1414 1881 Principibus
1463 1780 1646 1850 verissime
1667 1781 1799 1853 dierum
1830 1799 1897 1855 esc:
1927 1790 2016 1878 μιᾶς
2043 1782 2119 1885 γὰρ
2136 1789 2259 1883 χοῖροι
2281 1782 2444 1879 ἀσθενὴς

431 1887 597 1974 charum,
641 1881 887 1958 Balthasarum
925 1884 1106 1960 Clammer
1141 1886 1413 1962 Cancellarium,
1464 1872 1580 1973 μα’χη.
1630 1879 1831 1970 'Singularis
1864 1886 1975 1976 igilur
2006 1888 2178 1958 foellcllaa
2211 1886 2443 1979 Reipublicae

431 1991 529 2065 Utile
553 2000 671 2060 autem
699 2010 772 2057 csse
796 1987 842 2056 ad
860 1992 1234 2063 commonefactionem
1259 1991 1412 2061 aliorum
1463 1996 1533 2072 eat,
1557 2004 1639 2051 cum
1656 1980 1825 2075 Princeps
1839 1980 1943 2059 habet
1964 1989 2096 2060 amicos
2110 1989 2301 2081 sapientes,
2323 1990 2445 2075 iustos,

429 2092 580 2166 recitare
598 2090 767 2182 quasdam
791 2087 903 2179 ipsius
924 2090 1099 2181 sapienter
1114 2093 1281 2183 cogitatas
1294 2105 1412 2163 trans·
1462 2082 1727 2171 magnanima
1752 2086 1814 2179 (1¹15
1836 2099 1871 2156 ‘l
1890 2089 2006 2178 ipsum
2029 2092 2067 2160 in
2087 2091 2246 2161 consiliis
2259 2092 2369 2159 mulla
2386 2112 2443 2159 re·

430 2193 607 2276 actiones,
638 2191 698 2259 sed
718 2189 888 2262 brevitate
911 2194 1081 2283 temporis
1101 2194 1295 2286 impedior,
1327 2194 1413 2260 uni·
1463 2197 1517 2254 cte
1533 2198 1721 2271 moneant,
1746 2201 1780 2259 et
1794 2190 2018 2261 autoritatem
2034 2192 2066 2260 ei
2081 2192 2268 2284 inpopulo
2284 2203 2444 2281 augeant,

432 2298 510 2365 cam
542 2304 680 2365 tantum
706 2285 890 2363 historiam
920 2292 1102 2374 adiiciam,
1135 2317 1241 2386 quam
1266 2292 1412 2362 audive-
1462 2307 1503 2355 ac
1516 2286 1724 2380 plerumque
1741 2289 1863 2381 quales
1878 2304 1963 2361 sunt
1977 2290 2091 2376 amici,
2106 2293 2186 2362 talis
2201 2307 2250 2364 est
2263 2293 2444 2382 Princeps,

430 2410 517 2469 runt
531 2392 635 2464 multi
654 2414 696 2461 er
712 2392 801 2485 ipso.
835 2391 1024 2464 Praedium
1040 2406 1090 2462 cst
1108 2393 1265 2462 vicinum
1279 2393 1410 2484 oppido
1461 2399 1502 2455 ut
1516 2385 1578 2457 illa
1593 2387 1827 2460 vetustissima
1839 2392 1931 2462 dicta
1944 2392 2157 2483 significant:
2179 2390 2309 2485 ὅμοιον
2325 2388 2453 2488 ὁμοίῳ·

429 2496 568 2578 Cellae,
590 2494 687 2586 quod
703 2492 909 2565 nominatur
920 2488 1137 2580 Lutherloh,
1160 2496 1258 2587 quod
1285 2517 1412 2587 perpe·

429 2611 526 2684 imm
544 2590 666 2680 babuit
679 2593 950 2667 immunitatem.

506 2694 597 2768 Cum
613 2710 731 2768 autem
747 2706 912 2789 quaestor
930 2694 1033 2767 illum
1046 2696 1198 2769 fundum
1214 2718 1306 2768 nova
1322 2720 1411 2788 pen-

429 2800 529 2872 sione
549 2811 763 2868 oneraturos
784 2809 890 2881 esset,
915 2799 1048 2872 accedit
1069 2800 1217 2869 colonus
1241 2799 1287 2867 ad
1301 2795 1410 2866 Priu-

429 2901 560 2993 cipem,
585 2909 708 2965 narrat
721 2894 829 2966 luisse
846 2913 1050 2989 perpetuam
1074 2898 1352 2976 immunitatem,
1376 2908 1411 2966 ct

369 3017 372 3023 ’
428 3024 568 3072 causam
583 2995 691 3081 addit,
705 2996 787 3089 quia
802 2996 841 3067 iu
857 3024 898 3070 eo
914 3001 1025 3072 lundo
1043 3014 1148 3073 natus
1160 3000 1206 3071 sit
1219 2992 1412 3068 Lotharius

429 3100 639 3190 Imperator,
662 3112 785 3169 narrat
799 3100 917 3185 etiam,
931 3123 968 3171 se
984 3116 1018 3173 et
1030 3102 1181 3194 maiores
1193 3125 1276 3172 suos
1290 3099 1411 3170 multis

429 3198 557 3270 seculis
570 3196 723 3266 tenuisse
735 3193 833 3266 huuc
846 3199 1012 3284 fundum,
1036 3214 1071 3270 et
1084 3201 1324 3271 narrationem
1338 3213 1411 3269 tra-

430 3296 541 3368 ditam
555 3316 627 3365 esse
641 3317 662 3365 a
677 3294 888 3378 maioribus,
909 3300 955 3369 ab
968 3301 1090 3370 eadem
1103 3301 1211 3391 stirpe
1229 3312 1264 3369 et
1277 3292 1410 3367 Lotha-

426 3399 521 3468 rium
547 3410 582 3468 et
611 3396 785 3467 familiam
809 3421 908 3469 suam
930 3412 1027 3472 ortos
1051 3421 1141 3486 esse,
1178 3423 1218 3469 ac
1240 3411 1336 3484 orat,
1369 3413 1410 3469 ut

427 3508 575 3591 propter
582 3491 745 3568 Lotharii
759 3499 966 3570 memoriam
981 3512 1133 3573 veterem
1150 3499 1408 3570 immunitatem

426 3600 527 3670 locus
542 3597 619 3668 eius
637 3598 766 3669 natalis
779 3598 937 3670 retineat.
987 3600 1189 3672 Delectatus
1204 3594 1270 3669 hac
1285 3622 1410 3670 narra-

426 3701 525 3773 tione
549 3697 738 3790 Princeps,
762 3697 846 3791 quia
869 3690 1079 3769 Lotharium
1101 3712 1246 3789 propter
1267 3699 1408 3769 virtutis

426 3797 677 3897 praestantiam
691 3810 727 3870 et
741 3796 861 3890 stirpis
875 3797 983 3868 decus
998 3821 1101 3891 saepe
1114 3798 1323 3881 celebrabat,
1350 3822 1407 3869 ac-

426 3903 530 3976 cersit
547 3912 788 3995 quaestorem,
813 3899 1008 3990 interrogat
1021 3902 1067 3971 dc
1081 3899 1307 3970 immunitate
1321 3898 1407 3970 lun-

426 4005 483 4092 di,
507 4002 605 4076 iubet
627 4014 662 4074 et
683 3997 803 4072 vocari
825 4022 927 4070 senes
947 4001 1101 4085 vicinos,
1126 4021 1216 4094 quos
1229 4011 1264 4071 et
1278 4000 1323 4068 de
1337 4000 1407 4069 im-

426 4106 617 4189 munitate,
649 4116 685 4176 et
705 4103 751 4174 de
774 4101 903 4172 coloni
917 4102 1051 4174 familia
1074 4102 1279 4191 interrogat.
1328 4097 1408 4171 Ho-

427 4232 508 4280 rum
519 4202 772 4303 narrationum
787 4218 995 4294 congrueret
1008 4226 1088 4276 cum
1114 4202 1236 4273 coloni
1250 4224 1407 4272 comme-

425 4309 645 4389 moratione,
675 4303 845 4396 Princeps
873 4305 1004 4386 laetus‚
1034 4305 1130 4399 quod
1153 4305 1252 4375 locus
1277 4303 1407 4374 natalis

423 4406 587 4484 liutharii
607 4405 833 4501 Imperatoris
845 4406 1013 4500 sapientia
1028 4420 1063 4478 et
1079 4406 1209 4477 virtute
1225 4419 1406 4497 praestan-

1462 2481 1585 2583 φίλον,
1600 2500 1633 2557 ct
1647 2483 1773 2561 ὁποῖαι
1783 2486 1974 2572 δέσποιναι
1986 2495 2083 2566 τοῖαι
2092 2488 2156 2567 καὶ
2167 2491 2442 2590 θεραπαινίδες.

1460 2585 1549 2659 Erat
1566 2589 1725 2679 sapiente
1738 2605 1773 2662 et
1786 2616 1914 2684 magno
1929 2593 2027 2685 Rege
2046 2596 2174 2687 dignus
2189 2595 2341 2668 Senatus
2361 2618 2442 2665 cum

1461 2690 1694 2762 consederant
1722 2690 1912 2786 Princeps,
1948 2695 2125 2769 Ascanius
2150 2695 2315 2769 Cramius
2349 2697 2443 2766 inter
2511 2730 2516 2740 ·

1461 2789 1626 2859 ductores
1639 2793 1855 2865 exercituum
1871 2796 1912 2865 in
1927 2796 2131 2882 Germania,
2146 2801 2355 2894 praecipuus
2370 2796 2443 2865 vir-

1460 2899 1536 2957 tute
1557 2901 1592 2958 et
1616 2894 1824 2979 autoritate,
1849 2899 1966 2967 etalii
1993 2899 2062 2967 viri
2084 2900 2191 2971 fortes
2209 2914 2242 2971 ct
2259 2900 2383 2992 periti,
2408 2911 2442 2968 et

1462 2983 1633 3059 Oratores
1648 2990 1823 3079 sapientes
1832 2993 2019 3068 Fursterus
2034 3012 2069 3069 et
2081 2997 2313 3069 Clammerus.
2361 2995 2441 3067 Hoc

1461 3103 1577 3160 tantos
1594 3089 1691 3159 viros
1705 3092 1919 3164 verebantur
1932 3097 2059 3180 etiam,
2080 3100 2108 3167 si
2125 3099 2187 3191 qui
2209 3112 2311 3169 eraut
2332 3097 2441 3167 efferi.

1461 3190 1504 3261 ln
1523 3187 1590 3261 hac
1606 3193 1938 3265 commemoratione
1951 3196 2093 3285 longior
2109 3221 2240 3281 essem,
2260 3198 2290 3265 si
2306 3210 2442 3287 tempus

1462 3293 1679 3361 concederet.
1729 3289 1854 3364 Dicam
1870 3296 1980 3387 igitur
1992 3319 2104 3389 pauca
2121 3299 2165 3368 de
2181 3298 2351 3368 interiore
2368 3296 2441 3368 vita

1461 3405 1495 3462 et
1515 3393 1705 3464 domestica
1726 3399 2001 3484 consuetudine,
2032 3399 2163 3493 inqua
2196 3400 2317 3470 nullae
2341 3412 2442 3469 crant

1459 3493 1633 3579 latebrae,
1657 3495 1779 3567 nullae
1792 3498 2053 3586 occultationes,
2077 3501 2217 3572 vivebat
2233 3502 2272 3570 in
2289 3502 2379 3585 luce,
2402 3496 2442 3567 in

1460 3593 1573 3664 oculis
1588 3594 1766 3682 omnium,
1790 3601 1959 3689 patebant
1972 3602 2017 3671 ad
2041 3626 2121 3673 eum
2144 3601 2262 3673 aditus
2283 3597 2440 3675 honestis

1458 3692 1626 3764 omnibus
1644 3697 1816 3789 quotidie.
1866 3696 1954 3775 Erat
1975 3703 2070 3773 enim
2095 3716 2130 3775 et
2144 3704 2333 3774 domestica
2351 3726 2440 3771 con-

1457 3795 1607 3866 suetudo
1624 3796 1728 3889 plena
1740 3800 1956 3892 optimorum
1971 3806 2222 3898 exemplorum.
2247 3801 2336 3875 Erat
2351 3817 2440 3873 tem-

1457 3918 1606 3988 perans,
1636 3911 1770 3982 eratus,
1812 3905 1973 3990 sobrius,
2006 3904 2268 4004 φιλόστοργος,
2304 3918 2441 3976 ecerat

1456 3998 1622 4087 gravitati
1633 3999 1743 4072 mixta
1759 4005 1923 4077 suavitas.
1973 4009 2057 4079 Erat
2075 4031 2199 4078 amans
2220 4007 2378 4089 ordinis,
2403 4019 2453 4075 et·

1456 4110 1550 4167 recte
1574 4111 1731 4190 tempora
1753 4103 1988 4176 distribuebat
2011 4109 2252 4197 precationum
2277 4107 2438 4200 publica·

1457 4220 1538 4267 rum
1551 4209 1586 4267 et
1602 4199 1886 4290 domesticarum,
1905 4207 2096 4279 lectionum
2111 4210 2338 4302 privatarum,
2351 4230 2438 4275 con-

1457 4297 1619 4368 siliorum
1651 4301 1893 4391 publicorum,
1932 4309 2181 4398 prandiorum,
2225 4329 2436 4391 coenarum,

1457 4399 1591 4484 somni,
1617 4401 1857 4478 venationum.
1886 4404 2080 4498 Coniugem
2097 4404 2222 4481 habuit
2237 4422 2435 4479 matronam

423 4514 471 4585 tis
486 4512 554 4583 sibi
568 4520 783 4581 monstratus
797 4518 888 4593 eras,
912 4521 947 4579 et
967 4509 1063 4601 quod
1078 4504 1226 4578 'vicinus
1237 4520 1325 4578 esset
1341 4522 1405 4576 suo
1457 4494 1751 4609 honestissimam,
1775 4505 1883 4576 filiam
1899 4506 2009 4580 Ducis
2019 4508 2322 4601 Megalbnrgensis
2335 4507 2437 4578 Heu·-

425 4611 628 4697 domicilio,
648 4633 769 4683 sarcre
783 4608 883 4680 iubet
896 4608 936 4678 in
950 4609 1052 4680 libris
1067 4605 1284 4696 Quaesturae
1297 4605 1407 4678 scribi
1451 4601 1542 4686 rici,
1566 4601 1629 4696 qui
1655 4604 1827 4695 sapientia
1848 4611 2031 4697 excelluit,
2055 4624 2175 4682 natam
2199 4635 2241 4682 ex
2262 4611 2333 4680 lilia
2347 4605 2436 4680 Phi·

424 4729 535 4787 totam
549 4709 641 4784 hanc
657 4710 912 4792 narrationem,
940 4723 974 4783 et
990 4711 1099 4796 addit,
1120 4732 1157 4779 se
1173 4710 1282 4794 velle,
1306 4721 1347 4780 ut
1360 4709 1405 4778 ad
1455 4701 1548 4794 lippi
1562 4701 1714 4775 Palatini
1734 4702 1922 4784 Electoris.
1973 4710 2127 4806 Fuitquc
2148 4711 2352 4802 coniugium
2375 4735 2435 4781 ca-

428 4838 569 4884 omuem
584 4814 821 4907 posteritatem
835 4807 895 4882 hic
907 4812 1041 4885 fundus
1054 4812 1100 4882 sit
1119 4811 1300 4897 immunis,
1320 4809 1404 4905 quia
1455 4817 1578 4901 stum,
1600 4806 1722 4887 dulce,
1752 4809 1986 4899 foecundum,
2015 4827 2051 4885 et
2063 4814 2155 4886 lilios
2177 4826 2212 4886 et
2232 4813 2322 4883 filias
2343 4825 2436 4885 retu

430 4912 478 4986 sit
498 4913 594 4985 locus
615 4914 743 4987 natalis
758 4908 920 4985 Lotharii
934 4910 1173 5005 Imperatoris.
1225 4909 1404 4983 Colonum
1455 4904 1590 4975 erudiri
1613 4909 1657 4978 dc
1680 4905 1775 4994 Deo,
1807 4926 1841 4981 et
1861 4914 1908 4995 de
1932 4915 2099 4985 omuibus
2128 4909 2287 4986 honestis
2308 4911 2435 4985 olliciis

426 5016 539 5086 etiam
551 5013 646 5085 iubet
661 5038 776 5087 secum
789 5017 984 5108 prandere,
1013 5030 1047 5087 et
1061 5011 1244 5100 hortatur,
1268 5026 1309 5084 ut
1324 5036 1405 5083 cum
1454 5018 1603 5098 pateret
1616 5019 1728 5079 mater
1742 5027 1966 5094 curaverunt,
1980 5017 2141 5109 quotidie
2154 5017 2259 5088 etiam
2275 5017 2320 5085 ad
2333 5037 2434 5083 men·

426 5114 651 5207 cognationis
664 5116 878 5187 mentionem
895 5116 1028 5202 lecerit,
1051 5115 1143 5186 lilios
1156 5128 1250 5186 recte
1266 5114 1405 5184 erudiat
1455 5132 1530 5179 sam
1552 5107 1617 5176 filii
1642 5120 1675 5178 et
1691 5109 1783 5178 filiae
1797 5134 1877 5181 cum
1893 5119 2099 5205 parentibus
2113 5117 2331 5208 precationes
2343 5115 2413 5185 reci
2419 5151 2436 5165 ·

424 5220 471 5290 de
484 5215 562 5289 Deo
579 5229 615 5288 et
637 5216 799 5288 debonis
813 5218 990 5305 moribus,
1022 5231 1056 5291 et
1079 5239 1138 5287 eos
1161 5218 1206 5286 ad
1236 5214 1403 5287 virtmem
1454 5220 1587 5282 terunt.
1624 5207 1896 5304 Praeceptomm
1911 5216 1994 5284 liliis
2015 5230 2115 5310 pater
2129 5218 2227 5289 dedit
2241 5218 2358 5289 virum
2377 5216 2435 5284 iu·

426 5319 657 5404 adsuefaciat,
684 5330 720 5389 et
743 5319 855 5390 tradat
879 5319 1030 5390 fundum
1053 5318 1201 5412 posteris
1220 5319 1404 5401 tuendum,
1453 5326 1611 5403 tegrum,
1639 5308 1873 5385 Guilielmum
1893 5313 2096 5408 Megalum,
2121 5343 2225 5414 quem
2248 5315 2435 5390 familiari·

426 5444 462 5492 sa
475 5420 661 5517 quoqne‘si
675 5418 756 5514 quis
771 5418 905 5488 exiliis
921 5420 1030 5493 discet
1043 5420 1180 5504 literas,
1206 5418 1327 5489 cinon
1342 5419 1405 5487 de·
1456 5427 1510 5486 ter
1522 5413 1654 5484 erudiit
1666 5409 1868 5486 loachimus
1884 5414 2119 5507 Camerarius,
2140 5423 2240 5493 cuius
2255 5433 2307 5491 est
2321 5415 2435 5488 excel·

424 5523 585 5595 futurum
602 5545 677 5592 esse
691 5520 866 5593 adfirmat.
904 5516 1043 5591 Deinde
1059 5520 1254 5592 discedenti
1276 5519 1403 5591 colono
1455 5517 1532 5586 lens
1561 5514 1734 5603 eruditio,
1776 5517 1948 5611 sapientia
1977 5533 2012 5592 et
2040 5519 2223 5616 integritas
2245 5521 2284 5589 in
2310 5514 2431 5586 omnio

426 5624 523 5695 iubet
545 5625 622 5694 dari
648 5643 786 5716 pannos
815 5621 860 5690 ad
891 5619 1090 5694 vestiendus
1116 5623 1209 5692 lilios
1239 5634 1273 5692 ct
1299 5621 1402 5691 filias.
1454 5618 1580 5690 officio.

425 5722 623 5797 Multarum
637 5726 811 5799 virtutum
825 5723 866 5792 in
882 5715 951 5794 hoc
965 5725 1124 5818 exemplo
1140 5724 1240 5815 signa
1261 5722 1403 5814 conspi-
