6025 6775
391 577 467 656 aar
757 561 1642 692 rnncnjnncortsronnsrrona
1677 509 1851 664 conr„
1875 567 2044 648 auu
2318 577 2416 684 ¹see

394 745 513 836 Quam
534 739 642 812 multi
669 739 795 814 stolidi
824 740 864 810 in
891 739 1079 834 itineribus
1108 740 1376 832 extinguuntur,
1428 732 1593 807 homines
1608 738 1763 829 cogitant
1775 763 1903 833 magna
1918 744 2048 816 scelera
2066 765 2151 832 esse,
2174 745 2307 822 violare
2320 763 2411 824 tem·
2463 776 2468 783 ·

391 843 457 918 nbi
466 842 629 914 Medicus
645 837 778 914 babere
791 863 866 912 non
883 851 1041 934 possunt,
1067 844 1150 937 quia
1167 840 1262 914 nibil
1276 843 1378 913 auxi·
1428 839 1487 929 pla
1503 835 1589 923 Dei,
1616 852 1652 909 ct
1668 836 1949 914 aras‘hominum
1964 845 2129 918 manibus
2144 860 2340 924 extm'ctasz'
2359 854 2408 927 ita

390 947 432 1017 lii
454 967 636 1038 opponere
658 957 824 1036 possunt,
849 967 929 1013 cum
952 943 1070 1013 locum
1093 944 1257 1016 affectum
1275 945 1378 1034 igno·
1427 939 1534 1028 longe
1555 940 1674 1010 verius
1698 964 1825 1032 magna
1847 946 1976 1016 scelera
1998 969 2071 1016 esse
2089 952 2408 1039 statuamus,·vivs

392 1060 486 1121 rent.
538 1041 710 1138 Exempla
727 1046 837 1115 multa
853 1067 997 1114 narrare
1012 1066 1163 1136 possem.
1216 1044 1377 1117 Profecto
1426 1037 1494 1110 Dei
1519 1041 1667 1131 templa,
1688 1042 1727 1110 in
1752 1046 1882 1137 quibus
1902 1070 1984 1117 vere
2006 1044 2103 1118 Deus
2124 1044 2280 1136 habitat,
2304 1053 2408 1140 lucet,

392 1149 491 1220 enim
511 1146 618 1215 valde
639 1161 773 1230 errant,
799 1146 862 1238 qui
885 1140 978 1214 nibil
1003 1145 1170 1216 interesse
1191 1146 1376 1216 interma·
1427 1155 1462 1213 ct
1476 1163 1513 1211 se
1529 1142 1651 1232 generi
1664 1138 1822 1214 humano
1842 1149 2016 1233 ostendit,
2042 1150 2187 1226 violare.
2238 1151 2406 1224 Necessa—
2479 1177 2481 1182 ·

391 1251 494 1321 rinos
508 1248 668 1338 scopulos
682 1259 716 1317 et
743 1248 900 1317 membra
915 1240 1066 1315 humani
1081 1247 1239 1338 corporis
1257 1246 1377 1317 existi·
1424 1242 1476 1312 ria
1503 1257 1557 1313 est
1579 1255 1696 1312 autem
1713 1247 1757 1314 ad
1776 1263 1902 1316 curam
1913 1251 2190 1322 conservationis
2204 1253 2406 1325 considera-

391 1362 512 1433 mant,
537 1370 602 1417 nec
615 1370 734 1417 curam
751 1348 862 1418 ullam
885 1349 1038 1418 tuendae
1054 1347 1286 1433 valetudinis,
1311 1371 1376 1418 nec
1423 1344 1476 1413 tio
1498 1344 1759 1430 membrorum,
1788 1371 1830 1416 ac
1853 1360 1893 1417 ut
1911 1348 2103 1440 intelligas,
2135 1353 2221 1446 qnid
2246 1353 2342 1426 Deus
2364 1356 2404 1425 in

391 1447 608 1539 diligentiam
626 1444 807 1546 adhibent
858 1444 985 1519 Adfert
1002 1445 1070 1519 hoc
1086 1473 1228 1543 quoque
1243 1448 1375 1519 doctri·
1423 1445 1573 1536 singulis
1593 1446 1736 1536 proprie
1755 1461 1853 1536 agat,
1884 1472 2023 1519 necesse
2046 1465 2098 1522 est
2127 1475 2250 1525 eorum
2278 1456 2403 1525 discri-

389 1575 435 1619 na
458 1548 673 1631 anatomica,
698 1562 740 1618 ut
765 1550 985 1634 consideres,
1011 1573 1115 1642 quam
1140 1551 1284 1640 fragiles
1303 1550 1375 1624 sint
1423 1547 1519 1615 mina
1532 1568 1645 1617 nosse.
1696 1545 1833 1619 Lucent
1849 1549 1889 1617 in
1913 1551 2057 1620 cerebro
2079 1554 2250 1640 noticiae,
2275 1556 2403 1630 ardent

387 1646 611 1721 machinulae
632 1651 792 1742 corporis
814 1645 980 1735 humani,
1020 1651 1212 1742 inquibus
1235 1665 1270 1721 et
1294 1652 1374 1720 fons
1421 1646 1460 1714 in
1494 1648 1601 1716 corde
1630 1647 1772 1738 piomm
1795 1650 1984 1722 affectuum
2006 1652 2185 1739 flammae,
2217 1668 2402 1726 armantur

389 1765 440 1823 est
455 1751 548 1826 vitae
563 1763 599 1821 et
612 1754 820 1844 praecipuae
834 1751 990 1823 actiones
1013 1752 1122 1822 fiunt:
1148 1752 1374 1836 nutritiones‚
1421 1747 1524 1816 nervi
1543 1762 1583 1816 ut
1603 1761 1745 1818 externa
1766 1753 1925 1820 membra
1948 1752 2081 1837 cicant,
2113 1749 2198 1824 baec
2222 1769 2262 1826 ut
2278 1756 2401 1851 aliquo

389 1866 506 1924 motus
528 1874 715 1932 sensuum,
749 1866 784 1924 et
810 1865 927 1923 motus
954 1852 1101 1932 locales,
1134 1853 1375 1943 cogitationes,
1422 1848 1529 1917 modo
1543 1849 1684 1936 agnosci
1709 1862 1743 1919 et
1768 1852 1919 1921 discerni
1936 1853 2089 1943 possint,
2113 1856 2403 1931 membrommet

390 1968 427 2025 et
439 1954 709 2027 recordationes.
736 1952 853 2042 Quam
867 1954 975 2024 molle
987 1967 1039 2025 εει
1051 1954 1258 2025 cerebrum?
1276 1956 1371 2047 quod
1421 1949 1601 2019 actionum
1626 1949 1871 2019 distinctiones
1893 1953 2014 2046 aliquo
2034 1956 2141 2024 modo
2161 1956 2243 2025 sciri
2263 1980 2402 2028 necesse

389 2070 507 2124 tamen
530 2068 581 2124 est
603 2055 825 2125 domicilium
848 2056 1081 2147 plurimarum
1097 2069 1131 2124 et
1145 2057 1296 2125 maxime
1309 2056 1373 2123 ad·
1423 2064 1487 2120 est.
1538 2045 1624 2117 Dixi
1640 2050 1684 2118 de
1701 2074 1784 2120 cura
1800 2054 1951 2121 tuendae
1966 2055 2178 2125 valetudinis
2191 2058 2303 2128 multo
2319 2059 2402 2128 bre·

389 2155 610 2226 mirabilium
634 2156 824 2230 actionum.
881 2152 953 2227 Cor
974 2156 1042 2227 etsi·
1061 2171 1198 2247 septum
1222 2170 1272 2227 est
1296 2178 1373 2224 cer·
1421 2150 1520 2234 vius,
1545 2174 1651 2242 quam
1675 2172 1732 2219 res
1755 2153 1879 2243 poscit.
1907 2152 2035 2224 ¹Nunc
2056 2168 2089 2225 et
2112 2157 2286 2228 de'altera
2302 2159 2402 2229 utili·

388 2257 434 2327 tis
451 2252 658 2341 Thalamis,
689 2269 806 2329 tamen
829 2258 886 2328 vel
910 2256 1036 2348 exiguo
1059 2253 1174 2328 halitu
1197 2269 1371 2325 venenato
1421 2264 1490 2321 tate
1506 2250 1640 2336 dicam,
1666 2276 1756 2344 quae
1769 2255 1814 2323 ad
1829 2278 1953 2323 omnes
1975 2250 2139 2324 homines
2159 2259 2332 2348 pertinet,
2355 2262 2401 2330 ad

388 2358 506 2429 subito
528 2357 679 2428 interfici
706 2371 830 2451 potest.
881 2357 1031 2443 Pulmo,
1056 2381 1158 2447 epar,
1192 2356 1372 2426 ventricu-
1422 2352 1517 2421 viros
1533 2365 1567 2421 et
1584 2352 1758 2426 mulieres.
1810 2353 1958 2426 Necesse
1974 2357 2157 2450 est'aliquo
2170 2360 2277 2429 modo
2293 2360 2403 2432 intel·

389 2460 461 2540 lus,
487 2460 599 2549 splen,
625 2448 732 2553 quam
750 2460 866 2530 varias
880 2474 915 2531 et
932 2458 1144 2549 periculosas
1159 2456 1371 2526 offensiones
1420 2454 1483 2542 ligi
1497 2453 1701 2523 discrimina
1719 2458 1955 2545 potentiarum
1972 2459 2130 2543 animae,
2154 2461 2199 2528 de
2222 2460 2352 2553 quibus
2367 2476 2404 2535 et

387 2560 628 2650 experiuntur.
677 2560 777 2650 Quid
794 2562 979 2632 usitatius.
1005 2580 1111 2650 quam
1131 2557 1288 2647 extingui
1304 2554 1371 2629 bo-
1419 2553 1535 2625 Adam
1565 2557 1632 2624 sub
1658 2556 1846 2628 frondibus
1878 2559 2070 2649 pomiferae
2090 2560 2240 2630 alicuius
2264 2563 2402 2636 arboris

386 2661 503 2729 mines
525 2661 672 2732 lacerato
694 2676 814 2754 epate,
839 2684 920 2730 cum
950 2672 1011 2728 aut
1036 2658 1075 2726 in
1106 2672 1202 2730 aestu
1228 2659 1370 2730 avidius
1419 2659 1544 2725 sedens
1558 2655 1787 2727 concionatus
1803 2671 1874 2742 est,
1899 2661 2078 2751 explicans
2098 2662 2248 2733 dictum:
2274 2661 2351 2734 Sub
2365 2677 2401 2735 tc

387 2761 572 2849 biberunt,
610 2777 672 2834 aut
700 2759 837 2852 alioqui
866 2760 1066 2851 plusculum
1097 2761 1368 2852 ingurgitarunt.
1419 2758 1485 2827 erit
1500 2758 1677 2846 appetitus
1695 2771 1785 2832 tuus.
1837 2757 2027 2853 Nunquam
2043 2757 2109 2833 hac
2134 2763 2293 2834 doctrina
2317 2786 2401 2835 vera
2454 2824 2456 2830 ,

388 2860 506 2951 Quam
522 2864 623 2935 facile
638 2873 855 2953 rumpuntur
869 2885 978 2933 venae
994 2875 1028 2933 et
1051 2862 1177 2934 nervi?
1342 2939 1354 2956 A
1418 2853 1576 2925 Ecclesia
1598 2856 1730 2940 caruit,
1755 2862 1815 2929 sed
1842 2861 1928 2929 alias
1952 2863 2063 2951 magis
2078 2863 2165 2933 alias
2183 2867 2302 2934 minus
2317 2890 2400 2955 per-

490 2956 577 3034 Vidi
591 2964 776 3035 robustum
793 2964 1068 3049 adolescentem,
1094 2978 1128 3034 et
1150 2963 1295 3055 quidem
1312 2955 1369 3030 in·
1419 2957 1538 3047 spicue
1555 2955 1683 3023 tradita
1696 2970 1759 3029 εει.
1809 2958 1913 3028 Νυιιε
1935 2985 2077 3054 quoque
2098 2962 2241 3046 videtis,
2267 2977 2399 3055 quanta

387 3065 491 3153 genio
508 3075 759 3155 praestantem,
777 3059 1040 3137 vehementiore
1058 3065 1149 3135 saltu
1160 3078 1263 3155 rupta
1279 3086 1369 3134 vena
1419 3060 1464 3128 sit
1480 3055 1659 3126 insulsitas
1672 3055 1884 3142 multorum,
1912 3060 1975 3149 qui
1992 3084 2071 3131 cum
2087 3062 2131 3129 de
2145 3061 2278 3147 libero,
2303 3062 2401 3132 arbi-

385 3165 425 3233 in
441 3179 583 3256 pectore
598 3163 712 3232 statim
731 3167 900 3254 extingui.
941 3164 1142 3256 Aspiciatur
1158 3188 1241 3254 ergo
1257 3188 1369 3235 mem·
1417 3161 1487 3231 trio
1505 3159 1698 3248 disputant,
1723 3179 1797 3225 non
1823 3156 2029 3229 discernunt
2050 3160 2235 3251 potentias,
2261 3173 2295 3230 ει
2319 3185 2401 3232 vere

383 3264 534 3332 brorum
550 3262 738 3349 fragilitas,
761 3277 802 3333 ut
818 3265 1002 3352 diligentia
1027 3267 1065 3332 in
1081 3265 1185 3332 nobis
1201 3265 1371 3334 excitetur
1418 3273 1500 3328 sunt
1514 3256 1593 3329 ὄνοι
1609 3256 1763 3354 ἄγοντες
1770 3251 1968 3351 μυστήρια,
1984 3283 2049 3330 nec
2063 3284 2147 3331 vero
2162 3259 2317 3331 discerni
2333 3286 2400 3353 po·

385 3383 427 3430 ea
445 3362 588 3446 tuendi,
612 3373 646 3431 et
658 3362 807 3435 virtutes
820 3375 1063 3449 assumantur,
1087 3387 1177 3456 quae
1192 3377 1276 3433 suut
1291 3387 1368 3432 mo·
1419 3359 1548 3430 tentiae
1581 3372 1748 3448 possunt,
1780 3359 1850 3429 nisi
1882 3361 2040 3431 membra
2074 3376 2108 3434 et
2138 3385 2261 3433 eorum
2284 3363 2401 3436 officia

385 3461 524 3531 deratio
544 3463 582 3530 in
600 3463 699 3549 cibo,
724 3477 823 3555 potu,
845 3465 1039 3549 laboribus,
1062 3477 1096 3533 ει
1110 3463 1278 3534 omnibus
1292 3489 1369 3535 mo·
1419 3459 1579 3550 aspicias.
1629 3458 1910 3552 lnquitPaulus:
1936 3459 2070 3554 Impios
2087 3463 2245 3533 detinere
2267 3465 2402 3538 verita·

386 3561 492 3632 tibus.
544 3560 627 3632 Non
642 3567 857 3635 contemnite
872 3565 1005 3635 dictum
1021 3562 1138 3649 Pauli,
1160 3565 1254 3658 quod
1271 3565 1371 3636 iubet
1419 3576 1488 3633 tem
1505 3559 1678 3652 captivam
1697 3561 1735 3629 in
1751 3561 1943 3646 iniustitia,
1966 3563 2004 3631 id
2030 3577 2102 3647 est,
2126 3587 2226 3633 veras
2249 3565 2402 3637 noticias

387 3684 515 3752 corpus
537 3657 674 3735 honore
696 3666 799 3738 allici.
851 3663 934 3734 Non
956 3678 1095 3735 tantum
1120 3666 1234 3735 foveri
1257 3666 1369 3751 iubet,
1419 3665 1459 3732 in
1483 3661 1649 3746 cerebro,
1682 3662 1812 3754 quibus
1838 3677 1955 3734 tamen
1987 3686 2049 3748 cor
2067 3687 2142 3734 non
2164 3666 2400 3758 obtemperat:

386 3775 425 3833 ut
435 3762 595 3834 fovemus
610 3766 779 3856 pecudes,
805 3766 866 3832 sed
884 3764 1054 3854 praecipit
1069 3765 1183 3834 maius
1199 3764 1369 3852 officium,
1419 3765 1518 3835 sedes
1532 3762 1641 3851 igitur
1655 3763 1808 3833 noticiae
1822 3765 2024 3857 quaerenda
2040 3778 2103 3851 est,
2127 3765 2292 3839 videlicet
2304 3791 2401 3839 cere-

387 3875 425 3932 ut
448 3887 595 3953 corpora
617 3878 738 3935 nostra
760 3858 898 3933 bonore
921 3864 1137 3946 afficiantur,
1162 3861 1277 3937 honos
1301 3890 1368 3938 au·
1419 3867 1542 3948 brum,
1566 3875 1600 3933 et
1623 3864 1850 3953 cogitandum
1873 3877 1925 3935 est
1940 3865 2109 3936 noticiam
2131 3867 2169 3935 in
2187 3869 2329 3938 cerebro
2342 3869 2402 3939 lu·

388 3977 456 4034 tem
476 3967 688 4038 tribuendus
713 3979 764 4038 est
786 3978 931 4058 propter
960 3987 1045 4035 usus
1075 3964 1228 4034 divinos.
1279 3963 1367 4037 Erat
1420 3990 1494 4036 cem
1510 3987 1602 4050 esse,
1627 3966 1777 4036 velutin
1792 3965 1979 4036 oculissua
1995 3970 2166 4058 quaedam
2181 3968 2320 4039 luxest.
2351 3967 2402 4041 Ut

387 4059 492 4136 bomo
515 4080 595 4159 post
623 4067 835 4140 creationem
865 4080 947 4135 ante
978 4066 1116 4156 lapsum
1145 4066 1366 4137 domicilium
1417 4067 1529 4156 fulget
1551 4065 1591 4133 in
1606 4062 1755 4135 Davidis
1768 4066 1911 4135 cerebro
1926 4066 2074 4137 noticia:
2099 4091 2174 4138 non
2188 4064 2401 4141 moechabe-

386 4163 472 4252 Dei,
494 4169 650 4258 fulgebat
673 4170 712 4238 in
735 4164 884 4237 bomine
900 4163 996 4236 Deus
1011 4167 1087 4258 ipse
1102 4167 1295 4237 accendens
1310 4168 1367 4238 lu·
1417 4167 1486 4251 ris,
1509 4178 1545 4235 at
1560 4187 1622 4233 cor
1636 4165 1724 4234 alibi
1737 4166 1945 4236 collocatum
1960 4167 2088 4237 ardens
2106 4171 2306 4239 errantibus
2320 4193 2402 4238 mo·

388 4293 480 4355 cem,
505 4294 575 4363 qua
590 4295 670 4341 vere
685 4270 959 4360 agnoscebatur,
984 4281 1017 4338 et
1031 4267 1192 4337 flammas
1207 4268 1246 4337 in
1262 4270 1367 4339 corde
1418 4266 1514 4336 tibus
1529 4288 1604 4334 non
1622 4266 1860 4356 obtemperat,
1884 4280 1920 4337 et
1933 4266 2031 4338 velut
2051 4281 2222 4361 tyrannus
2246 4268 2399 4340 noticiae

389 4385 584 4467 sparserat,
613 4396 703 4465 quae
725 4385 844 4441 motus
864 4369 951 4441 tales
976 4367 1136 4452 ciebant,
1168 4370 1282 4463 qualis
1316 4384 1368 4442 est
1418 4379 1513 4436 recta
1535 4366 1699 4435 monenti
1719 4379 1910 4457 repugnat,
1939 4369 2036 4438 unde
2059 4369 2147 4438 alibi
2174 4382 2296 4439 manet
2316 4392 2399 4439 vera

387 4470 460 4563 ipse
480 4469 588 4547 Deus.
636 4472 715 4545 Etsi
746 4487 864 4543 autem
896 4470 1059 4561 inlapsu
1089 4465 1146 4538 his
1170 4471 1276 4540 tantis
1301 4472 1367 4541 bo·
1420 4466 1611 4552 sententia,
1646 4464 1734 4538 alibi
1763 4467 1984 4560 recipiuntur
2014 4471 2188 4541 contraria
2223 4469 2399 4539 incendia.

385 4575 442 4644 nis
476 4575 592 4644 orbati
627 4597 768 4659 sumus,
806 4586 923 4643 tamen
955 4571 992 4639 in
1028 4571 1113 4660 ipsis
1147 4570 1271 4661 primis
1304 4595 1367 4662 pa·
1418 4566 1566 4641 Retinet
1588 4581 1708 4638 tamen
1730 4581 1873 4638 senatus
1894 4567 1934 4636 iu
1957 4571 2100 4640 cerebro
2122 4564 2399 4641 hancantorita-

384 4676 547 4747 rentibus
572 4675 611 4743 in
634 4674 864 4745 conversione
877 4672 1015 4742 restitui
1031 4666 1117 4741 haec
1130 4672 1225 4741 bona
1242 4696 1367 4764 coepe·
1419 4683 1512 4754 tem,
1536 4680 1577 4739 ut
1596 4660 1716 4739 uestis
1737 4670 1905 4740 mandare
1930 4671 2058 4760 possit,
2090 4694 2136 4740 ne
2157 4685 2309 4766 tyranno
2332 4671 2399 4740 ob-

383 4790 488 4861 runt‚
513 4790 548 4846 et
563 4775 705 4846 litidem
732 4778 772 4846 in
790 4775 977 4857 omnibus,
1003 4773 1065 4866 qui
1090 4795 1171 4841 vere
1191 4773 1232 4842 ad
1250 4770 1365 4844 Deum
1419 4783 1636 4861 temperent,
1676 4770 1738 4839 sed
1767 4793 1894 4841 manus
1922 4772 2146 4855 contineant,
2178 4795 2224 4840 ne
2245 4771 2398 4841 alienam

383 4856 656 4951 cdnvercuntur.
707 4877 757 4950 Ut
772 4878 865 4947 lilius
881 4873 949 4945 Dei
966 4864 1073 4970 λόγος
1086 4874 1279 4966 alloquitur
1294 4876 1367 4967 pri·
1419 4871 1604 4960 coniugem
1627 4871 1821 4961 attingant,
1850 4884 1892 4942 ut
1913 4895 1994 4941 cum
2015 4873 2115 4945 iubet
2126 4869 2317 4964 Cambyses
2340 4873 2400 4942 in-

382 4997 466 5046 mos
480 4991 650 5065 parentes,
672 4993 706 5048 et
719 4978 962 5048 admirandam
976 4987 1010 5044 et
1027 4974 1265 5045 dulcissimam
1283 4999 1369 5067 pro·
1419 4972 1530 5042 terlici
1543 4969 1733 5056 Croesum,
1758 4966 1854 5042 bunc
1873 4984 1992 5042 tamen
2003 4973 2159 5043 ministri
2177 4973 2399 5044 abscondunt

384 5076 595 5147 missionem
618 5100 657 5145 ex
683 5077 764 5150 sinu
787 5077 921 5148 aeterni
938 5074 1048 5169 patris
1063 5072 1213 5166 profert,
1238 5090 1272 5147 et
1287 5100 1368 5146 rur·
1419 5085 1454 5142 et
1472 5086 1625 5145 servant.
1673 5066 1855 5162 Explicari
1870 5065 1956 5140 haec
1979 5074 2186 5142 discrimina
2207 5096 2282 5141 non
2305 5086 2399 5144 recte

386 5201 445 5247 sus
468 5177 582 5267 fulget
602 5175 640 5244 in
664 5176 732 5257 eis,
765 5191 799 5248 ct
825 5172 977 5249 effundit
1002 5176 1040 5246 in
1071 5177 1177 5246 corda
1192 5176 1366 5268 Spiritum
1418 5185 1587 5265 possunt,
1608 5170 1680 5243 nisi
1694 5173 1850 5242 membra
1864 5183 1899 5241 ει
1914 5194 2036 5242 eorum
2056 5173 2170 5242 officia
2191 5172 2400 5264 distinguas,

386 5292 565 5371 sanctum:
593 5278 640 5348 ita
666 5279 826 5348 conversi
844 5302 939 5348 nunc
961 5301 1102 5372 quoque
1117 5291 1202 5348 sunt
1217 5278 1368 5349 domici·
1420 5283 1527 5367 quam
1547 5274 1592 5341 ad
1611 5296 1687 5342 rem
1702 5271 1842 5363 copiosa
1858 5272 2019 5344 doctrina
2036 5296 2127 5366 opus
2144 5287 2216 5358 est,
2241 5274 2286 5345 de
2301 5298 2400 5346 cere-

386 5380 476 5449 lium
492 5376 579 5464 Dei,
612 5392 646 5449 ει
670 5402 817 5471 corpora
841 5392 958 5448 nostra
982 5393 1064 5451 sont
1084 5401 1215 5469 organa
1238 5380 1368 5449 multa·
1420 5376 1506 5454 bro,
1532 5374 1660 5458 corde,
1684 5373 1823 5458 nervis,
1848 5374 2015 5462 gradibus
2038 5374 2314 5464 adpetitionum,
2339 5399 2400 5447 co-

386 5504 468 5549 rum
486 5481 733 5553 excellentium
753 5479 931 5549 actionum
950 5478 1171 5564 divinarum,
1195 5495 1236 5551 ut
1255 5481 1294 5549 in
1310 5503 1368 5550 ca·
1419 5474 1609 5564 gitatione,
1633 5475 1722 5544 seria
1739 5472 1926 5560 electione,
1947 5471 2176 5569 προαιρέσει,
2201 5476 2399 5545 simulatio-

386 5581 505 5651 ειίιιιε
532 5595 567 5652 ει
598 5595 670 5654 tota
701 5579 957 5672 gubernatione
985 5575 1129 5670 loseph,
1169 5594 1204 5652 ει
1225 5581 1368 5674 praeliis
1420 5600 1485 5660 ne,
1511 5577 1555 5644 de
1575 5576 1680 5661 dolo,
1704 5577 1750 5645 de
1771 5575 1891 5666 culpa,
1916 5576 1960 5644 de
1985 5577 2164 5648 actionum
2180 5576 2307 5644 causis:
2335 5569 2399 5642 bs·

384 5681 535 5752 Davidis
556 5697 591 5755 ει
615 5684 804 5755 similibus.
855 5677 904 5752 Ut
923 5690 1040 5750 autem
1062 5702 1189 5775 ⁵omnes
1217 5682 1369 5755 modesti
1419 5701 1500 5749 rum
1522 5699 1641 5748 rerum
1668 5676 1983 5748 considerationem
2007 5678 2044 5746 in
2072 5678 2146 5748 vita
2168 5672 2398 5744 necessariam

437 5786 616 5852 Μιιιετε.
641 5789 744 5858 Orsa.
771 5789 853 5853 vor..
868 5781 947 5851 ΧΠ.
1839 5779 1886 5849 21
