6025 6775
486 662 561 738 aas
729 638 938 725 senum
964 635 1041 711 pn.
1065 628 1184 708 atas.
1208 630 1276 705 ao
1301 625 1430 707 ursa.
1455 630 1603 719 anor.
1628 634 1696 715 nr
1722 636 1917 718 mltos.
1941 612 2260 723 secernunt.
2427 652 2509 725 sss

489 832 595 905 catio.
642 823 748 895 Tales
764 814 841 886 ludi
859 824 943 883 sunt
958 802 1238 921 haereticorum,
1262 805 1472 900 detorquere
1494 820 1498 947 1
1520 810 1698 884 licentiam
1715 807 1934 904 habuerant,
1961 811 2181 905 coherceret,
2205 818 2353 892 venitin
2371 820 2511 907 odium,

490 934 584 1003 dicta
597 928 635 995 in
649 917 852 1015 peregrinas
868 909 1069 983 sententias.
1120 900 1285 976 chusan
1309 906 1473 979 nominat
1521 926 1556 983 et
1570 914 1614 983 ab
1636 914 1712 1004 ipso
1728 912 1814 985 Leto
1829 911 2011 986 Praefecto
2038 919 2235 1008 praetorio,
2264 921 2418 1014 quicum
2434 924 2511 992 im·

493 1052 584 1126 opus
600 1019 790 1107 mulieris,
814 1014 947 1085 scilicet
961 1008 1103 1091 Hevae,
1127 1018 1307 1097 peccatum
1325 1022 1360 1079 ει
1376 1031 1473 1078 mor·
1522 1028 1719 1104 peratorem
1741 1014 1888 1100 fecerat,
1920 1016 2131 1091 interfectus
2152 1035 2224 1107 est,
2263 1045 2357 1093 anno
2380 1022 2510 1097 aetatis

493 1148 576 1205 tem.
640 1122 699 1195 llli
721 1116 985 1211 generationem
1008 1106 1230 1197 interpretati
1252 1121 1353 1193 sunt,
1383 1132 1474 1201 quae
1523 1115 1736 1205 sexagesimo
1753 1115 1881 1205 primo.

493 1246 545 1303 cst
562 1248 651 1322 opus
666 1221 759 1307 Dei,
784 1217 985 1289 institutum
999 1223 1041 1281 ut
1054 1209 1114 1279 fiat
1129 1207 1476 1299 copulationeMaris

496 1328 749 1445 θῑΓθθξῦῑΜθ·
993 1412 1002 1429 ,
1064 1408 1106 1427 ,.
1410 1411 1418 1427 ,
1795 1337 2265 1424 ostendissemus·

596 1429 657 1501 ste
673 1440 708 1496 et
725 1421 969 1492 definitionem
991 1423 1151 1480 ruatrcrae
1174 1408 1266 1477 male
1289 1410 1476 1479 detorsisse

497 1556 556 1606 eos
569 1543 701 1601 narrat.
753 1508 981 1605 Δικαιοσύνη
998 1505 1075 1582 ἐστὶ
1094 1504 1260 1581 serverin
1275 1508 1369 1581 θεοῦ
1382 1506 1476 1603 μετὰ
1626 1501 1718 1577 Cum
1734 1520 1852 1578 autem
1869 1508 1909 1578 in
1927 1510 1988 1581 illa
2003 1515 2112 1584 seculi
2134 1516 2355 1610 turpitudine
2379 1542 2449 1591 nec
2471 1520 2510 1588 in

498 1627 677 1725 ἐσότητος.
728 1622 825 1711 Ergo
840 1636 963 1689 omnes
985 1609 1145 1681 omnium
1171 1613 1275 1679 rebus
1300 1624 1335 1680 et
1355 1612 1477 1680 saxoni·
1525 1604 1748 1698 principibus
1771 1609 1944 1681 autoritas
1966 1627 2073 1698 esset,
2098 1639 2163 1687 uec
2180 1618 2412 1690 inmilitibus
2428 1644 2513 1688 mo-

497 1738 564 1807 bus
579 1726 943 1822 aequaliterutantur.
994 1707 1043 1781 At
1059 1710 1236 1794 definitio,
1259 1711 1379 1780 sinon
1395 1711 1480 1781 reii·
1526 1707 1659 1792 destia,
1699 1707 1928 1800 Sulpicianus
1957 1711 2158 1787 Praefectus
2184 1718 2282 1789 urbis
2312 1733 2347 1790 et
2373 1718 2513 1789 Didius

498 1835 622 1906 cienda
638 1843 709 1910 est,
734 1820 895 1913 loquitur
914 1817 957 1885 de
979 1811 1192 1904 aequalitate
1214 1812 1378 1882 ordinata
1401 1813 1478 1903 lege
1529 1805 1688 1878 lulianus
1702 1809 1818 1899 palam
1836 1825 1872 1883 et
1886 1812 2114 1904 impudenter
2131 1819 2274 1890 mercati
2290 1832 2372 1889 sunt
2391 1818 2513 1907 impe·

497 1935 583 2018 Dei,
608 1951 698 2026 quae
714 1922 816 1993 dicit:
847 1917 929 1989 Non
944 1908 1201 1983 moechaberis:
1235 1910 1317 1981 Non
1342 1912 1478 1984 furtum
1527 1909 1632 1977 rium.
1682 1907 1909 2001 Sulpicianus
1926 1916 2090 2005 promisit
2107 1917 2512 2007 singulisPraetoriauia

498 2037 615 2106 facies.
679 2023 781 2095 Talis
812 2019 858 2091 sit
888 2013 1098 2108 aequalitas,
1138 2012 1254 2105 qualis
1279 2012 1355 2103 lege
1380 2013 1480 2085 ordi·
1528 2008 1740 2101 quingentos
1763 2027 1964 2096 coronatos,
2004 2016 2172 2088 videlicet
2191 2020 2346 2090 sestertia
2366 2017 2510 2108 viginti.

499 2149 582 2206 „212
608 2145 669 2201 est,
1528 2108 1690 2180 lulianus
1718 2112 1879 2202 promisit
1909 2130 2091 2186 sexcentos
2116 2132 2306 2189 coronatos
2327 2131 2361 2189 ει
2382 2118 2511 2207 viginti

600 2229 785 2301 Caeterum
802 2221 876 2312 ipsa
892 2212 1052 2286 definitio
1074 2213 1104 2283 si
1124 2236 1198 2282 non
1221 2212 1353 2292 insulse
1375 2234 1480 2282 enar·
1528 2210 1707 2305 quinque,
1731 2211 1892 2285 videlicet
1906 2217 2063 2287 sestertia
2079 2218 2208 2307 viginti
2230 2220 2401 2313 quinque.
2453 2216 2512 2287 lta

500 2349 617 2414 retur,
642 2324 762 2415 legalis
779 2334 850 2404 est,
873 2340 947 2387 non
963 2315 1182 2404 evangelica,
1206 2314 1290 2406 quia
1306 2336 1380 2383 non
1395 2313 1480 2383 facit
1529 2310 1641 2381 vincit
1658 2307 1836 2397 lulianus,
1869 2313 1929 2405 qui
1952 2315 2067 2387 tenuit
2087 2318 2277 2409 imperium
2297 2322 2387 2389 duos
2404 2340 2511 2389 men-

500 2432 717 2510 mentionem
746 2417 970 2499 mediatoris,
1010 2417 1070 2485 sed
1096 2415 1256 2507 loquitur
1279 2416 1323 2483 de
1343 2413 1481 2501 ellectu,
1529 2434 1583 2482 ses
1615 2423 1650 2482 et
1679 2412 1754 2481 dies
1786 2414 1954 2507 quinque.
2024 2414 2182 2511 Cumque
2211 2434 2301 2490 esset
2333 2414 2442 2487 heluo
2477 2430 2511 2487 et

357 2589 360 2594 ψ
500 2533 665 2604 videlicet
693 2527 737 2596 de
766 2520 924 2592 novitate
945 2516 1042 2585 iuxta
1060 2515 1212 2605 primam
1235 2528 1270 2585 et
1289 2516 1480 2585 recondam
1528 2513 1680 2596 aleator,
1705 2536 1771 2583 nec
1787 2517 1886 2585 daret
1903 2516 2072 2605 promissa
2092 2518 2278 2603 militibus,
2304 2518 2428 2589 statim
2446 2540 2513 2586 ve-

500 2634 659 2709 tabulam
678 2622 859 2712 Decalogi.
911 2614 1059 2687 Novitas
1083 2617 1178 2686 iuxta
1200 2616 1353 2706 primam
1376 2616 1480 2687 tabu-
1529 2613 1584 2682 nit
1613 2612 1652 2681 in
1682 2613 1820 2689 odium.
1884 2612 1933 2686 Et
1956 2616 2044 2686 alibi
2065 2618 2230 2688 exercitus
2254 2619 2293 2688 in
2316 2617 2512 2688 Pannonia

500 2740 571 2808 lam
595 2744 647 2802 est
667 2718 960 2801 communicatio,
992 2740 1061 2808 qua
1085 2740 1120 2786 ae
1136 2713 1234 2787 Deus
1252 2717 1357 2789 nobis
1383 2741 1479 2788 com·
1528 2713 1776 2803 imperatorem
1799 2716 1991 2807 appellavit
2012 2711 2200 2800 Severum,
2232 2719 2331 2788 cuius
2351 2718 2426 2788 fuit
2447 2742 2509 2787 εχ.

499 2834 677 2914 munitat,
701 2828 740 2897 id
755 2838 824 2904 est,
850 2844 919 2914 qua
936 2818 1047 2906 fulget
1059 2817 1097 2886 in
1112 2818 1235 2896 nobis,
1261 2830 1354 2887 reete
1369 2841 1479 2909 agno-
1528 2814 1660 2883 callens
1680 2815 1862 2904 ingenium
1886 2829 1920 2886 et
1943 2817 2067 2888 virtus.
2133 2817 2222 2888 lude
2242 2817 2345 2887 civile
2368 2817 2506 2887 henum

500 2939 626 3017 scitur,
656 2943 691 3002 ει
711 2924 871 3000 accendit
890 2922 928 2990 in
951 2918 1056 2988 uobis
1076 2920 1184 2988 verbo
1210 2918 1392 3004 timorem,
1422 2920 1479 2988 di.
1528 2915 1653 3003 ingens
1682 2929 1801 2986 ortum
1829 2930 1879 2988 est
1908 2917 2002 2988 inter
2021 2918 2192 2989 Severum
2224 2929 2259 2988 et
2289 2916 2513 2989 Pescennum

500 3038 707 3113 lectionem,
732 3019 991 3104 fiduciamDei,
1016 3033 1081 3091 etc.
1120 3015 1260 3089 Deinde
1273 3020 1311 3088 in
1326 3022 1478 3091 secunda
1528 3013 1696 3106 Nigrum,
1720 3014 1843 3110 Syriae
1864 3032 2053 3105 rectorem,
2087 3033 2122 3089 et
2137 3014 2306 3088 Clodium
2321 3014 2513 3098 Albinum,

500 3138 621 3212 tabula
639 3129 775 3203 iusticia
792 3138 844 3195 est
859 3122 1068 3214 aequalitas,
1087 3121 1211 3200 idest,
1238 3119 1381 3190 dilectio
1395 3144 1479 3212 pro-
1528 3112 1735 3187 Britanniae
1757 3130 1948 3204 rectorem,
1987 3140 2077 3212 quos
2105 3117 2350 3208 significarunt
2368 3115 2512 3189 Pauli,

502 3240 586 3310 nimi
601 3236 762 3314 ordinata
785 3229 860 3315 lege
877 3221 955 3292 Dei.
1008 3219 1103 3308 llaec
1124 3220 1367 3313 interpretatio
1391 3247 1480 3293 con·
1528 3215 1568 3284 in
1585 3217 1701 3308 primo
1717 3217 1887 3302 sacrificio
1906 3217 2038 3291 luliani
2050 3231 2249 3311 conspecta.

500 3342 596 3434 gruit
613 3360 691 3408 cum
711 3326 923 3407 Osiandrica
941 3322 1165 3406 defiuitione,
1194 3323 1239 3392 de
1264 3323 1402 3395 iusticia
1422 3348 1480 3396 es·

502 3437 665 3512 sentiali.
716 3433 863 3505 Necesse
885 3441 936 3497 cst
960 3437 1076 3497 autem
1097 3424 1196 3516 prius
1215 3427 1327 3495 teneri
1352 3428 1479 3497 defini·
1579 3417 1688 3491 Anno
1702 3423 1830 3492 mundi
1845 3436 1969 3515 quater
1983 3423 2182 3509 millesimo,
2199 3423 2393 3494 centesimo
2406 3425 2512 3518 quin.

501 3543 637 3615 tionem
665 3534 824 3606 iusticias
853 3529 954 3612 fidei,
992 3538 1226 3619 quapropter
1249 3528 1478 3599 mediatorem
1737 3524 1939 3616 quagegimo
1956 3524 2116 3615 ,emim

501 3661 653 3736 Persona
686 3636 801 3726 placet
831 3628 907 3699 Deo
941 3651 1004 3719 per
1035 3627 1332 3710 misericordiam,
1382 3630 1479 3701 iuxta
1580 3618 1689 3693 Anno
1726 3618 1863 3696 Romae
1900 3625 2189 3714 nongentesimo,
2240 3625 2510 3719 maurusius

502 3744 653 3814 dictum:
683 3730 866 3806 lustificati
879 3729 948 3798 fade
962 3751 1083 3818 pacem
1100 3724 1280 3800 hahemus.
1740 3726 1878 3819 quinto·

603 3838 700 3910 Haec
722 3837 766 3905 de
788 3830 890 3903 libris
911 3826 1103 3900 Clementis
1126 3828 1280 3899 breviter
1308 3828 1400 3912 dixi,
1438 3842 1478 3900 ut
1581 3821 1690 3898 Anno
1708 3822 1842 3897 Christi
1855 3826 2044 3895 centesimo
2060 3827 2288 3916 nonagesimo
2306 3828 2452 3920 quinto.

502 3946 619 4016 sciant
637 3939 811 4015 iuniores,
837 3930 1011 4003 contineri
1038 3931 1077 3997 in
1099 3929 1148 3997 eis
1169 3941 1205 3998 et
1230 3924 1414 4014 historias,
1446 3945 1480 4002 et

502 4043 757 4138 disputationes
772 4034 907 4128 aliquas
925 4031 1206 4102 consideratione
1221 4029 1358 4120 dignas.
1886 3983 1916 4052 S
1930 3998 1950 4049 θ
1966 4001 1986 4050 ¹¹
2002 4000 2023 4051 θ
2038 4001 2059 4050 ²⁴
2078 4004 2101 4047 u
2113 4004 2143 4052 ὃ·

820 4194 827 4205 ,
1630 4124 1783 4200 Seuerus
1821 4131 2013 4222 imperator
2043 4131 2204 4202 successit
2231 4125 2424 4197 interfecto
2460 4127 2511 4201 lu-

553 4243 661 4332 Apno
699 4237 828 4308 mundi
860 4231 1230 4326 quadringentesimo,
1276 4231 1481 4316 centesimo,
1530 4233 1640 4306 liano.
1691 4230 1870 4322 Regnavit
1884 4254 1997 4301 annos
2012 4232 2214 4308 octodecim.
2254 4226 2369 4298 Natus
2387 4228 2511 4302 fuitiu

659 4358 668 4373 ‘
706 4333 999 4432 quinquagesimo
1015 4345 1124 4401 sexto.
1532 4335 1621 4404 'urbe
1635 4328 1812 4424 Aphricae
1828 4330 1933 4422 Lepti
1955 4333 2107 4426 equestri
2128 4334 2223 4415 loco,
2253 4326 2400 4400 Romae
2426 4333 2510 4402 edu·

550 4444 658 4515 Anno
701 4436 838 4511 Romae
874 4432 1166 4522 nongentesimo,
1214 4432 1480 4523 quadragesimo
1532 4449 1628 4505 catus
1644 4458 1662 4503 a
1679 4431 1731 4503 Μ.
1746 4432 1931 4504 Antonino
1949 4427 2178 4522 Philosopho.
2231 4429 2384 4522 Propter
2406 4430 2511 4501 indu·

702 4552 840 4634 quarto.
1162 4604 1165 4613 ,
1531 4535 1653 4605 striam
1685 4534 1839 4625 primum
1874 4533 2047 4622 Quaestor
2079 4533 2116 4601 in
2148 4531 2271 4602 Betica
2302 4531 2422 4618 factus
2451 4545 2509 4601 est.

550 4648 658 4714 Anno
672 4635 806 4712 Christi
825 4635 1017 4708 centesimo
1034 4631 1261 4720 nonagesimo
1277 4645 1418 4724 quarto.
1530 4634 1670 4706 Deinde
1704 4648 1858 4727 quatuor
1897 4633 2092 4725 legionibus
2132 4632 2354 4724 praepositus
2388 4646 2443 4703 est
2475 4632 2511 4699 in

1529 4734 1712 4828 Hispania.
1762 4732 1886 4806 Postea
1901 4734 2175 4825 Lugdunensem
2198 4731 2418 4825 provinciam
2437 4755 2511 4801 ma

1530 4858 1690 4929 gnaeum
1707 4837 1812 4905 laude
1828 4835 1929 4911 rexit.
1976 4834 2117 4907 Deinde
2131 4832 2347 4906 Pannoniam
2363 4842 2402 4899 et
2416 4826 2510 4901 Ger·
2549 4834 2554 4869 '¹

599 4931 783 5009 Pertinax
798 4925 1167 5004 succestitcommodo
1181 4927 1375 5003 interfecto.
1406 4927 1480 5005 Re-
1530 4938 1695 5010 maniam.
1734 4934 1825 5008 Cum
1842 4937 2045 5009 interfectus
2060 4927 2508 5016 essetlulianus,'Romam
2546 5002 2554 5019 ‚

500 5037 902 5136 gnavitmensesduos,
927 5031 1003 5104 dies
1021 5028 1348 5125 vigintiquinque,
1375 5046 1479 5105 natus
1529 5037 1689 5122 accessit,
1716 5051 1751 5108 ει
1767 5034 1961 5109 honorifice
1980 5038 2187 5108 amilitibus
2200 5051 2235 5110 et
2255 5057 2276 5105 a
2294 5031 2432 5104 Senatu
2451 5055 2506 5101 ex·
2546 5028 2554 5043 '

499 5142 668 5216 libertino
697 5152 816 5231 patre,
857 5138 980 5206 docuit
1003 5129 1290 5207 Grammaticam.
1354 5130 1504 5206 Postea·
1529 5152 1649 5230 ceptus
1663 5151 1732 5223 est,
1757 5153 1790 5208 et
1808 5136 2003 5228 Imperator
2017 5139 2223 5230 appellatus.

498 5247 612 5316 factus
625 5240 727 5308 miles
744 5237 876 5307 virtute
894 5237 1015 5304 crevit.
1070 5230 1178 5304 Rexit
1191 5227 1380 5319 Rhetiam,
1404 5235 1479 5307 No-
1631 5239 1764 5312 Scribit
1778 5236 1893 5323 Dion,
1916 5263 1954 5310 se
1975 5240 2110 5310 nullam
2133 5237 2263 5307 vidisse
2286 5230 2506 5326 splendidio-

498 5348 630 5425 ricum,
655 5337 809 5431 Mysiam
832 5349 867 5406 et
883 5334 1040 5405 Daciam.
1096 5328 1144 5401 Ει
1169 5332 1251 5423 quia
1277 5331 1479 5409 Praefectus
1528 5363 1603 5411 rem
1632 5362 1816 5433 pompam,
1856 5363 1961 5432 quam
1992 5341 2188 5430 ingressum
2217 5337 2294 5408 eius
2318 5335 2363 5406 in
2386 5335 2507 5406 urbem

498 5444 601 5523 urbis
615 5452 709 5518 erat,
734 5429 1171 5504 interfectoresCommodi
1185 5444 1225 5501 ut
1239 5434 1477 5508 defensionem
1524 5438 1693 5518 Romam.
1746 5437 1816 5510 Ubi
1832 5464 1912 5510 cum
1933 5443 1979 5511 ad
2000 5453 2138 5533 portam
2165 5438 2335 5521 venisset,
2368 5438 2508 5507 descen·

497 5547 690 5625 haberent,
714 5533 904 5625 imperium
920 5536 1059 5603 adeum
1075 5532 1289 5605 detulerunt.
1339 5536 1426 5608 Mox
1444 5553 1479 5610 et
1528 5542 1615 5611 dens
1628 5541 1671 5608 de
1687 5562 1776 5632 equo
1792 5544 1900 5632 pedes
1914 5543 2057 5613 accessit
2070 5529 2362 5630 adCapitolium,
2400 5533 2508 5608 Dein·

498 5650 661 5722 aSenatu
676 5636 872 5737 appellatus
884 5649 935 5706 est
943 5631 1147 5723 Imperator.
1198 5632 1269 5705 Sed
1286 5659 1364 5707 cum
1383 5640 1479 5707 mili·
1506 5659 1510 5666 ·
1527 5641 1572 5709 de
1585 5638 1715 5710 milites
1736 5643 1798 5735 qui
1813 5642 2031 5713 Pertinacem
2052 5641 2302 5712 interfecerant
2325 5652 2509 5710 exautora-

498 5762 551 5822 tes
563 5744 824 5841 praetorianos,
848 5735 912 5830 qui
927 5733 1114 5809 Commodi
1129 5747 1287 5825 tempore
1303 5737 1477 5808 infinitam
1528 5753 1582 5809 tos
1595 5743 1730 5832 expulit
1744 5767 1786 5813 ex
1801 5742 1959 5836 imperio.
2011 5729 2191 5813 interfecit
2205 5752 2239 5812 et
2253 5738 2391 5812 Letum
2408 5737 2509 5811 Prae·

840 4784 1143 4854 Pertinax.
