6025 6775
447 722 521 804 ass
748 821 751 826 ¹
1077 717 1344 800 rnrurrrr
1382 715 1839 802 unnsnrnours:
2051 795 2054 802 ,
2394 727 2471 812 sss

451 921 526 978 tum
539 914 580 972 ut
596 897 793 972 subiectum
806 895 941 992 patiens
951 887 1097 979 babeat,
1121 907 1163 967 ut
1173 890 1307 967 Paulus
1319 894 1439 990 inquit
1485 896 1662 970 iusticiam
1676 912 1846 985 nostram,
1871 900 1932 971 sed
1948 888 2013 993 per
2029 897 2308 971 misericordiam
2323 915 2468 993 propter
2565 917 2568 924 ·

335 1035 343 1050 ·
451 1010 488 1080 2.
504 997 673 1075 Corinth.
692 1005 742 1073 1.:
767 997 988 1069 Excellenter
1008 996 1145 1067 onerati
1169 998 1302 1067 fuimus
1330 1019 1437 1088 supra
1483 997 1681 1072 Dominum
1704 1001 1830 1071 exaudi
1853 1025 1930 1073 nos.
1981 1000 2031 1073 Et
2053 998 2168 1072 David
2194 1003 2330 1098 inquit:
2355 999 2467 1094 Eripe

454 1107 559 1186 vires,
571 1115 611 1172 ut
627 1096 927 1193 desperaverimus
942 1099 986 1166 de
1000 1097 1084 1169 vita.
1112 1095 1201 1167 Item
1219 1095 1437 1172 lerem.10.:
1484 1102 1641 1171 animam
1655 1125 1789 1182 meam,
1815 1102 1952 1174 salvum
1968 1127 2025 1173 me
2039 1104 2093 1174 iac
2107 1118 2251 1195 propter
2265 1105 2468 1176 misericor·

454 1206 538 1278 Scio
553 1202 725 1284 Domine,
750 1199 845 1294 quod
861 1211 1002 1298 nonest
1018 1193 1176 1267 hominis
1194 1198 1251 1270 via
1267 1199 1355 1275 eius.
1387 1194 1438 1270 Et
1485 1204 1581 1272 diam
1603 1217 1713 1275 tuam.
1763 1199 1812 1274 Et
1831 1199 1917 1274 haec
1941 1205 2027 1275 fides
2048 1207 2253 1278 accenditur
2273 1229 2336 1297 per
2351 1206 2469 1297 Spiri-
2515 1225 2528 1240 ··

455 1305 678 1377 manifestum
704 1313 756 1370 est
778 1294 971 1370 humanam
995 1313 1158 1370 naturam
1173 1300 1344 1391 imparem
1363 1323 1437 1372 esse
1485 1297 1561 1375 tum
1585 1308 1746 1375 ¹sanctum
1768 1306 1980 1394 cogitatione
2000 1307 2265 1397 promissionis,
2292 1308 2388 1380 iuxta
2409 1308 2488 1378 di-'·

454 1402 689 1497 magnitudini
706 1402 939 1471 certaminum
964 1413 997 1472 et
1023 1398 1280 1492 periculorum:
1312 1412 1431 1473 tamen
1484 1419 1596 1477 ctum:
1621 1404 1726 1476 Fides
1743 1431 1783 1475 ex
1799 1408 1923 1478 auditu
1939 1421 2000 1478 est.

455 1508 594 1596 regulae
621 1504 794 1574 tenendae
820 1514 904 1572 sunt
936 1502 980 1571 de
1012 1501 1191 1595 plerisque
1223 1502 1436 1590 actionibus,
1585 1502 1647 1577 54.
1673 1505 1775 1578 Hanc
1797 1531 1871 1578 esse
1894 1510 2102 1581 sententiam
2117 1509 2220 1582 Pauli
2239 1512 2278 1580 in
2293 1512 2465 1582 acerrima

455 1631 542 1702 quae
564 1617 758 1690 testantur,
792 1602 928 1697 aliquid
954 1624 1027 1672 esse
1049 1602 1119 1671 loci
1144 1603 1350 1692 diligentiae
1368 1627 1436 1675 no-
1485 1608 1712 1678 contentione
1732 1612 1777 1678 de
1798 1611 2063 1696 iustificatione,
2088 1612 2127 1681 in
2140 1611 2300 1705 Epistola
2323 1613 2368 1682 ad
2386 1610 2464 1685 Ro·

438 1712 627 1781 -strae'seu
650 1705 827 1777 voluntati
857 1703 1041 1773 comitanti
1062 1701 1239 1793 Spiritum
1265 1720 1436 1792 sanctum,
1484 1730 1630 1793 manos,
1659 1702 1752 1776 nihil
1775 1712 1924 1782 dubium
1949 1727 2017 1798 est,
2043 1725 2077 1783 et
2099 1708 2192 1783 hanc
2216 1738 2289 1785 esse
2303 1737 2463 1784 necessa·

450 1824 491 1880 ut
507 1804 681 1902 Ephesios
700 1803 752 1880 5.:
779 1803 908 1875 Videte
929 1806 1109 1898 quomodo
1133 1818 1293 1877 accurate
1308 1805 1436 1880 ambu·
1483 1810 1575 1879 riam
1598 1820 1634 1879 et
1654 1831 1736 1878 vere
1752 1812 1942 1883 salutarem
1967 1815 2244 1886 consolationem
2265 1838 2387 1886 omnes
2411 1816 2464 1906 pii

451 1914 547 1997 letis,
573 1935 646 1980 non
662 1923 704 1982 ut
718 1907 807 1979 fatui
823 1920 888 1981 etc.
1484 1909 1683 2000 intelligere
1696 1925 1856 2000 possunt.
1882 1912 2101 1986 Damnamus
2116 1916 2225 2006 igitur
2237 1916 2465 2008 corruptelas,

554 2003 616 2083 61.
649 2007 696 2082 Et
720 2023 813 2081 certe
836 2018 954 2078 manet
975 2022 1100 2080 natura
1115 2031 1306 2079 nervorum
1324 2009 1363 2078 in
1378 2032 1436 2078 re·
1483 2036 1573 2106 quae
1605 2023 1728 2081 contra
1760 2007 1856 2081 hunc
1889 2016 2077 2086 articulum
2105 2019 2222 2089 variae
2253 2018 2464 2106 excogitatae
2575 2037 2578 2044 ’

451 2113 566 2199 natis,
590 2127 625 2184 et
639 2113 784 2206 quidem
797 2134 859 2181 cor
875 2112 1018 2180 iuvatur
1032 2123 1066 2180 et
1080 2111 1285 2180 accenditur
1298 2109 1436 2202 Spiritu
1483 2127 1567 2184 sunt
1593 2112 1760 2183 omnibus
1787 2116 2014 2204 temporibus.
2071 2113 2263 2207 Origenes,
2295 2113 2464 2202 Thomas,

381 2259 395 2288 0
452 2228 605 2286 sancto.¹
638 2213 758 2305 Scipio
773 2211 953 2283 abstinens
969 2211 1015 2281 ab
1036 2210 1151 2281 aliena
1172 2233 1320 2303 sponsa,
1344 2213 1435 2302 regit
1484 2228 1518 2286 et
1542 2213 1605 2284 alii
1626 2213 1730 2283 multi
1752 2210 1996 2308 synecdochen
2018 2215 2173 2306 fingunt,
2198 2219 2304 2287 fidem
2328 2218 2478 2288 intelli·.

451 2331 590 2388 tautum
607 2314 869 2388 locomotivam.
921 2305 1047 2404 loseph
1062 2311 1153 2402 regit
1174 2311 1434 2399 locomotivam,
1482 2330 1571 2405 gunt
1590 2314 1758 2384 noticiam
1782 2310 1968 2402 historiae,
1992 2331 2027 2387 et
2050 2318 2189 2388 addunt
2208 2313 2389 2390 hominem
2408 2322 2463 2390 iu-

453 2420 514 2489 sed
529 2418 672 2489 iuvatur
691 2414 906 2505 cogitatione
921 2412 1021 2483 verbi
1039 2408 1128 2498 Dei,
1153 2427 1187 2485 et
1202 2411 1340 2503 Spiritu
1354 2436 1434 2484 san·
1482 2433 1576 2489 stum
1590 2438 1664 2487 esse
1679 2439 1798 2486 coram
1812 2413 1902 2499 Deo,
1917 2432 2062 2510 propter
2074 2432 2277 2512 sequentem
2292 2421 2464 2490 obedien·

455 2534 511 2591 cto
533 2518 741 2588 incendente
767 2540 829 2588 cor
843 2517 889 2586 acl
905 2513 1165 2585 invocationem
1177 2510 1268 2599 Dei,
1294 2525 1330 2583 et
1343 2515 1434 2607 peti·
1482 2520 1579 2605 tiam,
1593 2542 1699 2613 quam
1708 2515 2464 2593 nominantdilectionem..Osianderetiam

453 2621 588 2693 tionem
604 2620 739 2699 auxilii,
766 2631 799 2688 et
812 2618 857 2688 ad
873 2616 1090 2687 intellectum
1105 2637 1145 2685 ac
1160 2637 1317 2686 amorem
1330 2615 1433 2687 casti·
1481 2614 1727 2714 synecdochen
1751 2621 1853 2704 facit,
1879 2633 1921 2690 ut
1936 2620 2010 2712 ipse
2028 2621 2203 2708 nominat,
2228 2622 2288 2691 sed
2304 2623 2463 2714 splendi·.

451 2720 545 2794 tatis.
596 2717 640 2790 ln
656 2716 721 2791 hac
735 2720 850 2804 lucta,
874 2717 939 2787 etsi
959 2739 1040 2786 caro
1057 2714 1229 2787 sentiebat
1243 2716 1433 2787 infirmita·
1481 2722 1563 2793 dius
1584 2721 1763 2813 loquitur,
1796 2720 1846 2791 ait
1867 2721 1936 2789 fide
1957 2724 2159 2812 praeparari
2189 2718 2391 2811 hominem,
2422 2736 2463 2794 ut

450 2838 542 2905 tem,
560 2835 687 2893 tamen
701 2833 818 2892 mente
831 2819 938 2890 servit
951 2818 1021 2909 legi
1034 2817 1124 2903 Dei,
1150 2831 1184 2889 et
1207 2818 1330 2889 volens
1346 2819 1433 2890 vitat
1480 2823 1542 2892 fiat
1561 2821 1674 2891 iustus
1697 2822 1707 2888 i
1711 2844 1773 2912 pso
1787 2820 1863 2891 Deo
1884 2820 1924 2889 in
1945 2845 1986 2891 eo
2004 2836 2145 2909 agente,
2168 2826 2264 2916 quod
2280 2824 2374 2894 idem
2397 2839 2463 2909 est,

449 2923 645 2995 illecebras.
703 2919 820 2993 David
844 2920 967 2991 volens
993 2918 1157 3011 indulget
1180 2917 1372 3006 illecebris,
1398 2933 1433 2991 et
1480 2946 1521 2993 ac
1546 2922 1576 2992 si
1596 2921 1746 3007 diceret,
1771 2915 1954 2992 hominem
1967 2923 2100 2996 iustum
2119 2945 2193 2993 esse
2213 2936 2380 3015 sequente
2393 2947 2464 3012 no·¹

451 3023 605 3097 effundit
623 3022 798 3115 Spiritum
818 3035 990 3097 sanctum.
1039 3017 1138 3091 Haec
1157 3020 1352 3092 necessaria
1367 3023 1433 3093 do·
1481 3024 1602 3097 ritate.

450 3126 564 3200 ctrina
584 3125 730 3197 adsidue
752 3124 937 3213 cogitanda
958 3135 1029 3209 est,
1058 3133 1165 3193 utet
1194 3122 1377 3213 diligentia
1399 3138 1432 3195 et
1583 3118 1645 3200 55.
1680 3119 1913 3197 Verissimum
1948 3140 2001 3199 est
2032 3126 2071 3196 in
2103 3125 2367 3217 regeneratione
2399 3149 2463 3198 seu

448 3227 625 3316 invocatio
640 3225 889 3311 accendantur,
903 3226 993 3296 sicut
1006 3223 1212 3294 mandatum
1228 3238 1296 3296 est:
1311 3222 1433 3313 Petite,
1482 3226 1733 3319 conversione,
1759 3227 1829 3296 fide
1843 3227 1954 3319 accipi
1969 3227 2143 3321 Spiritum
2158 3242 2330 3315 sanctum,
2354 3240 2391 3299 et
2403 3229 2463 3298 in·

452 3345 489 3402 et
503 3327 694 3421 accipietis.
743 3323 793 3398 Et
810 3322 1043 3399 Timotheum
1064 3325 1163 3399 iubet
1182 3323 1316 3399 Paulus
1340 3323 1432 3401 ἀνα·
1481 3323 1605 3401 cboari
1624 3350 1755 3398 novam
1775 3329 2033 3417 obedientiam,
2066 3330 2156 3409 sieut
2170 3328 2302 3401 Paulus
2325 3329 2461 3425 inquit:

451 3428 636 3526 ζωπυρεῖν
655 3426 791 3502 donur'n
803 3427 883 3504 Dei.
931 3426 981 3500 Et
1004 3430 1048 3498 ad
1063 3423 1193 3502 Ebrae.
1212 3428 1431 3503 radimur:
1480 3430 1551 3503 Per
1571 3425 1753 3502 Christum
1783 3426 1953 3502 habemus
1974 3432 2122 3523 gratiam
2146 3445 2179 3503 et
2202 3432 2348 3502 donum.
2389 3429 2462 3502 Sed

451 3531 654 3602 Teneanms
683 3532 853 3620 gratiam,
886 3553 950 3622 per
982 3553 1088 3624 quam
1118 3528 1312 3600 serviamus
1341 3534 1432 3601 bene
1482 3534 1588 3605 etiam
1604 3533 1649 3603 de
1663 3544 1787 3602 renato
1803 3527 1888 3603 haec
1901 3533 2095 3604 necessaria
2111 3534 2307 3604 consolatio
2322 3554 2462 3623 semper

452 3632 630 3725 placentes
645 3626 722 3701 Deo
743 3650 823 3702 cum
845 3632 1042 3703 reverentia
1065 3643 1101 3703 ct
1116 3632 1291 3703 cautione.
1340 3630 1431 3702 Nam
1481 3636 1520 3705 in
1536 3630 1602 3723 hae
1618 3634 1690 3705 vita
1706 3633 1891 3705 retinenda
1907 3648 1970 3720 est,
1991 3637 2087 3729 quod
2105 3635 2150 3704 sit
2164 3636 2277 3706 iustus
2291 3635 2366 3704 sola
2382 3633 2462 3715 fide,

452 3731 552 3805 Deus
572 3744 692 3801 noster
714 3732 805 3822 ignis
827 3755 1038 3805 consumens
1062 3744 1124 3808 est.
1174 3730 1251 3803 llae
1275 3757 1432 3805 commn-
1482 3738 1606 3822 idest,
1631 3731 1764 3809 habens
1781 3735 2025 3808 remissionem
2049 3749 2289 3829 peccatomm,
2315 3749 2350 3805 et
2364 3757 2463 3805 acce·

451 3833 670 3906 nesactiones
686 3846 769 3904 sunt
784 3834 887 3906 utiles
901 3835 1010 3921 vitae,
1041 3848 1077 3905 et
1104 3832 1255 3926 intelligi
1268 3850 1431 3928 possunt.
1481 3851 1563 3931 ptus
1574 3837 1651 3908 Deo
1673 3841 1718 3909 ad
1740 3838 1848 3911 vitam
1872 3852 2051 3911 aeternam
2072 3851 2217 3928 propter
2232 3836 2463 3907 mediatorem

450 3934 666 4025 Praestigiae
683 3930 937 4028 sophismatum
952 3937 996 4006 de
1014 3936 1215 4022 coactione,
1239 3960 1284 4007 ne
1297 3937 1432 4008 intelli·
1482 3940 1595 4010 lilium
1604 3936 1683 4024 Dei,
1698 3940 1923 4033 quiecertum
1939 3954 1990 4009 est
2004 3933 2205 4008 inchoatam
2222 3937 2463 4009 obedientiam

434 4053 603 4129 guntur,
626 4038 692 4106 n'ec
707 4050 791 4109 sunt
810 4038 916 4108 utiles
932 4037 1038 4112 vitae.
1482 4064 1706 4135 nequaquam
1722 4040 1920 4108 satisfacere
1935 4040 2004 4128 legi
2021 4039 2101 4123 Dei,
2125 4050 2160 4108 et
2174 4040 2335 4107 nondum
2348 4037 2388 4105 in
2405 4060 2463 4105 re-

550 4136 612 4213 52·
648 4137 871 4210 Damnamus
894 4153 928 4210 et
942 4136 1151 4229 Pelagianos
1165 4136 1431 4215 etPontilicios.
1482 4142 1576 4213 natis
1598 4142 1637 4208 in
1663 4134 1728 4209 hae
1755 4139 1828 4210 vita
1853 4139 2047 4209 restitutam
2077 4162 2150 4209 esse
2179 4137 2463 4209 conformitatem

450 4240 602 4336 Utrique
624 4241 720 4311 enim
742 4241 881 4329 fingunt
903 4262 1004 4332 posse
1026 4241 1096 4332 legi
1116 4238 1186 4311 Dei
1209 4241 1248 4311 in
1270 4237 1335 4313 hac
1360 4243 1432 4313 vita
1483 4265 1563 4312 cum
1592 4242 1690 4328 lege,
1719 4242 1763 4309 de
1787 4263 1858 4333 qua
1882 4239 2028 4309 dicitur:
2064 4239 2162 4310 Deus
2187 4240 2254 4311 erit
2276 4238 2398 4309 omnia
2422 4235 2462 4303 in

451 4343 631 4427 satisfieri,
657 4356 691 4413 et
711 4337 876 4412 homines
899 4341 1028 4410 mereri
1049 4342 1292 4411 remissionem
1308 4367 1433 4434 pecca·
1483 4341 1651 4413 omnibus
1662 4341 1784 4412 beatis.
1810 4338 1983 4412 Fatentur
1996 4364 2078 4431 ergo
2094 4353 2128 4410 et
2139 4340 2326 4429 deplorant
2337 4358 2461 4409 omnes

453 4452 592 4524 torum,
616 4458 651 4515 et
676 4444 763 4516 istus
787 4464 861 4514 esse
883 4463 1001 4511 coram
1022 4438 1099 4511 Deo
1122 4456 1268 4533 propter
1287 4445 1432 4536 propria
1483 4442 1595 4514 sancti
1623 4455 1804 4534 peccatum
1833 4442 1874 4511 in
1897 4441 1947 4512 eis
1974 4437 2090 4513 adhuc
2115 4437 2282 4525 haerens,
2320 4451 2362 4510 ut
2382 4435 2462 4510 Ro-

454 4561 580 4629 opera,
617 4564 676 4612 seu
703 4559 851 4640 propter
876 4539 1058 4636 propriam
1085 4542 1333 4614 obedientiam.
1384 4542 1434 4619 Et
1483 4568 1579 4622 man.
1596 4544 1652 4621 7.;
1687 4540 1801 4614 Video
1817 4542 1923 4614 aliam
1945 4543 2056 4633 legem
2071 4544 2110 4612 in
2124 4542 2292 4612 membris
2304 4538 2392 4609 meis
2405 4562 2463 4609 re-

452 4639 681 4711 adfirmamus
712 4668 813 4720 verae
846 4643 1025 4721 Ecclesiae
1055 4643 1254 4741 doctrinam
1296 4668 1433 4741 semper
1483 4659 1700 4742 pugnantem
1715 4644 1784 4735 legi
1798 4641 1925 4716 mentis
1947 4667 2062 4728 meae,
2087 4657 2152 4715 etc.
2170 4724 2173 4729 ¹
2192 4640 2252 4713 Er
2266 4642 2304 4711 in
2318 4640 2486 4711 Psalmo·

452 4741 578 4825 luisse,
603 4760 676 4812 esse
690 4755 724 4812 et
738 4745 893 4843 futuram
909 4768 983 4819 esse
1003 4738 1119 4831 bane,
1147 4741 1341 4818 Hominem
1358 4749 1432 4818 sola
1484 4749 1631 4820 dicitur:
1656 4746 1740 4839 Non
1755 4746 2000 4819 iustificabitur
2014 4745 2053 4814 in
2064 4755 2254 4836 conspectu
2269 4756 2330 4816 tuo
2346 4740 2463 4812 omnis

452 4842 522 4910 fide
550 4865 670 4912 coram
699 4836 776 4915 Deo
805 4846 1006 4936 iustificari,
1045 4859 1192 4940 propter
1229 4848 1343 4920 filium
1364 4845 1434 4921 Dei
1483 4850 1621 4922 vivens.
1673 4844 1722 4920 Et
1735 4846 1801 4920 lob
1816 4847 1869 4920 9.:
1896 4846 1989 4919 Vere
2002 4848 2095 4930 scio,
2120 4845 2218 4940 quod
2240 4839 2307 4915 hoc
2328 4855 2463 4914 certum

453 4941 573 5030 8¹³5&
668 4948 672 4953 ¹
1485 4952 1555 5037 sit,¹
1582 4950 1679 5044 quod
1703 4974 1777 5019 non
1799 4951 1846 5021 sit
1867 4948 1980 5022 iustus
2003 4943 2111 5019 horno
2137 4970 2255 5016 coram
2276 4943 2365 5016 Deo.
2415 4937 2464 5012 Et

553 5038 617 5117 53.
655 5039 793 5118 Eadem
823 5063 875 5122 est
902 5055 998 5126 enim
1025 5078 1094 5126 vox
1114 5047 1381 5144 Prophetarum·
1400 5066 1435 5124 et
1487 5076 1563 5144 cap.
1584 5050 1658 5126 14.:
1683 5049 1774 5138 Quis
1789 5049 1887 5120 dabit
1904 5073 2032 5141 purum
2048 5049 2093 5118 de
2115 5048 2272 5139 polluto,
2298 5047 2360 5117 ubi
2380 5044 2464 5116 nul-

452 5138 729 5235 Apdstolorum,
754 5149 850 5242 quod
866 5154 1037 5245 accipiant
1051 5155 1296 5227 remissionem
1311 5178 1434 5247 pecca·
1484 5154 1542 5224 lus
1564 5164 1617 5222 est
1637 5150 1773 5243 purus?
1810 5149 1913 5220 Hane
1935 5149 2066 5221 molem
2087 5146 2219 5240 peccati
2235 5147 2274 5216 in
2288 5149 2392 5219 corde
2410 5168 2465 5216 se·
2551 5190 2553 5194 ι

452 5258 572 5315 torum
600 5260 634 5317 et
651 5247 920 5340 imputationem
934 5253 1109 5345 iusticiae,
1129 5270 1164 5330 et
1177 5256 1250 5328 sint
1265 5255 1348 5326 iusti
1365 5254 1435 5325 im·
1485 5251 1563 5325 curi
1578 5246 1782 5347 hypocritae
1795 5251 1909 5321 levem
1925 5272 2000 5323 esse
2015 5249 2213 5334 somniant,
2238 5251 2298 5319 sed
2315 5249 2375 5342 pii,
2402 5242 2466 5342 qui

450 5359 572 5435 putata
588 5348 742 5434 iusticia,
768 5363 803 5421 et
819 5352 950 5441 accepti
963 5350 1041 5426 Deo
1057 5359 1226 5431 advitam
1244 5370 1435 5443 aeternam,
1486 5351 1619 5426 habent
1637 5352 1801 5424 exercitia
1815 5351 2073 5445 poenitentiae,
2099 5350 2161 5446 qui
2177 5364 2212 5422 et
2227 5348 2462 5421 dubitationi·

449 5459 595 5539 propter
609 5451 841 5521 mediatorem
857 5451 971 5520 filium
987 5451 1056 5526 Dei
1069 5482 1132 5551 per
1153 5458 1433 5531 misericordiam
1484 5456 1553 5527 bus
1578 5468 1612 5526 et
1633 5454 1756 5527 multis
1778 5453 1979 5525 errantibus
2001 5454 2156 5525 motibus
2175 5463 2392 5543 repugnant,
2419 5441 2461 5517 hi

449 5550 577 5636 gralli,
609 5551 685 5621 ⁸⁰¹³
707 5551 795 5640 fide,
832 5554 964 5632 idest,
1002 5552 1128 5631 fiducia
1155 5559 1433 5644 misericordiae,
1485 5557 1606 5653 aliquo
1621 5557 1729 5627 modo
1745 5570 1780 5629 et
1795 5556 1953 5629 sentiunt
1966 5567 2002 5628 et
2016 5555 2202 5647 deplorant
2223 5563 2369 5621 naturae
2385 5545 2467 5618 vul·

447 5664 594 5741 propter
606 5653 839 5747 mediatorem
856 5651 1069 5747 promissae,
1092 5682 1166 5731 non
1190 5675 1335 5754 propter
1347 5685 1434 5754 pro·
1484 5682 1581 5732 nera.
1632 5656 1717 5730 ldco
1735 5658 1946 5749 confugiunt
1959 5658 2004 5728 ad
2019 5656 2130 5728 filium
2140 5652 2211 5725 Dei
2223 5649 2468 5735 mediatorem,

448 5750 544 5839 prias
559 5754 747 5845 qualitates
766 5768 828 5828 aut
841 5757 1002 5844 virtutes,
1023 5758 1088 5827 ant
1099 5775 1244 5852 propter
1256 5762 1433 5835 iusticiam
1485 5774 1520 5832 ct
1535 5772 1696 5834 statuunt
1709 5782 1746 5832 se
1759 5759 1835 5831 sola
1849 5757 2090 5830 misericordia
2103 5765 2249 5846 propter
2271 5750 2391 5840 ipsum
2409 5750 2466 5824 iu-

360 5937 363 5940 ·
449 5852 683 5928 essentialem.
731 5854 821 5932 ldeo
846 5856 981 5933 Daniel
1006 5855 1142 5956 inquit:
1177 5856 1262 5934 Non
1286 5869 1433 5961 psopter
1484 5877 1555 5939 stos
1569 5862 1747 5958 reputari,
1772 5874 1808 5936 et
1820 5856 1989 5939 haeredes
2003 5880 2077 5933 csse
2090 5855 2184 5929 vitae
2197 5863 2378 5934 aeternae.
2547 5857 2551 5865 '
