6025 6775
503 569 549 639 ω
1038 543 1196 624 usos.
1229 545 1304 622 ns
1335 545 1721 624 savonensis
1753 549 1969 626 nsouu.
2476 550 2523 624 14
2644 527 2648 532 ’

500 757 557 807 res
572 727 754 805 communi
767 724 861 793 vitae
875 734 908 790 et
927 718 1120 810 posteritati
1138 718 1292 809 prosint,
1318 730 1352 789 et
1368 733 1407 788 ut
1419 717 1484 801 illi,
1533 720 1579 791 tis
1593 721 1699 790 seculi
1716 743 1851 805 mores,
1872 719 2100 813 miseriasque
2115 722 2209 811 apud
2226 721 2384 791 animum
2394 717 2519 790 'meum
2601 751 2605 766 ·

503 836 565 930 qui
588 856 666 903 mea
683 852 769 898 voce
790 820 915 893 eruditi
939 832 1038 904 sunt,
1059 819 1143 887 bant
1167 841 1298 908 organa
1318 818 1483 888 salutaria
1533 822 1699 911 deploro,
1728 844 1767 888 ac
1790 821 1962 889 eiusmodi
1985 818 2343 911 Rerumpublicarum
2362 821 2518 890 admini-

501 934 682 1006 E⁰⁶¹0⁸l³²
714 941 749 996 ⁸²
769 919 1007 1013 Rilplffillffle·
1065 915 1156 988 Cum
1182 934 1298 990 autern
1321 919 1391 987 iarn
1414 917 1485 989 Dei
1532 934 1698 990 stratores
1722 942 1763 988 ac
1788 922 2023 990 moderatores
2046 918 2189 1017 (quales
2205 922 2275 1005 illi,
2301 945 2389 1016 quos
2409 923 2515 990 modo

501 1033 678 1108 beneficio
701 1048 792 1114 agam
813 1044 946 1090 annum
968 1019 1110 1089 tertium
1127 1032 1161 1089 et
1180 1020 1484 1112 septuagesimum,
1532 1020 1733 1103 nominavi,
1765 1018 1927 1112 fuerunt)
1951 1022 2053 1090 nobis
2074 1046 2214 1114 quoque
2238 1022 2367 1092 iterum
2392 1045 2517 1116 quam·

504 1152 539 1206 et
567 1150 708 1220 magnos
727 1125 861 1193 labores
885 1122 923 1188 in
947 1121 1103 1188 consiliis
1128 1134 1162 1189 et
1179 1120 1217 1189 in
1232 1122 1392 1190 docendo
1405 1140 1483 1188 sus-
1532 1123 1705 1213 plurimos
1728 1121 1898 1191 divinitus
1920 1122 2016 1212 dari,
2042 1146 2083 1191 ex
2107 1124 2226 1191 animo
2248 1135 2346 1213 opto,
2371 1137 2516 1214 totoque
2582 1204 2584 1208 Ι

509 1236 653 1317 tineam,
686 1240 718 1296 et
744 1224 928 1292 doloribus
942 1222 1078 1310 magnis
1100 1234 1243 1311 propter
1257 1217 1433 1292 Ecclesiae
1449 1234 1483 1289 et
1531 1237 1670 1315 pectore
1686 1245 1818 1313 precor.

509 1330 728 1419 imperiorum
756 1323 980 1393 confusiones
1006 1322 1197 1406 excrucier,
1231 1345 1381 1412 aequum
1409 1334 1483 1388 erat
1633 1317 1713 1393 Huc
1742 1320 1875 1390 accedit
1907 1343 2027 1388 recens
2060 1321 2230 1407 affinitas,
2267 1347 2354 1416 quae
2381 1334 2420 1391 ut
2447 1321 2516 1412 ipsi

504 1429 588 1500 mihi
610 1428 704 1519 parci
727 1425 766 1492 iu
787 1421 852 1492 hac
875 1435 969 1492 tauta
1000 1434 1157 1501 senecta,
1189 1422 1287 1490 etin
1318 1417 1382 1489 hac
1405 1445 1481 1489 mea
1531 1447 1659 1515 sponso
1672 1438 1706 1493 et
1720 1445 1884 1513 sponsae,
1910 1443 2016 1513 quarn
2032 1421 2135 1489 etiam
2151 1435 2318 1516 tanquam
2333 1424 2441 1492 filiam
2458 1424 2516 1490 di.

500 1529 692 1606 ‘milii’
726 1538 761 1594 ⁸1
782 1526 900 1615 ³¹³q¹¹³
923 1517 1013 1589 mihi
1032 1546 1140 1592 ⁰¹¹⁸r³
1162 1522 1265 1590 demi·
1316 1519 1389 1591 Nee
1411 1534 1480 1590 nm
1531 1526 1622 1614 sigo,
1648 1528 1761 1594 tauro
1777 1522 1932 1592 noun
1946 1522 2008 1605 su,
2035 1534 2068 1591 et
2082 1516 2172 1589 mist
2189 1537 2223 1592 a
2240 1524 2327 1591 meis
2348 1524 2515 1601 iucunda,

498 1630 663 1718 languida
687 1639 722 1695 et
743 1638 874 1693 moesta
897 1636 1055 1693 senectus
1077 1622 1204 1692 idonea
1226 1635 1278 1691 est
1298 1622 1341 1690 ad
1362 1621 1483 1689 dicen·
1531 1640 1625 1717 opto,

498 1734 583 1799 dum
601 1731 640 1797 in
655 1727 786 1797 talibus
806 1724 1067 1812 congressibus,
1094 1723 1155 1816 qui
1177 1723 1357 1813 postulant
1371 1734 1406 1789 et
1418 1744 1482 1789 vo·
1631 1724 1822 1817 Postquam
1842 1735 1959 1792 autem
1977 1723 2120 1812 exposui
2135 1742 2272 1805 causas,
2296 1744 2404 1813 quare
2422 1714 2516 1788 hano

499 1856 572 1900 “m
600 1844 635 1899 εἰ
659 1827 855 1897 ⁰³³¹i⁰¹¹²m
881 1820 1099 1893 mmmm·
1164 1823 1236 1893 sed
1262 1836 1380 1892 “¹¹¹2ss
1401 1845 1480 1890 cnm
1530 1826 1834 1896 renunciationem
1859 1824 2052 1893 testimonii
2075 1822 2210 1901 faciam,
2236 1844 2332 1889 ntmc
2357 1820 2515 1890 iuniores

500 1932 555 1999 vir
569 1928 808 2009 doctissimus,
834 1924 943 2016 etqui
968 1948 1103 1994 mecum
1127 1948 1239 1992 annos
1259 1924 1399 1993 circiter
1419 1925 1481 1991 de-
1530 1927 1708 2017 nlloqunr,
1733 1946 1822 2016 qooo
1843 1925 1997 2014 primum
2012 1918 2182 1992 adhortor
2198 1944 2337 2004 omne„
2365 1943 2438 1987 non
2455 1941 2515 1986 30.

499 2056 572 2100 rem
591 2044 625 2100 et
638 2040 786 2118 septem,
813 2024 957 2094 utfilius
973 2024 1076 2109 visit,
1103 2037 1137 2093 et
1151 2048 1254 2117 quem
1270 2023 1478 2114 propteriu·
1530 2028 1605 2095 lum
1628 2024 1807 2094 auditores
1824 2039 1985 2109 nostros,
2013 2025 2072 2092 sed
2098 2024 2201 2092 etiam
2225 2035 2396 2104 caeteros,
2419 2032 2459 2087 ut
2478 2040 2515 2086 se

498 2131 659 2221 genium,
682 2126 819 2207 studia,
844 2126 996 2215 optimos
1011 2148 1136 2209 mores,
1162 2147 1298 2215 semper
1314 2138 1480 2213 tanquam
1531 2149 1656 2215 magna
1672 2147 1754 2194 eura
1769 2123 2008 2192 adsuefaciant
2022 2126 2065 2191 ad
2082 2122 2312 2192 reverentiam
2326 2120 2454 2208 legum,
2477 2132 2515 2187 et

498 2231 611 2299 lilium
624 2228 749 2310 dilexi,
775 2223 923 2295 loannes
938 2247 958 2293 a
974 2222 1148 2303 Borclren,
1174 2238 1277 2293 natus
1293 2224 1332 2291 in
1349 2223 1479 2314 inclyta
1530 2228 1637 2298 totius
1658 2224 1792 2316 politici
1815 2223 1968 2307 ordinis,
1999 2236 2041 2302 et,
2055 2244 2153 2291 veras
2181 2243 2300 2291 causas
2321 2216 2387 2289 hac
2409 2222 2453 2287 de
2475 2240 2515 2287 re

498 2332 586 2400 urbe
600 2329 741 2411 Brema,
766 2350 807 2394 ex
821 2325 960 2416 patricii
975 2326 1110 2394 ordinis
1126 2321 1383 2409 honestissima,
1409 2321 1481 2389 cla·
1530 2327 1698 2416 cogitent,
1724 2349 1764 2393 ac
1779 2326 1915 2392 furores
1931 2324 2076 2392 istorum
2093 2337 2308 2404 execrentur,
2333 2320 2393 2413 qui
2411 2319 2515 2407 leges,

498 2431 635 2500 sissima
661 2443 693 2499 et
728 2426 970 2518 antiquissime
1002 2426 1154 2509 familia,
1192 2423 1404 2493 existimaret
1435 2422 1479 2490 ad
1529 2442 1563 2497 ct
1583 2423 1674 2495 hanc
1698 2424 1925 2515 sapientiam,
1954 2447 2043 2515 qnae
2060 2422 2392 2491 Iurisconsultorum
2410 2418 2513 2488 libris

499 2554 602 2600 mum
626 2525 795 2598 h⁰n010¹¹1
817 2522 883 2595 h⁰ss
907 2526 944 2593 5¹¹
969 2526 1091 2615 Ρΐῗῐῦἷ8
1110 2524 1308 2615 Pertinere,
1342 2536 1380 2592 ¹¹¹
1403 2545 1480 2591 1⁰⁸³
1528 2527 1747 2608 continetur,
1767 2536 2007 2593 contemnunt.
2061 2520 2161 2610 Quae
2177 2546 2255 2589 mea
2272 2521 2316 2589 sit
2333 2534 2438 2601 aeus,
2460 2517 2515 2585 vi-

494 2655 582 2699 voce
598 2631 777 2719 publicum
791 2624 1030 2697 testimonium
1043 2625 1110 2691 sibi
1125 2626 1379 2706 decerneretur,
1403 2646 1480 2690 rne-
1529 2628 1630 2701 detis,
1665 2622 1713 2695 Et
1724 2621 1808 2692 'cum
1823 2634 1875 2692 tot
1889 2624 2012 2707 annis,
2036 2647 2109 2691 uon
2126 2625 2240 2692 solum
2260 2621 2296 2688 in
2312 2615 2378 2688 hoc
2394 2616 2513 2687 studio

497 2754 565 2822 que
580 2744 717 2813 oraret,
741 2741 782 2797 ut
797 2747 1001 2815 quanquam
1018 2748 1158 2793 menon
1181 2725 1333 2798 libenter
1353 2746 1480 2791 onera·
1528 2741 1684 2798 versatus
1700 2725 1784 2810 sim,
1810 2725 1870 2793 sed
1889 2725 1992 2793 etiam
2010 2721 2323 2793 deliberationibus
2343 2719 2513 2788 maxima-

496 2845 549 2899 ret
570 2832 706 2913 labore,
740 2842 957 2897 tamencum
981 2848 1035 2892 me
1055 2840 1221 2918 tauquam
1242 2838 1375 2914 patrem
1398 2844 1478 2890 vera
1528 2853 1607 2897 rum
1621 2850 1740 2896 rerum
1755 2826 1794 2893 in
1810 2823 2008 2915 Republica
2026 2823 2265 2906 interfuerim,
2287 2843 2424 2890 necesse
2443 2818 2513 2887 fuit

495 2932 621 3021 pietate
636 2931 777 2997 coleret.
804 2948 875 2992 non
890 2928 1042 2992 deessem
1057 2926 1130 2993 eius
1148 2921 1275 2994 honori
1292 2924 1353 2991 tali
1368 2922 1479 3011 ipsius
1527 2951 1584 2994 me
1607 2926 1737 2992 intueri
1761 2921 1947 2995 hominum
1976 2926 2102 3006 vitam,
2133 2924 2356 2992 considerare
2380 2918 2513 2988 multo·

493 3043 670 3121 tempore,
704 3040 738 3096 et
765 3026 984 3095 diceretnon
1008 3026 1122 3095 solum
1146 3025 1184 3093 in
1209 3022 1409 3093 testimonio
1434 3023 1478 3088 de
1528 3050 1607 3097 rum
1627 3022 1770 3105 iudicia,
1796 3023 1913 3091 videre
1928 3024 2039 3092 exitus
2054 3024 2283 3092 consiliorum
2298 3017 2513 3090 memorabi-

495 3154 588 3207 sese,
608 3130 689 3217 plus
711 3128 786 3196 iore
808 3126 1024 3209 autoritatis,
1049 3126 1078 3193 si
1095 3149 1170 3192 mea
1188 3148 1270 3193 voce
1290 3121 1478 3194 renuncia·
1527 3127 1596 3211 les,
1621 3138 1654 3195 et
1670 3119 1870 3191 testimonia
1887 3122 2003 3204 legum
2018 3134 2053 3185 et
2066 3122 2190 3186 iudicii
2206 3121 2335 3189 divini.
2370 3120 2429 3189 Sic
2445 3117 2514 3209 igi·

495 3229 545 3294 ῑὶο
568 3228 683 3297 fieret,
717 3227 774 3288 sed
797 3226 899 3289 etiam
922 3222 1204 3290 adhortationem
1226 3227 1267 3290 ad
1292 3225 1477 3289 amandam
1527 3241 1587 3292 tur
1607 3224 1726 3290 audite
1747 3216 1836 3284 hanc
1858 3238 1971 3282 meam
1990 3216 2205 3296 orationem,
2230 3239 2305 3281 non
2319 3232 2360 3283 ut
2374 3217 2513 3282 iuveni-

424 3329 431 3354 ²
495 3318 588 3390 hanc
605 3319 801 3387 doctrinam
826 3321 917 3406 apud
946 3320 1074 3385 multos
1097 3321 1176 3406 plus
1194 3320 1379 3384 valituram
1396 3338 1479 3396 esse,
1527 3324 1597 3390 lem
1612 3315 1912 3399 declamationem,
1936 3315 1996 3382 sed
2013 3326 2051 3383 nt
2068 3336 2186 3380 veram
2203 3313 2513 3383 commonefnotio.

416 3438 418 3442 ⁴
495 3422 524 3488 si
540 3422 613 3508 ipse
628 3418 790 3495 dicerem,
817 3431 933 3486 motus
950 3441 1027 3485 sum
1044 3430 1188 3505 paterno
1204 3416 1333 3498 animo,
1359 3429 1399 3483 ut
1413 3410 1479 3481 hoc
1528 3443 1621 3501 nem,
1637 3441 1744 3508 quarn
1757 3429 1792 3487 et
1806 3437 1871 3483 nos
1883 3436 1984 3483 senes
1996 3415 2071 3484 vult
2082 3412 2178 3484 Deus
2191 3428 2316 3483 sonare
2332 3415 2370 3481 in
2386 3437 2514 3503 genere

494 3519 647 3588 officium
666 3530 866 3603 reverenter
885 3515 1017 3602 petenti
1037 3516 1238 3580 tribuerem.
1291 3513 1478 3579 Libentius
1527 3512 1701 3603 humano,
1735 3527 1775 3586 ut
1798 3515 1872 3604 ipse
1893 3512 2120 3603 agnoscatur,
2151 3528 2185 3584 et
2200 3514 2303 3583 saluti
2324 3511 2512 3585 homiuum

494 3618 598 3688 etiam
620 3616 700 3684 ideo
718 3611 810 3681 hanc
832 3609 1027 3682 testimonii
1047 3609 1350 3677 renunciationem
1374 3608 1476 3686 facio,
1526 3614 1747 3699 consulatur,
1772 3627 1808 3684 et
1825 3614 1981 3682 iuniores
1998 3615 2075 3684 vult
2096 3627 2299 3684 reverenter
2312 3616 2452 3698 audire,
2476 3628 2512 3684 et

494 3719 588 3810 quod
606 3715 677 3782 scio
699 3736 777 3780 eum
797 3724 832 3780 et
853 3723 945 3778 recte
963 3730 1062 3776 nosse
1081 3709 1195 3777 fontes
1213 3702 1317 3777 huius
1332 3708 1476 3797 amplis-
1526 3728 1670 3805 propter
1692 3715 1842 3803 gloriam
1864 3714 1931 3784 Dei
1957 3729 1991 3784 et
2014 3717 2160 3784 salutem
2185 3715 2362 3806 publicam
2386 3730 2420 3785 et
2436 3715 2511 3805 pri.

493 3820 599 3886 simae
620 3811 810 3903 sapientiae
832 3810 967 3898 legum,
993 3821 1028 3877 et
1041 3831 1156 3877 amare
1174 3809 1343 3877 iustitiam
1361 3821 1396 3876 et
1418 3808 1476 3874 in·
1525 3827 1641 3884 vatam
1656 3815 1689 3881 ei
1703 3816 1857 3886 obedire,
2488 3820 2490 3823 ·

495 3916 691 4005 tegritatem
714 3913 753 3979 in
776 3912 874 3979 omni
901 3910 1036 3991 oibeio,
1071 3920 1104 3976 et
1130 3931 1229 3997 spero
1259 3931 1339 3976 eum
1370 3902 1476 3975 huius
1626 3912 1741 3986 Totus
1764 3909 1824 3983 hic
1846 3917 1933 3985 ordo
1956 3915 2139 4006 politicus,
2172 3917 2286 4005 leges,
2319 3915 2510 3985 discrimen

495 4016 673 4085 doetrinae
706 4024 969 4103 propagatorem
1003 4011 1078 4077 lore
1113 4008 1235 4075 utilem
1269 4007 1475 4097 posteritati.
1527 4008 1754 4084 honestorum
1789 4027 1823 4083 et
1853 4017 2031 4106 turpium,
2065 4017 2302 4104 magistratus,
2335 4015 2512 4103 coniugio,

495 4114 541 4186 Et
561 4115 654 4207 quod
669 4137 748 4181 cum
764 4125 861 4203 patre
875 4111 951 4179 eius
966 4107 1138 4177 Meimero
1154 4105 1358 4189 assorckffl,
1380 4104 1475 4176 Con·
1526 4115 1767 4184 dominiorum
1788 4115 1987 4199 distinctio,
2009 4130 2225 4200 contractus,
2252 4117 2399 4201 iudicia,
2423 4124 2510 4205 po'e-

494 4216 621 4299 sulari‚
655 4213 732 4280 viro
758 4212 891 4301 optimo
913 4235 952 4278 ac
981 4208 1224 4295 integerrimo,
1258 4220 1340 4277 ante
1364 4229 1476 4274 annos
1525 4237 1610 4298 nse,
1636 4214 1700 4282 Dei
1718 4237 1807 4303 opus
1826 4228 1897 4295 est,
1921 4229 1954 4284 et
1972 4216 2096 4304 ingens
2119 4218 2346 4299 beneficium,
2370 4231 2404 4286 et
2424 4213 2510 4282 illo.

494 4318 572 4406 plus
589 4314 706 4381 minus
721 4312 883 4400 triginta,
907 4324 1006 4380 vetus
1022 4305 1110 4376 mibi
1125 4307 1255 4377 noticia
1272 4321 1305 4378 et
1321 4306 1474 4375 amicitia
1526 4314 1610 4384 stria
1632 4315 1676 4381 de
1698 4312 1773 4382 Deo
1799 4315 1997 4383 testimonia
2026 4317 2178 4404 plurimo
2201 4316 2364 4385 ostendit
2424 4312 2508 4380 ideo

494 4414 699 4486 intercessit.
758 4410 832 4500 Qui
857 4410 999 4502 quidem
1023 4432 1093 4476 una
1116 4432 1196 4477 cum
1217 4407 1422 4498 aequalibus
1442 4419 1475 4475 et
1526 4412 1613 4482 dicit
1635 4414 1804 4504 sapientia
1828 4414 1948 4481 divina
1972 4419 2065 4504 apud
2086 4416 2331 4485 Salomonem:
2363 4412 2432 4481 Per
2452 4435 2510 4479 me

493 4515 635 4603 collegis
650 4513 732 4594 suis,
747 4507 1093 4587 DanieleaBeuren,
1108 4506 1266 4577 Martiuo
1283 4510 1326 4575 ab
1343 4505 1474 4574 Heien·
1526 4534 1624 4601 reges
1646 4528 1812 4602 regnant,
1844 4530 1879 4583 et
1901 4515 2035 4584 iudices
2057 4517 2146 4584 iusta
2171 4517 2375 4586 decernunt.
2428 4512 2509 4602 ipsa

494 4619 584 4705 burg
608 4629 639 4683 et
655 4612 788 4684 Ioanne
806 4611 969 4700 Trupen,
998 4609 1082 4676 viris
1102 4607 1323 4690 clarissimis,
1348 4622 1380 4675 et
1402 4609 1475 4675 exi·
1526 4612 1592 4683 Dei
1620 4615 1808 4704 sapientia,
1834 4615 1925 4703 leges
1950 4629 1981 4683 et
2006 4629 2118 4685 totum
2140 4616 2300 4685 ordinem
2324 4613 2508 4704 politicum

492 4717 563 4786 mia
578 4713 783 4808 prudentia,
809 4711 977 4801 omnique
992 4731 1116 4798 genere
1133 4709 1272 4776 virtutis
1295 4722 1474 4798 praestan·
1525 4715 1562 4781 in
1581 4736 1706 4803 genere
1729 4709 1885 4786 humano
1902 4716 2074 4800 instituit,
2100 4729 2135 4785 et
2150 4740 2224 4785 non
2240 4717 2381 4806 penitus
2397 4714 2508 4782 deleri

492 4817 633 4887 tissimis
646 4817 684 4882 in
693 4808 1090 4904 RepublicaBremensi,
1104 4803 1299 4877 honoribus
1313 4808 1474 4896 etdigni-
1524 4815 1627 4899 sinit,
1659 4815 1794 4886 etiamsi
1810 4816 1962 4899 diaboli,
1995 4832 2029 4887 ot
2050 4818 2167 4885 omnia
2192 4840 2322 4905 organa
2344 4814 2508 4884 diabolo.

497 4926 565 4984 tate
575 4914 762 4984 Consulari
781 4930 864 4983 tunc
885 4912 1034 4978 maxime
1048 4908 1186 5005 floruit,
1212 4923 1247 4978 el
1262 4909 1368 4997 longo
1384 4921 1473 4977 tem·
1524 4940 1604 4984 rum
1620 4916 1746 4985 multas
1762 4909 1956 4984 horrendas
1970 4917 2192 4985 confusiones
2206 4917 2374 4986 efficiunt.

497 5034 584 5102 pore
604 5016 647 5081 ad
667 5037 777 5083 annos
792 5012 1040 5106 quadraginta,
1065 5010 1264 5098 etamplius
1284 5009 1322 5075 in
1346 5033 1474 5077 consu·
1625 5013 1706 5084 Scio
1724 5016 1761 5082 in
1780 5010 1844 5082 hac
1861 5016 2007 5103 caligine
2026 5013 2197 5102 humano,
2220 5017 2426 5106 praesertim
2452 5016 2510 5085 io.

494 5113 571 5180 latu
598 5115 723 5198 patriae
755 5138 836 5182 suac
870 5112 1039 5198 singulari
1065 5110 1133 5178 lide
1154 5133 1193 5177 ae
1216 5110 1396 5196 diligentia
1424 5110 1472 5178 ita
1525 5114 1780 5183 nioresminus
1803 5115 2043 5199 considerare,
2080 5133 2231 5210 quantae
2254 5141 2308 5185 res
2325 5118 2416 5196 sint,
2450 5140 2508 5186 sa·

494 5209 667 5303 praefuit,
694 5225 733 5279 ut
750 5215 873 5283 merito
895 5235 958 5280 suo
978 5225 1076 5302 pater
1099 5209 1229 5299 patriae
1252 5205 1393 5278 habitus
1412 5234 1473 5277 vo·
1523 5216 1656 5302 pientia
1683 5230 1715 5286 et
1739 5215 1875 5283 iusticia
1891 5211 1977 5297 Dei,
2003 5217 2111 5304 leges,
2137 5243 2224 5309 quae
2240 5232 2323 5286 suut
2345 5219 2436 5287 radii
2451 5240 2507 5304 sa-

496 5326 664 5402 catusque
680 5307 737 5380 sit.
762 5310 918 5396 Quorum
935 5327 1145 5400 tessspornm,
1160 5325 1193 5380 ct
1207 5310 1364 5377 virorum
1381 5311 1472 5399 opti·
1523 5316 1675 5403 pientiae
1688 5315 1840 5385 divinae.
1873 5310 1920 5384 Et
1936 5317 2038 5385 multi
2053 5319 2187 5388 furores
2205 5319 2402 5409 impediunt
2415 5315 2509 5387 hauc

495 5436 652 5495 mortam,
694 5401 852 5499 mihique
872 5408 1178 5495 charissimorum,
1211 5410 1474 5502 quotienscum-
1523 5415 1850 5489 considerationem.
1911 5413 1993 5484 ldeo
2018 5419 2095 5488 vult
2115 5416 2212 5489 Deus
2239 5443 2341 5489 senes
2370 5420 2509 5509 aliquos

496 5536 561 5604 que
574 5512 751 5603 recordor,
779 5504 958 5597 (recordor
972 5527 1087 5582 autem
1103 5511 1317 5602 saepissime)
1335 5512 1473 5595 totiens,
1523 5517 1816 5585 essemonitores.
1865 5511 1944 5585 Etsi
1965 5533 2079 5588 autem
2099 5545 2171 5590 non
2189 5522 2508 5602 onmesobtempe-

496 5606 599 5680 buius
612 5610 833 5696 aerumnosi,
860 5630 1062 5705 semperque
1086 5612 1123 5680 iu
1145 5614 1244 5704 peius
1259 5614 1472 5701 degeneran-
1497 5656 1500 5665 ·
1521 5629 1622 5699 rant,
1648 5631 1764 5688 tamen
1781 5615 1981 5709 aliquorum
2006 5633 2145 5710 pectora
2160 5621 2257 5691 Deus
2273 5622 2316 5689 ad
2338 5611 2511 5686 obedien-
