6025 6775
543 519 637 597 1⁰11
786 487 996 578 sentent
1021 487 1099 565 au.
1123 463 1241 564 uun
1269 482 1337 564 an
1361 484 1489 562 msn
1513 481 1661 568 anor.
1683 482 1751 563 ur
1775 482 1966 564 russos.
1984 447 2323 598 ,sibcpaurm
2374 535 2394 594 ,;
2464 497 2567 572 1012

547 674 786 763 Narbonensi.
825 671 1016 761 Postquam
1032 658 1263 735 Constantius
1277 652 1533 729 Caesarfactus
1581 657 1882 753 inseparabiliter,
1909 660 1969 740 sed
1984 654 2161 731 humanae
2175 649 2324 735 nanrr‘ac
2339 664 2482 740 affuisse
2505 660 2569 740 λό-

550 801 619 873 est,
642 805 711 876 pau
726 778 807 850 iuit.
846 770 916 843 sed
938 762 1184 858 postreditum
1200 757 1378 828 Placidiae
1395 772 1534 831 tantum
1581 783 1672 862 yar,
1696 773 1738 831 ut
1751 760 1895 832 caeteris
1911 760 2059 841 sanctis,
2083 758 2218 832 Davidi
2232 778 2295 836 aut
2304 761 2445 840 Esaiae.
2626 737 2629 774 ⁴

550 885 702 963 biennio
728 877 817 947 vixit
844 866 1047 949 Honorius,
1079 875 1113 932 et
1142 860 1324 954 aliquantu
1346 873 1428 930 ante
1456 882 1535 930 earn
1684 860 1767 932 Mos
1782 861 1851 930 luit
1866 855 2072 931 Theodosio
2088 885 2192 933 mane
2207 867 2423 955 precationes
2438 870 2573 953 dicere,
2624 915 2629 932 .

554 1001 717 1062 mortuus
735 988 786 1047 est
798 967 1038 1048 Constantius,
1061 974 1139 1054 post
1152 984 1258 1053 quem
1275 958 1430 1030 Galliam
1446 959 1538 1031 rexit
1583 960 1928 1034 etPsalmoseanere
1943 984 2024 1030 eum
2042 962 2192 1053 coniuge
2205 978 2241 1036 et
2254 970 2443 1043 sororibus.
2491 968 2575 1039 Ha·

556 1090 681 1163 A'e‘tius
695 1090 797 1148 natus
815 1071 854 1139 in
869 1067 1004 1162 Mysia,
1029 1066 1153 1146 idest,
1181 1060 1375 1131 Walachia
1391 1064 1464 1136 dus
1480 1083 1536 1132 sa·
1584 1062 1664 1135 buit
1680 1074 1797 1133 autem
1809 1061 1996 1151 coniugem
2003 1055 2194 1137 Eudoxias
2208 1066 2317 1137 tiliam
2330 1066 2574 1141 Leontiini-

558 1179 657 1283 piens
692 1191 727 1247 et
761 1172 874 1243 tortis.
932 1165 1152 1236 Praetecerat
1180 1160 1363 1232 Honorius
1398 1160 1539 1231 Africae
1585 1157 1729 1254 losophi
1750 1155 1997 1246 Atheniensis,
2021 1165 2107 1233 adeo
2123 1167 2321 1259 eruditam}
2346 1184 2387 1242 ut
2407 1171 2574 1259 polimata

557 1275 801 1380 Bonifatium
815 1267 1010 1350 Thracem,
1034 1266 1080 1333 ad
1094 1285 1199 1356 quem
1217 1262 1349 1332 multae
1364 1274 1447 1332 sunt
1462 1263 1539 1332 Au-
1587 1262 1767 1353 scripserit
1791 1264 1836 1333 de
1859 1262 2006 1334 victoria
2021 1264 2162 1333 Arcadii
2189 1280 2224 1338 et
2248 1270 2294 1338 de
2320 1270 2481 1343 victoriis
2498 1290 2574 1339 rna·

557 1383 690 1480 gustini
703 1373 882 1470 epistolae.
933 1367 986 1435 Ac
1006 1366 1152 1436 fuerunt
1174 1376 1259 1433 tunc
1280 1362 1460 1453 praecipui
1474 1384 1541 1451 gu·
1587 1363 1662 1437 riti.
1713 1362 1771 1432 Ab
1794 1361 1871 1454 ipso
1894 1364 2064 1433 dicuntur
2086 1386 2158 1434 esse
2179 1382 2344 1457 congesta
2369 1363 2575 1465 inopino-

558 1494 764 1562 bernatores
781 1468 998 1544 Occidentis.
1049 1462 1092 1534 ln
1110 1458 1262 1535 Oriente
1282 1475 1368 1532 tunc
1388 1463 1542 1554 impera·
1589 1488 1673 1558 τρα.
1724 1462 1873 1554 Scripsit
1895 1462 1928 1530 T
1932 1458 2121 1534 heodosius
2141 1489 2202 1537 sua
2222 1491 2332 1542 manu
2355 1471 2473 1541 libros
2489 1467 2576 1538 novi

560 1605 619 1663 tor
636 1595 710 1654 erat
734 1571 958 1647 Theodosius
981 1565 1158 1636 secundus
1179 1563 1380 1637 adolescens
1395 1563 1541 1633 Arcadii
1591 1563 1827 1647 Testamenti,
1854 1587 2007 1656 quorum
2024 1565 2181 1658 aliquam
2197 1584 2328 1658 partem
2342 1570 2510 1663 quotidie
2528 1570 2578 1638 lc-

561 1689 677 1768 lilius,
702 1677 758 1749 cui
783 1685 883 1765 pater
906 1681 1059 1740 tutorem
1078 1665 1221 1733 dederat
1237 1662 1353 1731 virum
1369 1664 1545 1733 excelleo·
1592 1665 1654 1753 git.
1702 1662 1757 1734 De
1770 1665 1992 1752 dogmatibus
2007 1689 2088 1736 cum
2103 1667 2316 1739 doctissimis
2329 1672 2413 1740 vicis
2428 1672 2481 1742 ita
2502 1668 2577 1739 dis·

562 1805 635 1863 tem
657 1774 827 1872 sapientia
849 1784 884 1841 et
908 1770 1038 1838 virtute
1058 1757 1313 1841 Anthemium,
1340 1766 1472 1857 dequo
1489 1764 1546 1832 in·
1593 1764 1721 1848 seruit,
1746 1777 1786 1834 ut
1799 1764 1949 1852 intelligi
1965 1779 2081 1855 posset
2095 1790 2176 1837 eum
2191 1791 2265 1838 non
2279 1768 2489 1841 interiorem
2507 1790 2581 1840 esse

566 1889 644 1983 quit
667 1879 824 1951 Graecus
845 1868 1049 1942 historicus:
1075 1855 1359 1960 φρονιμώτατος
1380 1860 1444 1935 καὶ
1464 1855 1547 1937 trici-
1594 1865 1805 1937 eruditione.
1855 1861 2116 1936 Bibliothecam
2126 1866 2290 1963 Byzantii
2305 1873 2464 1963 undique
2480 1849 2582 1939 vete

481 2031 486 2039 ·
567 2014 620 2063 κει
640 1979 703 2059 καὶ
722 1970 782 2073 ἦν.
1595 1965 1694 2036 ribus
1716 1966 1816 2035 libris
1837 1965 2076 2036 ecclesiasticis
2095 1981 2130 2040 et
2152 1965 2302 2039 ethnicis
2318 1969 2493 2061 coemptis
2506 1967 2585 2037 ral-

1596 2068 1641 2135 de
1656 2064 1762 2135 auxit.
1814 2064 1917 2134 Talis
1938 2089 2016 2135 cum
2042 2068 2140 2137 domi
2161 2084 2270 2156 esset,
2295 2085 2413 2141 tamen
2430 2083 2467 2141 et
2483 2065 2588 2137 mili·

593 2188 728 2256 nono
762 2170 888 2245 mundi
924 2180 1048 2261 quater
1081 2163 1272 2234 millesimo
1306 2160 1549 2234 trecentesimo
1598 2168 1667 2239 tiae
1683 2168 1821 2235 labores
1835 2165 2003 2255 patienter
2018 2168 2108 2238 tulit.
2161 2166 2278 2241 Duces
2301 2155 2425 2242 hibuit
2441 2165 2590 2261 praeci-

773 2269 1025 2367 septuagesimo
1049 2278 1186 2358 quarto.
1600 2290 1688 2359 puus
1710 2264 1946 2349 Gratianum,
1964 2266 2219 2349 Ardaburium,
2245 2259 2437 2361 Asparem,
2468 2245 2591 2338 Arioi

566 2380 570 2392 '
620 2385 728 2455 Anno
750 2376 886 2449 Romae
909 2367 1099 2437 millesimo
1122 2364 1313 2437 centesimo
1337 2363 1551 2453 sexagesimo
1600 2368 1763 2452 hindam,
1796 2388 1884 2459 quos
1905 2366 2011 2436 tuisse
2035 2364 2160 2438 Gottos
2186 2365 2351 2439 historiae
2373 2370 2476 2459 ipsae
2499 2386 2595 2435 nar·

775 2471 942 2545 secundo.
1601 2481 1701 2550 rant,
1727 2480 1761 2536 et
1776 2467 2054 2557 appellationum
2068 2490 2174 2539 sunus
2187 2471 2228 2537 ad
2244 2484 2401 2538 nostram
2415 2468 2593 2555 linguam

624 2582 733 2656 Anno
751 2572 885 2645 Christi
901 2562 1483 2659 quadringentesimoduodecimo.
1602 2567 1776 2658 congruit.
1827 2566 1927 2637 Misit
1950 2566 2122 2659 Asperem
2146 2579 2181 2639 et
2202 2564 2411 2639 Gratianum
2427 2566 2472 2635 in
2489 2563 2594 2634 Afri-

627 2686 735 2754 Anno
755 2671 909 2744 Honorii
937 2664 1240 2756 decimoquinto.
1603 2691 1698 2754 eam,
1749 2667 1809 2737 sed
1847 2665 2060 2738 Gensericus
2100 2691 2221 2738 eorum
2262 2668 2454 2738 exercitum
2491 2664 2598 2737 vicio

916 2818 977 2891 Th
1042 2816 1069 2889 d
1134 2822 1142 2837 .
1604 2764 1823 2840 Mattianum
1841 2783 1979 2860 captum
1995 2768 2149 2849 dimisit,
2176 2768 2259 2859 quia
2275 2767 2410 2838 viderat
2431 2790 2513 2837 eum
2532 2765 2595 2832 in-

986 2842 1034 2890 e⁰
1075 2838 1213 2888 ‘mm'
1605 2884 1659 2940 ter
1682 2869 1838 2961 reliquos
1860 2868 2272 2957 captivos-dormientem
2297 2868 2366 2954 tegi
2386 2869 2431 2936 ab
2452 2865 2592 2958 aquila.

677 2965 909 3047 Theodosius
929 2957 1108 3037 secundus
1122 2961 1266 3032 Arcadii
1288 2961 1383 3031 filius
1396 2971 1500 3029 natus
1515 2982 1557 3029 ex
1608 2969 1641 3039 ts
1670 2983 1787 3061 postea
1816 2970 1855 3036 io
1885 2969 2035 3060 imperio
2070 2988 2248 3036 successor
2278 2969 2349 3036 siric
2377 2962 2592 3037 Theodosii.

577 3078 739 3157 Eudoxio
762 3074 834 3143 filla
859 3093 920 3139 ⁸⁰¹¹
946 3064 1111 3136 Gratiani
1141 3086 1202 3133 ⁸⁰¹¹
1222 3058 1371 3132 Β(1101111
1394 3060 1558 3129 Sumit
1608 3070 1749 3140 Placide
1765 3082 1881 3140 autem
1895 3081 2054 3138 mortuus
2069 3080 2120 3137 cst
2136 3064 2451 3157 Constantinopoli
2463 3061 2593 3136 Theo·

577 3195 718 3257 mortuo
741 3174 834 3267 petri
864 3182 968 3240 notus
988 3187 1100 3237 1111101
1127 3164 1200 3233 fere
1223 3184 1364 3235 novem.
1422 3156 1559 3230 Tenuit
1607 3170 1727 3238 desim
1742 3169 1934 3254 secundus,
1959 3192 2039 3237 cum
2054 3158 2195 3238 vixisset
2220 3190 2334 3237 annos
2349 3167 2590 3261 quinquagin-

491 3319 504 3344 ,-
574 3279 763 3374 imperium
786 3268 947 3343 Orientis
970 3292 989 3338 a
1009 3278 1123 3335 morte
1142 3264 1250 3355 patris
1271 3282 1384 3330 annos
1405 3261 1559 3354 quadra·
1608 3282 1641 3338 ta
1664 3292 1788 3339 uuum.
1839 3267 2008 3360 Sepultus
2029 3283 2081 3339 est
2103 3269 2140 3336 in
2161 3263 2357 3359 sepulchro
2389 3263 2590 3338 Theodosii

578 3388 676 3479 ginta
711 3381 812 3449 duos.
865 3370 964 3441 Visis
1001 3390 1113 3437 annos
1149 3362 1403 3458 quinquaginta
1436 3383 1560 3431 unnut-
1607 3368 1716 3462 primi
1737 3382 1773 3440 et
1795 3370 1905 3460 patris
1928 3370 2085 3440 Arcadii.
2137 3368 2292 3441 Mortem
2314 3368 2392 3440 eius
2408 3367 2594 3442 antecessit

579 3487 750 3559 Tutorem
767 3461 1155 3548 habuitAntlssmium,
1181 3464 1281 3534 cuius
1298 3462 1469 3554 sapientia
1485 3484 1561 3531 non
1611 3458 1857 3554 terrimotus,
1889 3472 1951 3564 qui
1975 3473 2116 3542 duravit
2141 3494 2199 3541 sex
2228 3464 2383 3559 monio„
2414 3468 2593 3542 concupit

580 3601 717 3658 tantum
739 3576 880 3671 publica
904 3571 1048 3660 negocia
1067 3564 1239 3637 foeliciter
1254 3564 1446 3654 gubernata
1460 3575 1560 3632 sunt:
1610 3569 1944 3660 Constantinopolin
1961 3585 1994 3642 ct
2011 3572 2119 3642 multa
2135 3571 2240 3640 Asiae
2257 3564 2344 3640 tiis.
2382 3567 2592 3645 ‘Dehiscen‘r
2619 3558 2622 3565 ¹

582 3689 641 3757 sed
670 3683 774 3752 etiam
806 3675 1007 3745 adolescens
1033 3672 1078 3740 ad
1109 3666 1305 3750 doctrinas,
1337 3663 1501 3754 pietatem
1527 3673 1562 3731 et
1611 3686 1646 3743 ιθ
1661 3672 1877 3742 terramulta
1900 3673 2029 3763 oppida
2052 3675 2214 3762 absorpta
2240 3684 2332 3743 sunt.
2384 3652 2496 3743 Mlile
2512 3650 2593 3743 slihi

497 3857 504 3864 .
583 3787 734 3879 optimos
749 3798 863 3847 mores
883 3773 1094 3842 assuefactos
1112 3780 1184 3846 est,
1210 3788 1290 3836 cum
1307 3765 1487 3856 placarique
1505 3775 1562 3832 tu·
1611 3774 1749 3862 fugiens
1765 3767 1864 3843 hiatu
1881 3773 2103 3864 absorptum,
2129 3773 2216 3841 olibi
2238 3772 2275 3840 iu
2293 3786 2423 3842 terram
2442 3773 2593 3844 effusura

582 3905 676 3959 tores
698 3874 974 3968 indulgentiores
993 3871 1065 3940 sint
1086 3867 1314 3958 principibus.
1367 3865 1436 3936 Sed
1459 3863 1563 3931 adiu·
1612 3873 1722 3943 mulsa
1753 3874 1884 3964 oppida
1922 3873 2053 3945 obruit,
2111 3871 2209 3944 Haec
2249 3872 2406 3963 prodigia
2438 3884 2599 3961 wan.

582 3990 705 4061 tricem
731 3978 855 4052 habuit
876 3970 1088 4047 Anthemius
1114 3958 1351 4036 Pulcheriam
1368 3959 1563 4032 Theodosii
1611 3986 1663 4042 re,
1688 3974 1828 4064 imperii
1848 3974 1969 4044 minas
2002 3988 2035 4045 01
2057 3971 2294 4045 mahometica
2323 3969 2421 4041 {maia
2452 3968 2600 4059 signifi.

583 4109 740 4162 sororem
758 4078 983 4152 excellentem
999 4068 1161 4160 ingenio,
1187 4065 1387 4137 eruditione
1402 4076 1437 4134 et
1452 4062 1565 4153 pieta·
1613 4085 1792 4145 caverunt,
2529 4074 2545 4101 ⁴
2564 4092 2587 4121 a

581 4207 634 4274 te,
660 4187 759 4258 cuius
782 4177 930 4250 consilio
952 4174 1056 4244 etiam
1074 4184 1191 4261 postea
1208 4179 1376 4256 regnante
1394 4159 1571 4233 Theodo·v
1960 4180 1969 4202 ·

583 4294 636 4361 sio
651 4311 705 4357 res
720 4280 890 4362 maximae
907 4276 1121 4363 gubernatae
1135 4280 1229 4338 sunt.

681 4382 765 4454 Fuit
790 4370 1020 4450 Theodosius
1044 4372 1207 4460 princeps
1229 4365 1406 4448 eruditus,
1442 4365 1565 4433 firmus

582 4495 622 4561 in
639 4484 800 4558 doctrina
815 4474 1077 4574 symbolorum,
1104 4483 1138 4540 et
1155 4480 1247 4536 recte
1262 4463 1565 4549 invocansDeum.

585 4589 636 4665 Ut
652 4584 753 4659 Goui
768 4575 954 4672 tranquilli
968 4585 1092 4654 essent,
1115 4591 1233 4660 pacem
1249 4588 1327 4635 cum
1344 4566 1393 4634 eis
1407 4564 1507 4648 iecit,
1532 4576 1566 4632 et

585 4712 707 4760 eorum
726 4681 865 4754 auxiliis
886 4697 971 4746 usus
996 4687 1047 4743 cst
1071 4685 1193 4740 contra
1217 4665 1369 4735 Hunnos
1387 4678 1419 4735 et
1434 4662 1566 4735 Persas.

582 4785 673 4856 Cum
700 4785 822 4854 Persas
846 4781 985 4849 duobus
1006 4773 1142 4861 maguis
1166 4767 1307 4859 praeliis
1331 4766 1486 4850 vicisset,
1513 4781 1568 4837 ta·

454 4943 459 4963 .
583 4909 665 4955 meu
692 4888 736 4954 de
759 4904 843 4971 pace
867 4875 1025 4946 iacienda
1047 4873 1160 4940 victor
1178 4868 1308 4956 legatos
1329 4865 1373 4934 ad
1389 4889 1447 4933 eos
1460 4867 1567 4950 misit,
1715 4864 1862 4937 Mortuo
1898 4866 2060 4940 Honorio
2093 4882 2292 4939 consortem
2337 4861 2484 4956 imperii
2522 4864 2611 4936 iecit

582 4984 638 5056 lta
661 4998 778 5074 postea
801 4976 987 5049 Orientem
1013 4971 1324 5060 tenuitpacatum,
1351 4965 1467 5033 necin
1484 4988 1567 5054 pace
1618 4959 1933 5058 Valentinianum
1971 4969 2114 5039 tertium
2149 4964 2373 5038 Theodosius
2406 4968 2612 5049 secundus,

583 5085 827 5173 voluptatibus
850 5104 885 5149 se
907 5073 1066 5156 dedidit,
1091 5071 1150 5142 sed
1168 5070 1274 5141 utiles
1291 5069 1383 5156 leges
1398 5066 1569 5152 condidit,
1617 5082 1739 5139 natum
1764 5093 1805 5138 ex
1828 5068 2035 5142 Constantio
2058 5086 2092 5142 et
2112 5069 2266 5141 Placidia
2286 5069 2421 5157 prima,
2448 5063 2611 5137 Honorii

585 5206 736 5279 quarum
752 5184 881 5252 multae
898 5175 1014 5248 adhuc
1030 5186 1161 5255 extant,
1187 5185 1227 5240 ut
1243 5174 1287 5240 de
1303 5167 1486 5258 coniugiis.
1520 5163 1569 5237 Et
1618 5192 1749 5243 sorore.
1801 5169 1935 5239 Tenuit
1962 5169 2152 5262 imperium
2179 5167 2455 5238 Valentinianus
2486 5168 2610 5237 tertius

582 5289 621 5357 in
658 5280 826 5355 Ecclesiis
859 5276 1084 5348 concordiam
1118 5270 1320 5364 constituit,
1363 5267 1569 5339 convocavit
1618 5295 1729 5340 annus
1746 5272 1899 5361 triginta.
1949 5267 2146 5361 Coniugem
2163 5266 2286 5340 habuit
2303 5269 2412 5338 filiam
2431 5262 2612 5338 Theodo-

585 5389 681 5481 piam
705 5379 888 5474 Synodurn
910 5372 1145 5466 Ephesinam,
1179 5371 1216 5437 in
1240 5392 1310 5460 qua
1327 5366 1481 5440 Nestorii
1502 5370 1569 5438 im·
1620 5373 1662 5439 sii
1684 5372 1829 5441 secundi
1855 5367 2054 5440 Eudoxiam
2085 5374 2289 5444 secundam.
2338 5368 2425 5438 Fuit
2461 5369 2614 5438 ultimus

584 5489 697 5574 pietas
718 5484 880 5552 damnata
905 5489 971 5555 est,
997 5487 1038 5541 ut
1059 5484 1179 5561 postea
1204 5469 1376 5553 dicemus,
1403 5472 1464 5561 qui
1482 5493 1569 5540 con·
1621 5472 1813 5563 imperator
1828 5463 2034 5544 Occidentis
2049 5496 2159 5565 usque
2180 5475 2224 5542 ad
2239 5468 2407 5541 Carolum
2421 5467 2614 5560 Magnum.

585 5589 752 5660 tendebat
767 5582 803 5652 in
821 5571 963 5649 Christo
981 5592 1053 5638 non
1068 5569 1175 5638 fuisse
1191 5568 1277 5638 duas
1294 5584 1437 5640 naturas
1451 5573 1569 5642 unitas
1619 5569 1697 5642 Etsi
1722 5573 1855 5641 interea
1875 5573 1978 5645 multi
1998 5573 2156 5646 seditiosi
2172 5572 2352 5644 nominari
2374 5572 2614 5662 imperatores

1664 4313 1772 4383 Anno
1788 4313 1912 4384 mundi
1929 4326 2052 4405 quater
2067 4315 2247 4385 millesimo
2265 4310 2526 4382 trecentesimo
2540 4336 2603 4383 no-

1816 4415 1993 4502 nagesimo
2008 4419 2171 4487 secundo.

1664 4515 1772 4583 Anno
1787 4512 1924 4585 Romae
1938 4516 2121 4584 millesimo
2143 4506 2607 4601 centesimo'octuagesimo.

1665 4615 1773 4684 Anno
1788 4610 1919 4685 Christi
1937 4615 2279 4709 quadringentesimo
2296 4611 2492 4687 tricesimo.

1666 4716 1778 4791 Anno,
1790 4711 1984 4788 Theodosii
2001 4716 2143 4811 secundi
2159 4715 2300 4785 dccirno
2317 4736 2428 4786 norro.
