6025 6775
488 600 563 680 su
886 633 890 640 .
1257 569 1755 674 nrsourartouns
2447 589 2525 667 ιω
2601 513 2603 517 ’

587 767 627 846 4.
651 763 745 840 Nam
758 755 866 834 tidels
881 749 1110 844 mrerigitur
1123 746 1241 843 primo
1258 760 1457 842 praecepto.
1534 775 1632 839 nam,
1656 750 1734 822 sola
1749 748 1990 824 miscrimrdia
2007 749 2349 850 propter.Cbristum
2364 762 2518 851 pmmis-

589 867 628 943 6.
653 867 744 939 lude
756 866 819 949 lit,
843 872 885 932 ut
896 879 974 928 non
989 855 1034 925 de
1045 849 1257 924 ceremoniis
1270 852 1398 936 modo,
1422 849 1484 922 scd
1534 877 1589 940 sa,
1621 853 1720 924 iuxta
1741 850 1850 925 illud:
1880 849 2066 927 Conclusit
2091 881 2216 930 omnes
2237 859 2305 930 sub
2331 874 2521 950 peecatum,

490 982 538 1054 ds
558 973 727 1048 universa
751 967 829 1055 lege
849 955 1011 1051 ⁸intelligi
1034 953 1164 1027 debeat
1178 949 1275 1023 Petri
1289 951 1486 1024 sententia:
1533 966 1576 1028 ut
1597 953 1761 1026 omnium
1784 953 2012 1042 miscreatur,
2047 951 2117 1030 hoc
2148 971 2220 1046 est,
2253 960 2351 1054 quod
2383 961 2523 1051 dicitur,

492 1059 993 1162 Necnosnscpatresuortri
1007 1069 1148 1149 portare
1166 1054 1359 1146 potuimus.
1534 1056 1611 1127 sola
1625 1055 1706 1126 bde.
2335 1085 2340 1092 ·

596 1175 633 1248 6.
657 1171 719 1245 Sic
732 1164 966 1240 iudicandum
982 1174 1035 1231 est
1048 1158 1094 1228 de
1111 1156 1291 1229 similibus
1307 1152 1409 1230 locis.
1639 1157 1701 1228 10.
1745 1152 1794 1228 Et
1808 1168 1929 1229 umen
1944 1177 2092 1250 sequens
2106 1155 2312 1229 obedientia
2326 1162 2527 1234 necessaris

593 1274 633 1347 7.
674 1268 733 1345 Ad
756 1290 838 1340 eum
861 1264 1010 1336 modum
1027 1258 1089 1354 qui
1103 1258 1283 1351 psallunt,
1307 1267 1370 1328 aut
1385 1252 1485 1326 aliud
1536 1271 1605 1348 est,
1629 1258 1716 1330 etbt
1735 1256 1896 1342 iusticia,
1918 1256 2002 1349 qnia
2018 1280 2167 1351 persona
2188 1272 2240 1331 est
2255 1274 2412 1350 accepta,

494 1379 735 1478 quodcunque
753 1389 847 1462 opus
870 1365 911 1436 in
934 1361 1051 1455 specie
1073 1361 1209 1432 bonum
1228 1356 1383 1448 iaciunt,
1410 1357 1487 1427 sine
1643 1361 1703 1436 11.
1738 1353 1839 1430 Nihil
1855 1356 2006 1450 periculi
2021 1371 2074 1429 est
2092 1359 2205 1428 bonae
2221 1359 2334 1433 menti
2349 1362 2401 1432 sic
2413 1366 2529 1438 senti-

495 1481 615 1557 cordia
628 1473 826 1555 hilaritate,
850 1476 1009 1560 peccant.
1536 1453 1596 1550 re,
1619 1459 1809 1547 videlicet,
1833 1470 1875 1530 ut
1888 1459 1928 1529 in
1941 1458 2103 1530 Domino
2117 1459 2297 1550 glorietur.
2435 1505 2437 1510 ·

598 1579 634 1652 8.
675 1571 882 1645 Miserrima
898 1579 934 1637 et
950 1562 1192 1655 vulgatissima
1207 1558 1408 1658 hypocritis
1423 1575 1488 1650 est,
1641 1562 1702 1637 12.
1734 1557 1899 1634 Christus
1912 1561 2081 1632 transfert
2093 1559 2240 1650 gloriam
2260 1551 2426 1656 impletas
2438 1566 2529 1659 legis

495 1685 616 1760 vivere
638 1677 680 1746 in
701 1673 809 1747 bonis
825 1668 993 1761 operibus
1017 1666 1095 1736 sine
1116 1665 1203 1753 lide,
1228 1667 1390 1761 adeoque
1410 1666 1488 1738 ains
1537 1665 1577 1736 in
1607 1663 1818 1750 mulierem,
1858 1673 1939 1733 cum
1964 1663 2033 1736 ait:
2073 1660 2322 1736 Remittentur
2344 1666 2378 1737 ai
2401 1670 2526 1753 mults,

496 1770 933 1860 laetiuaeordiainlteo.
1538 1765 1947 1862 quiadilexitmulmm.

598 1882 635 1957 9.
675 1875 839 1950 Concilia
863 1895 940 1944 non
960 1890 1063 1962 posse
1086 1889 1224 1956 errare,
1255 1881 1329 1940 tam
1358 1868 1489 1940 falsum
1593 1927 1597 1936 .
1644 1867 1704 1940 1s.
1736 1864 1787 1940 Et
1806 1865 1952 1961 quidem
1976 1864 2098 1951 docet,
2122 1889 2198 1936 non
2221 1861 2335 1963 accipi
2347 1867 2528 1946 remissio-

416 2025 421 2034 ·
498 1999 572 2073 aar,
596 2003 704 2078 quam
722 2000 847 2049 verum
862 1987 933 2058 eat,
956 1969 1077 2042 omnia
1100 1993 1254 2065 quorum
1270 1983 1391 2045 extant
1403 1994 1492 2042 con·
1539 1992 1622 2041 nem
1637 1979 1880 2063 peccatorum,
1904 1965 1976 2038 nisi
1991 1988 2011 2036 a
2025 1965 2270 2070 diligentibus.
2396 2036 2398 2039 .

496 2085 718 2166 alitationes,
743 2077 877 2150 alicubi
899 2094 1069 2168 peccasse.
1643 2068 1705 2143 14.
1744 2067 1850 2141 Luna
1871 2089 2030 2139 mensem
2050 2069 2194 2143 conficit
2215 2069 2268 2142 29
2288 2069 2414 2146 diebul
2444 2088 2479 2148 et
2497 2076 2526 2147 6

605 2187 667 2258 1o.
691 2179 775 2255 Una
790 2175 985 2270 etaimplex
1001 2172 1085 2244 fidei
1100 2173 1220 2268 regula
1236 2187 1302 2260 est,
1316 2171 1492 2266 scriptura
1540 2167 1653 2259 boris,
1676 2169 1747 2244 fuit
1762 2171 1872 2263 igitur
1889 2171 2088 2241 tricesimus
2103 2172 2182 2243 dies
2196 2170 2262 2265 ἑνη
2275 2168 2341 2246 καὶ
2354 2171 2431 2258 νέα.
2478 2172 2527 2248 Et

500 2287 685 2366 amnica.
1088 2320 1095 2330 ·
1541 2288 1662 2347 tamen
1684 2274 1732 2347 ad
1754 2267 1848 2343 bane
1868 2270 1982 2346 Solon
2009 2285 2103 2344 recte
2123 2274 2267 2347 addidit
2289 2265 2403 2349 mensi
2416 2301 2527 2350 unum

516 2387 519 2392 ’
607 2390 667 2460 11.
700 2381 833 2458 Misere
850 2375 1033 2469 ineptiunt
1048 2373 1287 2458 Pariaienaes,
1313 2376 1378 2471 qui
1392 2378 1494 2470 prin·
1543 2376 1656 2450 diem.

504 2493 596 2588 eipia
615 2487 699 2559 fidei
720 2494 849 2556 vocant
873 2476 1121 2550 Consiliorum
1142 2489 1178 2548 et
1192 2470 1404 2550 Scholarum
1427 2480 1495 2551 do·
1647 2470 1707 2551 16.
1737 2469 1821 2546 lure
1835 2469 2112 2570 reprehenditur
2126 2471 2249 2564 Plato,
2276 2477 2374 2572 qnod
2388 2482 2531 2572 putavit

503 2605 630 2689 gnata.
682 2583 792 2661 anno
808 2579 861 2656 M.
875 2580 923 2653 D.
935 2576 1036 2651 XXI.
1547 2570 1726 2650 uaebeam
1749 2578 1916 2650 arteriam
1939 2599 2014 2648 esse
2035 2590 2140 2668 potus
2159 2600 2260 2650 causa
2287 2581 2429 2651 factam.
2478 2578 2529 2652 Et

1544 2692 1664 2753 umen
1678 2675 1826 2748 aluntur
1838 2690 1870 2749 et
1889 2679 2034 2769 pulmo,
2059 2691 2094 2748 et
2111 2671 2263 2764 trachea,
2284 2680 2449 2752 videlicet
2464 2704 2528 2773 per

505 2815 693 2920 (xxm)
742 2815 858 2890 ,ma
884 2809 1187 2901 demutatio,
1213 2806 1260 2881 g,
1283 2812 1495 2883 ,menum
1544 2803 1672 2852 venam
1686 2779 1899 2865 arterialem,
1913 2777 2067 2872 ideoque
2079 2793 2174 2851 recte
2187 2778 2402 2890 diritPotta:
2417 2778 2528 2882 τέγγε

726 2922 831 2989 lusto
855 2935 931 2986 stota
956 2921 1014 2985 “i
1038 2911 1104 2984 30²
1124 2913 1265 3004 imm·
1544 2905 1997 3074 quguffisshlagma
2014 3001 2076 3050 sna
2089 2993 2217 3050 natura
2241 2982 2311 3054 ciet
2330 2976 2526 3079 διαρροίας,

505 3081 677 3171 cbristus
699 3085 834 3184 inquit:
874 3080 959 3155 Non
991 3081 1075 3152 veni
1108 3079 1245 3154 solvere
1271 3080 1403 3172 legem,
1432 3081 1494 3152 sed
1543 3076 1802 3179 δυσεντερίας,
1829 3095 1949 3155 tamen
1962 3080 2118 3152 cruditas
2133 3080 2172 3151 in
2191 3097 2290 3154 aestu
2312 3086 2426 3176 magis
2439 3089 2532 3181 parit

507 3193 713 3287 adimplere.
1545 3179 1800 3282 δυσεντερίας,
1839 3185 1992 3280 ideoque
2020 3182 2208 3277 praecipue
2238 3187 2419 3259 cavendae
2451 3203 2536 3262 sunt

609 3295 646 3366 2.
686 3289 737 3364 Et
750 3303 893 3362 aeterna
916 3296 969 3357 est
983 3281 1156 3374 obligatio
1170 3282 1397 3356 obedieutiae
1410 3307 1494 3376 erga
1545 3288 1761 3364 eruditatum
1778 3307 1914 3364 cauae,

507 3396 650 3569 ”mh
694 3491 766 3563 Sed
787 3488 902 3561 officia
924 3486 1012 3576 legis
1034 3483 1100 3554 tria
1126 3500 1230 3560 sunt:
1260 3484 1334 3559 Lex
1359 3487 1496 3561 codecet
1545 3488 1732 3594 (xxtv.)
1778 3495 1891 3566 Atta
1914 3491 2208 3586 disputatio,
2248 3493 2531 3579 marmanum

511 3597 690 3678 carnales,
714 3602 872 3674 accusat,
893 3601 929 3658 et
944 3585 1094 3681 requirit
1113 3588 1364 3660 obedientiam.
1631 3598 1738 3669 Dm
1763 3598 1846 3669 „up
1870 3617 2001 3669 om,
2019 3593 2186 3669 pompm
2209 3597 2336 3673 ,dvm
2354 3596 2455 3700 pm·

610 3695 650 3772 1.
682 3690 780 3766 lusto
799 3713 873 3761 nou
894 3702 946 3783 est
967 3688 1024 3758 lex
1043 3688 1176 3780 posita,
1201 3690 1295 3783 quod
1309 3690 1437 3761 attinet
1450 3692 1496 3760 ad
2106 3700 2115 3721 ·

510 3801 600 3873 haec
624 3799 697 3867 duo
720 3793 853 3879 officia,
877 3790 1044 3863 videlicet
1069 3792 1203 3864 iustum
1223 3811 1339 3887 neque
1357 3792 1497 3862 coiircet
1546 3764 1772 3848 (99901539
1823 3762 1906 3827 Vl‘l‘
1918 3764 2010 3848 Ι0991·
2024 3764 2200 3852 911Μῖ0οι
2215 3769 2246 3835 d.
2261 3766 2397 3839 31.0st.
2413 3766 2532 3863 lost.)

511 3905 589 3985 lex,
608 3920 726 3993 neque
755 3906 906 3967 accusat.
1545 3882 1593 3965 ln
1607 3893 1907 3989 disputationibus
1920 3894 1965 3967 de
1977 3898 2316 3989 praedestinatione,
2342 3898 2530 3992 prudentia

611 3996 649 4073 6.
689 3996 783 4088 Quia
808 3997 904 4068 enim
925 3997 1041 4067 iustus
1062 4005 1138 4074 est,
1170 3988 1376 4064 nonhabet
1406 4015 1497 4085 opus
1543 3992 1752 4089 ¹adhibenda
1767 4008 1837 4083 est,
1861 4020 1908 4067 ne
1924 3998 2137 4090 colligantur
2150 4000 2212 4070 illa
2235 3994 2412 4099 φορτικὰ,
2437 4022 2529 4092 quae

511 4101 727 4199 paedagogia
751 4104 952 4185 coercente,
976 4099 1037 4167 sed
1061 4119 1144 4168 caro
1166 4095 1399 4169 mortificatur
1411 4118 1498 4188 poc-
1547 4097 1757 4195 perturbant
1773 4098 2024 4187 conscientias,
2051 4113 2087 4173 et
2102 4102 2314 4174 labefactant
2335 4102 2451 4174 fidem.

512 4206 663 4282 nitentia
677 4215 712 4274 et
726 4194 819 4272 veris
843 4199 1038 4271 affectibus.
1536 4230 1539 4237 ·
1648 4203 1687 4276 2.
1727 4196 1818 4271 Tres
1841 4212 1926 4271 sunt
1946 4223 2085 4289 musae,
2118 4226 2227 4296 quare
2252 4198 2337 4273 haec
2352 4206 2531 4277 sententia

611 4306 652 4382 6.
679 4304 834 4388 Deinde,
858 4302 923 4373 etsi
940 4325 1044 4371 nemo
1062 4299 1130 4389 legi
1147 4298 1355 4386 satisfaciat,
1377 4313 1498 4373 tamen
1549 4301 1817 4382 universaliter,
1843 4301 1935 4374 sicut
1949 4317 2070 4391 sonat,
2095 4302 2324 4395 intelligenda
2338 4305 2401 4377 sit:
2434 4304 2534 4379 Deus

513 4412 569 4483 ler
582 4434 657 4482 non
672 4418 812 4479 accusat
826 4403 978 4484 iustum,
1003 4414 1200 4494 propterea,
1225 4403 1320 4495 quod
1335 4398 1500 4474 Christus
1549 4406 1763 4476 vultomnes
1778 4398 1941 4475 homines
1955 4405 2071 4476 salvos
2085 4406 2183 4494 lieri,
2200 4405 2352 4496 scilicet,
2376 4410 2473 4504 quod
2489 4411 2535 4481 ad

514 4512 664 4582 redemit
676 4532 743 4582 nos
756 4532 777 4579 a
791 4503 1039 4578 maledictione
1054 4500 1162 4593 legis,
1187 4500 1299 4577 lactus
1314 4526 1379 4593 pro
1396 4503 1501 4573 nobis
1550 4506 1661 4599 ipsius
1674 4506 1895 4576 voluntatem
1911 4506 2047 4581 attinet.

513 4611 752 4681 maledictum.
1650 4609 1687 4682 9.
1719 4603 1810 4676 Nam
1826 4619 1861 4677 et
1873 4609 2124 4698 promissiones
2137 4604 2328 4702 Evangelii
2352 4624 2436 4685 sunt
2452 4615 2535 4683 uni-

615 4709 654 4781 7.
687 4704 753 4781 Ila
769 4708 841 4776 duo
858 4707 945 4797 legis
958 4706 1072 4777 officia
1087 4715 1222 4776 cessant
1235 4703 1358 4789 iustis,
1381 4716 1502 4775 manet
1550 4706 1720 4790 venales,
1746 4719 1781 4777 et
1802 4711 2010 4782 mandatum
2030 4711 2075 4781 de
2085 4703 2248 4798 Christo,
2272 4727 2315 4785 ut
2337 4716 2536 4802 credamus,

514 4809 679 4890 tertium,
710 4805 895 4889 videlicet,
935 4808 1031 4898 quod
1066 4803 1270 4877 obedientia
1293 4802 1501 4897 requiritur,
1550 4804 1647 4879 haud
1661 4806 1771 4877 dubie
1787 4822 1840 4879 est
1853 4810 2064 4886 universale.
2095 4806 2250 4899 Deinde,
2264 4813 2296 4885 si
2307 4814 2539 4907 imaginanda

512 4913 666 4983 sednon
683 4921 736 4980 est
747 4906 920 4979 assuenda
936 4904 1078 4995 opinio,
1105 4926 1196 4997 qnae
1217 4902 1313 4976 tollit
1327 4903 1502 4975 mediato-
1551 4920 1640 4989 esset
1653 4908 1933 5000 particularitas,¹
1944 4913 2031 4987 fides
2045 4913 2327 5004 labelactaretur,
2351 4918 2437 5012 quia
2447 4944 2541 4991 con·

513 5037 590 5083 rem
603 5007 807 5094 Christum,
832 5005 934 5102 quasi
949 5005 1162 5101 pustealegs
1177 5004 1264 5081 iusti
1279 5007 1407 5090 sirum,
1432 5002 1502 5081 hoc
1550 5010 1699 5082 scientia
1723 5012 1888 5084 dubitare
1912 5029 2119 5106 cogeretur,
2159 5040 2206 5087 an
2233 5019 2339 5092 adse
2360 5020 2538 5113 pertineat

513 5128 586 5203 ert,
610 5112 754 5207 propria
769 5109 952 5201 dignitate.
1551 5114 1753 5206 promissio,
1780 5114 1811 5185 si
1826 5138 1845 5184 e
1860 5116 2006 5206 regione
2020 5118 2248 5188 statuendum
2264 5132 2365 5203 esset,
2385 5123 2536 5215 pmmis·

615 5216 652 5286 9.
690 5212 822 5283 Paulus
846 5236 920 5286 non
943 5222 1057 5304 potest
1079 5224 1256 5297 statuere,
1290 5232 1328 5280 se
1350 5209 1499 5302 dignum
1550 5215 1688 5288 sionem
1703 5240 1778 5288 non
1792 5239 1866 5287 esse
1881 5218 2130 5292 universalem.
2158 5216 2345 5293 Postremo
2353 5220 2535 5313 Scriptura

513 5338 588 5387 esse
603 5316 675 5389 vita
689 5326 831 5383 aeterna
844 5324 989 5402 propter
1015 5336 1116 5383 suam
1130 5312 1388 5393 obedientiam,
1411 5314 1502 5386 sicut
1547 5342 1652 5412 saepe
1676 5318 1845 5404 affirmat,
1869 5318 1908 5390 in
1922 5320 1999 5393 Deo
2022 5344 2099 5392 non
2115 5340 2190 5391 csse
2205 5315 2534 5419 προσωποληψίαν.

514 5417 651 5511 iuquit:
675 5409 778 5489 Nihil
798 5407 887 5481 mihi
900 5413 1061 5482 conseins
1077 5430 1155 5483 sum
1163 5462 1176 5498 ,
1198 5415 1265 5485 aed
1287 5412 1327 5480 in
1338 5406 1408 5483 hos
1425 5438 1500 5489 nora
1549 5415 1615 5490 Eat
1628 5432 1745 5489 autern
1760 5417 2055 5522 npootouotppt'u
2071 5422 2218 5516 paribus
2234 5415 2439 5516 simpliciter
2459 5446 2535 5497 non

513 5518 721 5591 iustificatos
747 5536 838 5586 sum·
1453 5575 1457 5585 .
1548 5521 1707 5592 tribuere
1727 5522 1838 5611 paris.
2423 5514 2429 5531 '

609 5617 650 5693 ’9.
683 5615 841 5689 Persona
857 5625 911 5686 est
924 5610 1035 5692 iusta,
1060 5608 1181 5697 idest,
1199 5607 1500 5688 babetremissio-
1653 5616 1689 5689 t.
1721 5617 1796 5691 Nos
1809 5621 1920 5711 igitur
1932 5624 2142 5720 simpliciter
2155 5626 2431 5719 interpretamur
2443 5622 2539 5700 hanc

512 5739 595 5790 usn
616 5735 861 5812 peccatorum,
893 5727 929 5788 et
946 5726 1002 5789 est
1024 5726 1166 5805 accepts
1185 5714 1233 5789 ad
1255 5714 1366 5785 vitam
1387 5732 1501 5791 aeter-
1548 5718 1761 5794 sententiam
1778 5722 2043 5801 universaliter:
2069 5724 2167 5801 Deus
2182 5728 2398 5802 vultomues
2418 5714 2543 5802 homi·
