6025 6775
504 683 601 754 1093
1063 680 1091 752 l.
1140 673 1430 754 CHRONICON
1454 672 1700 754 CARIONlS.
1751 677 1878 754 PARS
1904 677 1951 750 ll.
2413 683 2512 758 1094

501 850 578 918 sine
599 862 755 940 peccato,
789 873 853 918 nec
874 863 981 919 nerant
1006 863 1100 919 extra
1118 851 1228 938 legem
1245 847 1322 919 Dei.
1375 847 1481 930 Sitio,
1633 843 1810 936 Tempore
1840 845 1959 917 lrenes
1990 845 2155 940 synodus
2188 872 2277 941 quae
2305 851 2509 922 nominatur

500 950 636 1042 inquit,
667 952 763 1042 quod
789 951 895 1040 primi
917 952 1045 1039 gradus
1069 962 1131 1025 est.
1182 949 1338 1021 Secundi
1353 950 1482 1040 gradus
1532 944 1689 1038 Septima
1706 943 1964 1041 οἰκουμηνικὴ,
1992 948 2029 1017 in
2055 950 2180 1019 urbem
2197 949 2340 1020 Niccam
2356 953 2509 1022 transla-

501 1062 586 1120 sunt
607 1049 746 1119 dolores
770 1051 808 1118 in
833 1051 1044 1121 laceratione
1069 1051 1236 1138 corporis.
1288 1049 1361 1118 Nec
1385 1050 1479 1119 enim
1531 1059 1649 1130 tuest,
1676 1072 1764 1140 quae
1785 1051 1963 1119 decretum
1982 1050 2067 1120 lecit
2085 1053 2130 1118 de
2150 1051 2275 1120 statuis
2293 1064 2327 1122 et
2342 1051 2507 1142 imagini·

388 1165 401 1186 '·
501 1151 767 1240 imaginandum
780 1163 839 1231 est,
859 1147 1041 1221 Christum
1056 1151 1163 1220 luisse
1178 1150 1375 1239 scopulum,
1399 1174 1479 1219 cum
1530 1148 1598 1215 hus
1614 1149 1848 1222 restituendis.
1899 1148 1952 1220 De
1977 1173 2046 1242 qua
2068 1151 2306 1220 controversia
2320 1176 2394 1222 non
2412 1154 2506 1222 addo

502 1251 647 1342 quidem
669 1250 743 1341 ipse
765 1252 873 1318 dicat:
901 1249 1031 1319 Tristis
1051 1263 1102 1319 est
1124 1251 1241 1319 anima
1265 1275 1340 1320 mea
1369 1274 1480 1343 usque
1532 1248 1817 1337 disputationem.
1868 1249 1939 1321 Sed
1959 1251 2184 1322 manifestum
2208 1264 2259 1321 est
2273 1254 2408 1325 cultum
2424 1254 2506 1323 ido·

500 1353 546 1420 ad
568 1365 728 1423 mortem.
781 1347 829 1420 Et
850 1351 952 1418 nervi
976 1350 1102 1420 ordine
1122 1365 1266 1420 naturae
1281 1352 1480 1421 sentiebant

500 1451 784 1522 destructionem.
843 1448 903 1520 Sic
932 1465 964 1519 et
996 1474 1057 1519 cor
1081 1452 1207 1520 ordine
1231 1466 1374 1521 naturae
1403 1451 1479 1520 sine

500 1563 641 1641 peccato
657 1550 829 1619 sentiebat
844 1551 1131 1625 destructionem.

601 1697 650 1767 Hi
675 1700 815 1770 dolores
838 1724 1031 1770 nervorum
1054 1715 1087 1771 et
1109 1703 1225 1771 cordis
1249 1703 1476 1796 aliquomodo

500 1803 544 1869 acl
566 1800 720 1870 animam
743 1825 884 1894 quoque
911 1816 1115 1892 penetrant,
1146 1804 1235 1873 sicut
1256 1805 1357 1873 dicit:
1396 1802 1476 1872 Non

499 1902 589 1970 sicut
622 1923 684 1989 ego
716 1902 808 1969 volo.
866 1901 937 1971 Nec
968 1917 1050 1973 sunt
1073 1916 1231 1992 peccata,
1254 1907 1314 1972 scd
1340 1917 1475 1973 tantum

500 2002 675 2071 cruciatus
704 2002 869 2091 patientis
896 1999 1044 2086 Christi,
1073 2004 1162 2073 sicut
1192 2005 1266 2093 ipsa
1296 2028 1411 2088 mors,
1443 2017 1476 2073 et

499 2105 758 2171 concurrebant
779 2105 821 2170 ad
845 2126 1033 2171 nervorum
1058 2119 1092 2171 et
1114 2105 1231 2172 cordis
1253 2127 1392 2172 sensum
1412 2105 1474 2173 alii

498 2203 638 2271 dolores
656 2203 692 2268 in
708 2198 867 2285 Christo,
895 2204 955 2294 qui
970 2204 1123 2270 animam
1139 2204 1327 2287 feriebant,
1352 2228 1475 2275 seusus

497 2303 569 2370 irae
592 2299 658 2368 Dei
682 2303 849 2372 adversus
875 2317 1009 2390 peccata
1027 2303 1163 2388 generis
1186 2297 1351 2387 humani,
1377 2308 1473 2375 iuxta

498 2402 644 2471 dictum:
673 2400 879 2491 iniquitates
896 2424 1015 2469 eorum
1033 2403 1106 2491 ipse
1125 2406 1296 2492 portabat.
1337 2403 1472 2475 lnterea

497 2516 613 2570 tamen
636 2502 800 2569 voluntas
815 2497 967 2569 humana
991 2501 1163 2571 inanima
1189 2500 1318 2574 Christi
1345 2508 1473 2576 retinet

495 2603 693 2671 firmitatem
715 2600 905 2690 propositi,
932 2615 965 2669 et
990 2625 1026 2672 se
1043 2606 1086 2672 ad
1102 2604 1339 2675 obedientiam
1354 2607 1470 2678 offert.

495 2700 576 2770 Non
598 2712 638 2767 ut
661 2720 724 2786 ego
746 2701 846 2783 volo,
872 2704 931 2769 sed
950 2715 988 2770 ut
1007 2716 1045 2774 tu
1066 2704 1129 2774 vis.
1182 2704 1232 2773 lta
1248 2721 1367 2776 manet
1389 2704 1471 2775 har-

494 2800 613 2868 monia
638 2812 672 2868 et
702 2802 929 2888 congruentia
960 2828 1039 2873 curn
1067 2802 1154 2875 Deo.
1210 2803 1470 2878 Testimonium

495 2925 578 2969 vero
600 2901 644 2969 de
665 2902 864 2982 voluntate,
895 2927 985 2995 quae
1008 2919 1059 2975 est
1084 2908 1224 2996 propria
1249 2907 1390 2975 divinae
1406 2930 1471 2976 na-

494 3016 594 3071 turae
616 3000 654 3067 in
678 2996 838 3086 Christo,
870 3003 1011 3074 firmum
1038 3019 1105 3076 est:
1146 3005 1259 3077 Nemo
1284 3008 1384 3076 novit
1407 3029 1471 3098 pa-

495 3115 596 3184 trem,
622 3100 690 3169 nisi
707 3101 817 3182 tilius,
843 3117 877 3172 et
889 3106 945 3174 cui
962 3108 1038 3176 vult
1053 3109 1207 3179 revelare
1222 3108 1330 3180 filius.
1358 3100 1388 3178 d
1405 3103 1471 3179 ἐὰν

491 3194 670 3294 βούληται
692 3195 712 3271 ὁ
735 3198 814 3281 υἱὸς
833 3199 1080 3300 ἀποκαλύψαι.
1135 3208 1175 3278 ld
1191 3209 1282 3280 velle
1301 3223 1351 3280 cst
1367 3224 1470 3278 natu-

493 3325 553 3371 rae
575 3302 737 3391 divinae,
766 3327 855 3394 quae
878 3328 957 3374 cum
980 3321 1078 3396 patre
1095 3321 1129 3376 ct
1152 3310 1249 3397 eligit
1263 3308 1470 3394 Ecclesiam,

493 3419 527 3472 et
540 3417 590 3473 est
612 3404 649 3470 in
673 3428 711 3473 ea
735 3403 862 3475 efficax.
913 3405 1110 3496 Diligenter
1130 3424 1246 3479 autem
1264 3425 1299 3480 et
1315 3413 1362 3480 ob
1377 3406 1469 3479 hanc

492 3528 631 3573 causam
653 3503 690 3571 id
713 3506 846 3574 dictum
868 3509 1161 3578 considerandum
1181 3523 1248 3592 est,
1275 3511 1357 3602 quia
1373 3511 1470 3578 refu-

492 3618 542 3673 tat
573 3602 859 3691 samosatenum,
899 3623 932 3679 et
967 3622 1111 3680 testatur
1144 3606 1210 3681 τὸν
1245 3605 1356 3708 λόγον
1395 3634 1468 3679 esse

492 3697 759 3799 ὑφιστάμενον.

590 3867 688 3938 Haec
708 3869 862 3940 breviter
877 3874 995 3963 attigi,
1020 3890 1060 3946 ut
1081 3880 1304 3947 considerent
1319 3878 1467 3949 studiosi

490 3970 764 4060 disputationem
780 3970 876 4041 illius
889 3977 1058 4064 temporis
1072 4001 1127 4047 res
1135 3977 1355 4067 gravissimas
1370 4003 1467 4048 com-

491 4072 627 4161 plexam
647 4091 739 4152 esse,
769 4095 858 4163 quas
881 4076 1032 4163 cogitare
1054 4079 1099 4146 ad
1121 4078 1339 4168 agnitionem
1358 4092 1392 4149 et
1408 4080 1465 4147 in-

493 4172 709 4241 vocationem
731 4165 865 4243 Christi
888 4176 975 4247 utile
994 4190 1063 4261 est,
1087 4192 1122 4251 et
1145 4181 1208 4252 alit
1227 4180 1465 4251 eruditionem

493 4264 577 4338 haec
593 4271 836 4342 consideratio.

1530 1351 1646 1417 lorum
1663 1351 1879 1422 cumulatum
1895 1375 1968 1421 esse
1981 1352 2118 1425 statuis.

1630 1465 1713 1536 Fuit
1726 1465 1846 1556 Pipini
1867 1470 2085 1558 temporibus
2100 1471 2138 1538 in
2153 1467 2344 1541 Germania
2357 1470 2505 1540 Bonifa-

1530 1565 1621 1642 cius‚
1654 1567 1753 1634 cuius
1772 1565 1954 1659 Epistulae
1974 1582 2110 1650 extant,
2136 1595 2226 1663 quae
2250 1572 2403 1642 ostendit
2424 1595 2506 1640 eum

1529 1667 1567 1732 in
1589 1663 1763 1752 Turingia
1785 1682 1820 1736 et
1845 1671 1970 1740 vicinis
1999 1670 2085 1739 locis
2112 1674 2244 1742 multos
2266 1669 2506 1742 Ecclesiarum

1528 1768 1658 1834 abusus
1681 1768 1866 1837 emendare
1889 1785 2054 1840 conatum
2076 1794 2164 1840 esse:
2197 1772 2368 1860 Queritur
2382 1772 2504 1841 crebra

1529 1889 1600 1934 esse
1618 1865 1790 1936 adulteria
1813 1873 2049 1953 sacerdotum,
2080 1885 2114 1940 et
2136 1894 2282 1959 poenam
2305 1874 2417 1942 sancit
2440 1875 2504 1940 de-

1529 1963 1720 2056 prehenso,
1761 1989 1932 2037 carcerem
1960 1972 2068 2058 unius
2099 1973 2195 2040 anni.
2250 1971 2440 2042 Prohibuit
2468 1987 2504 2040 et

1527 2063 1667 2136 ethnica
1681 2067 1865 2146 sacrificia,
1892 2083 1931 2140 ut
1947 2070 2020 2158 ipse
2034 2072 2211 2158 nominat,
2236 2098 2325 2166 quae
2339 2075 2504 2144 dicebant

1525 2191 1562 2236 se
1591 2169 1720 2236 sanctis
1744 2169 1866 2239 facere.
1924 2167 2096 2238 Existimo
2127 2173 2309 2244 barbarica
2341 2175 2503 2243 convivia

1524 2269 1641 2339 fuisse.
1706 2264 1896 2339 Prohibuit
1924 2284 1957 2340 et
1987 2269 2142 2358 Magica,
2186 2299 2338 2362 quorum
2370 2275 2502 2366 ubique

1524 2372 1617 2458 apud
1651 2364 1824 2438 Ethnicos
1862 2393 2011 2459 magnus
2044 2393 2129 2439 usus
2157 2373 2235 2441 fuit.
2296 2373 2429 2443 Scribit
2456 2375 2503 2442 ad

1523 2464 1713 2558 Anglicum
1735 2492 1869 2558 regem,
1894 2494 1998 2563 quem
2020 2470 2181 2560 obiurgat
2202 2485 2347 2562 propter
2364 2474 2502 2542 adulte-

1523 2571 1587 2642 ria.
1638 2568 1789 2639 Gentem
1811 2570 2019 2642 Saxonicam
2042 2571 2148 2642 etiam
2161 2586 2348 2665 antequam
2365 2573 2502 2643 audivit

1523 2672 1718 2740 doctrinam
1734 2667 1929 2755 Ecclesiae,
1955 2672 2043 2740 adeo
2068 2672 2271 2743 detestatam
2294 2687 2501 2762 essestupra

1523 2782 1558 2837 et
1573 2769 1767 2854 adulteria,
1800 2786 1840 2840 ut
1855 2785 2047 2861 strupratas
2062 2782 2096 2839 et
2109 2775 2287 2844 adulteras
2303 2773 2501 2862 strangula-

1522 2883 1575 2938 tas
1588 2870 1717 2938 deinde
1733 2871 1977 2942 cremaverint.
2029 2867 2081 2938 Ac
2098 2892 2203 2961 supra
2230 2894 2333 2961 rogos
2354 2894 2500 2964 suspen-

1521 2992 1578 3037 sos
1602 2983 1636 3041 et
1652 2970 1825 3042 ustulatos
1845 2994 1918 3040 esse
1941 2982 2157 3061 stupratores
2173 2987 2206 3040 et
2227 2969 2408 3054 moechos,
2433 2976 2499 3042 do·

1522 3093 1586 3138 nec
1604 3084 1835 3141 morerentur.
1887 3069 1984 3141 Haec
2005 3073 2169 3142 severitas
2185 3074 2224 3141 in
2240 3074 2363 3162 poenis
2385 3075 2500 3163 stupri

1521 3183 1555 3239 et
1577 3170 1740 3240 adulterii
1764 3171 1869 3260 digna
1892 3172 2062 3242 memoria
2081 3187 2151 3257 est,
2177 3186 2211 3242 et
2223 3174 2418 3262 optandum
2437 3187 2499 3256 est,

1521 3285 1561 3341 ut
1587 3272 1852 3342 commonefacti
1885 3273 2105 3362 magistratus
2126 3271 2194 3344 hoc
2221 3276 2401 3362 exemplo,
2432 3269 2499 3342 hac

1521 3373 1594 3461 ipsa
1616 3374 1653 3441 in
1682 3397 1721 3443 re
1748 3374 1819 3444 sint
1841 3374 2050 3458 severiores,
2083 3375 2173 3445 sicut
2196 3372 2293 3446 Deus
2315 3376 2498 3467 praecipit,

1521 3474 1582 3564 qui
1605 3474 1698 3565 leges
1716 3476 1882 3545 castitatis
1902 3475 2064 3557 tradidit,
2093 3490 2129 3545 et
2144 3498 2263 3545 earum
2278 3476 2394 3564 legum
2411 3498 2497 3545 con-

1519 3587 1691 3663 temptum
1712 3571 1935 3648 horribiliter
1951 3577 2073 3667 punit,
2096 3590 2138 3647 ut
2161 3600 2274 3667 poena
2294 3575 2442 3647 Davidis
2462 3592 2497 3647 et

1519 3673 1586 3743 alia
1603 3676 1757 3764 exempla
1773 3678 1931 3747 omnium
1948 3692 2146 3768 temporum
2160 3679 2364 3753 ostendunt.
2397 3678 2496 3747 Tan-

1519 3775 1600 3842 dem
1622 3772 1845 3849 Bonifatium
1868 3802 1888 3846 a
1910 3775 2043 3871 Frysiis
2065 3779 2217 3849 occisum
2233 3802 2305 3849 esse
2318 3780 2495 3849 scribitur.

1518 3872 1656 3965 Corpus
1678 3878 1858 3949 doctrinae
1878 3879 1989 3966 ipsius
2012 3879 2187 3964 integrum
2209 3902 2283 3948 non
2299 3893 2409 3955 extat.
2433 3881 2495 3947 sed

1518 3989 1790 4047 consentaneum
1812 3991 1863 4049 est
1878 3975 2042 4066 Gregorii
2068 3977 2265 4049 doctrinam
2287 3991 2322 4049 et
2338 3980 2495 4069 exempla

1517 4091 1674 4145 secutum
1690 4098 1775 4150 esse.
1826 4076 1957 4145 Precor
1976 4089 2094 4147 autem
2116 4076 2228 4147 filium
2236 4076 2314 4162 Dei,
2339 4092 2379 4149 ut
2402 4102 2494 4148 sem-

1516 4199 1580 4267 per
1600 4171 1792 4247 Ecclesiam
1814 4176 1851 4244 in
1877 4171 1933 4245 his
1956 4177 2159 4267 regionibus
2179 4179 2338 4271 colligat,
2364 4194 2399 4250 et
2417 4180 2496 4271 ipse

1517 4301 1593 4346 eam
1609 4277 1781 4366 gubernet
1797 4292 1831 4348 et
1847 4291 2023 4369 protegat,
2047 4274 2176 4354 Amen.
