6025 6775
427 633 476 705 66
987 625 1145 698 DECL.
1180 624 1253 698 DE
1288 626 1563 709 statuta,
1598 624 1884 700 uulneres.
2401 640 2451 712 66

423 806 638 875 anteferrent
662 801 832 868 onixiibns
854 798 997 887 privatis
1017 798 1221 885 affectibus,
1249 822 1320 866 nou
1339 823 1414 866 cer·
1463 802 1558 882 nari,
1596 813 1646 867 est
1677 802 1831 886 perferre
1861 801 2020 886 ingentes
2040 804 2199 885 dolores,
2229 807 2289 872 sed
2308 824 2451 896 propter

422 909 543 977 tabant
568 908 665 974 inter
688 929 724 973 se
748 901 953 984 ambitione,
989 900 1160 969 cedebant
1185 901 1229 968 de
1260 900 1411 991 propriis
1462 903 1716 971 confessionem
1733 926 1811 968 cnm
1829 896 1990 986 Christo,
2016 906 2077 995 qni
2091 906 2221 973 deinde
2236 908 2304 975 alia
2319 932 2448 977 corona

421 1009 632 1089 commodis,
656 1029 702 1073 ne
718 1004 915 1074 turbaretur
931 1002 1130 1086 concordia,
1157 1003 1245 1071 iuste
1261 1002 1411 1093 impera·
1460 1004 1603 1074 ornabit
1621 1027 1690 1081 eos,
1711 1004 1773 1094 qni
1791 1001 1827 1067 iu
1848 997 1911 1070 hac
1929 1006 2070 1073 mortali
2087 1008 2155 1076 vita
2173 1021 2316 1099 propter
2332 1010 2448 1100 ipsum

420 1111 526 1179 bant:
555 1131 628 1174 non
652 1104 878 1192 indulgebant
901 1104 1124 1173 libidinibus.
1175 1102 1298 1173 Postea
1322 1100 1411 1193 Epi·
1459 1106 1589 1174 aculeis
1605 1100 1764 1175 Rhamni
1783 1104 1934 1171 confossi
1953 1120 2047 1179 sunt.

422 1212 522 1299 scopi
558 1209 704 1323 primum
735 1205 870 1315 semina
903 1205 1160 1323 discordi-arum
1186 1219 1408 1323 sparserunt,
1561 1233 1720 1304 Haecde
1742 1234 1860 1323 stirpis
1885 1232 2066 1303 Bilioneae
2092 1240 2275 1309 nobilitate
2293 1243 2377 1310 satis
2402 1244 2445 1314 sit

425 1324 566 1399 l’mpler
587 1306 769 1378 wamiam
792 1321 826 1376 ⁰²
849 1307 1317 1395 d⁰¹¹¹¹¹¹³¹¹d¹⁰⁰l³¹dll³l⁰¹¹h
1359 1304 1407 1376 El
1456 1337 1596 1410 dixisse.
1650 1334 1736 1404 lude
1752 1360 1832 1404 curn
1850 1349 1926 1404 orta
1942 1336 1988 1406 sit
2002 1336 2168 1430 Princeps
2184 1338 2334 1435 Sibylla,
2359 1347 2444 1414 satis

424 1410 597 1499 Principes
620 1409 814 1497 ambitione
843 1409 939 1478 inter
969 1432 1042 1477 sese
1067 1421 1260 1477 certarunt:
1296 1408 1405 1500 aliqui
1457 1439 1465 1455 ·

419 1635 514 1695 rum,
547 1611 594 1680 ita
619 1633 767 1699 reguum
790 1624 934 1702 propter
950 1614 1034 1681 vitia
1059 1624 1279 1701 posterorum
1298 1612 1403 1679 amis-

415 1734 492 1781 sum
510 1724 572 1782 est.
624 1711 695 1782 Sed
716 1735 840 1801 graeco
865 1714 1014 1803 imperio
1032 1727 1147 1782 tamen
1164 1727 1283 1803 postea
1299 1713 1402 1781 etiaim

413 1813 522 1903 longo
540 1827 698 1904 tempore
722 1815 931 1906 prosuerunt
950 1816 1115 1884 victoriae
1132 1812 1319 1883 Godeiridi
1330 1868 1341 1904 ,
1369 1827 1404 1883 et

414 1915 552 2009 aliquot
564 1912 725 2005 Regum,
750 1916 811 2008 qui
827 1930 945 2007 postea
961 1918 1102 2008 sequuti
1115 1932 1207 1987 suut.

516 2046 685 2121 lnchoata
715 2065 765 2120 est
792 2065 908 2121 autem
933 2053 1107 2144 expeditio
1134 2076 1229 2121 anno
1255 2051 1402 2119 millesi-

413 2177 471 2224 mo
493 2154 723 2242 nonagesimo
744 2166 850 2224 sexto.
902 2151 1011 2223 Anno
1034 2155 1222 2223 millesimo
1246 2177 1401 2240 nonage-

411 2256 503 2325 simo
529 2256 678 2347 septimo
716 2268 815 2346 capta
847 2269 898 2326 est
934 2257 972 2325 in
998 2254 1082 2325 Asia
1110 2256 1237 2339 Nicea,
1271 2255 1399 2320 deinde

413 2353 595 2440 leonium,
623 2357 806 2427 trucidatis
826 2358 988 2428 maximis
1003 2360 1212 2427 exercitibus
1231 2351 1398 2426 hostium.

410 2458 556 2526 Deinde
582 2460 620 2525 in
643 2458 743 2552 Syria
768 2474 886 2551 captae
908 2474 992 2531 sunt
1014 2451 1225 2541 Antiochia,
1255 2452 1398 2539 Edessa,

411 2574 446 2629 ει
462 2560 553 2628 aliae
565 2560 696 2629 multae
711 2563 825 2631 urbes.
878 2561 1092 2651 lerosolyma
1114 2572 1212 2647 capta
1231 2571 1281 2627 est
1302 2583 1397 2627 anno

410 2660 600 2729 millesimo
628 2664 855 2752 nonagesimo
882 2686 999 2744 nono,
1032 2660 1248 2729 diedecima
1273 2661 1397 2752 quinta

409 2762 541 2831 mensis
557 2760 659 2848 lolii,
689 2789 783 2833 anno
807 2763 1154 2855 quadringentesimo
1180 2776 1214 2831 et
1239 2786 1397 2849 nonage-

408 2865 517 2949 simo,
549 2881 735 2962 postquam
768 2867 812 2931 ab
843 2862 1006 2933 Heraclio
1037 2877 1239 2955 recuperata
1271 2864 1396 2932 fuerat.

407 2962 597 3057 Postquam
622 2980 738 3034 autem
763 2962 959 3036 Godefrido
981 2964 1079 3035 Duce
1105 2979 1203 3056 capta
1229 2977 1279 3032 est
1300 2962 1395 3032 lero-

406 3064 559 3158 solyma,
595 3090 716 3136 rursus
745 3070 870 3139 amissa
905 3085 954 3140 est
997 3083 1077 3160 post
1103 3091 1216 3137 aranos
1249 3080 1327 3135 octo
1363 3078 1397 3132 et

407 3168 600 3254 octoginta.

511 3294 582 3364 Sed
610 3316 685 3360 uon
708 3294 846 3363 institui
868 3295 926 3364 bic
956 3298 1128 3385 integram
1157 3300 1396 3365 narrationem

402 3419 526 3465 rerum
550 3409 724 3482 gestarum
747 3419 766 3463 a
790 3394 1005 3480 Godefrido,
1033 3411 1093 3465 aut
1112 3423 1131 3466 a
1156 3398 1262 3466 fratre
1277 3410 1310 3465 et
1332 3423 1396 3488 po-

404 3496 507 3566 steris
529 3495 714 3584 deinceps,
747 3511 885 3567 tanturn
907 3493 974 3566 hoc
997 3499 1077 3564 volo
1105 3501 1194 3565 scire
1224 3498 1392 3579 iuniores,

404 3598 511 3668 luisse
539 3596 765 3665 excellentem
800 3599 964 3665 virtutem
994 3597 1138 3661 illorum
1160 3592 1320 3677 Ducum,
1353 3619 1393 3662 ac

406 3702 449 3769 de
465 3695 663 3767 Godelrido
682 3697 766 3763 inde
789 3696 880 3765 stimi
902 3695 1102 3763 coniectura
1125 3709 1247 3784 potest.
1299 3693 1390 3764 Cum

406 3812 502 3891 capta
528 3796 742 3890 lerosolyma
766 3795 881 3867 Duces
910 3819 1032 3863 omnes
1061 3798 1297 3864 decrevissent
1317 3794 1391 3867 Re-

408 3925 484 3990 gem
508 3899 711 3989 eligendum
733 3922 823 3977 esse,
859 3912 890 3967 et
913 3898 963 3965 ihi
987 3911 1036 3965 tot
1065 3893 1248 3989 Principes
1278 3913 1392 3968 essent

406 4003 479 4071 nati
495 4002 533 4070 in
548 4000 696 4069 summis
710 4000 864 4082 familiis,
885 4002 994 4068 scater
1010 3996 1117 4083 Regis
1134 3995 1277 4084 Gallici,
1297 3999 1392 4067 lilius

403 4101 512 4194 Regis
533 4099 693 4192 Anglici,
728 4115 762 4172 et
782 4098 863 4170 Dux
884 4099 1120 4188 Tarentinus,
1153 4100 1215 4191 qui
1242 4100 1390 4168 consilio

405 4205 545 4274 videtur
559 4205 654 4273 inter
667 4217 821 4273 caeteros
836 4201 1086 4285 antecelluisse,
1112 4213 1151 4269 ut
1167 4202 1261 4269 inter
1274 4200 1391 4289 Argo-

1455 1438 1607 1527 1ntelligi
1624 1451 1747 1529 potest,
1769 1459 1934 1526 magnum
1952 1439 2057 1505 decus
2073 1463 2145 1508 esse
2161 1442 2200 1508 in
2216 1443 2289 1511 eins
2304 1468 2440 1534 genere.

1555 1571 1659 1642 Nunc
1682 1575 1725 1642 dc
1747 1572 1900 1663 propriis
1917 1571 2108 1641 virtutibus
2122 1571 2297 1667 Principis
2319 1579 2441 1673 Sibyl·

1452 1677 1506 1745 lae
1536 1677 1724 1744 dicendum
1753 1688 1821 1758 est,
1859 1696 1948 1765 quae
1979 1688 2180 1763 congruunt
2207 1681 2249 1744 ad
2282 1682 2439 1769 regulam

1452 1777 1572 1846 Pauli:
1598 1776 1803 1846 Salvabitur
1825 1774 1953 1844 mulier
1973 1799 2036 1866 per
2060 1775 2215 1843 filiorum
2238 1782 2437 1867 generatio.

1453 1903 1556 1963 nem,
1582 1878 1612 1945 si
1635 1878 1802 1946 manserit
1828 1877 1866 1943 in
1891 1876 1978 1960 lide,
2005 1877 2211 1962 dilectione,
2232 1882 2387 1952 castitate
2405 1899 2439 1952 ct

1451 1981 1635 2051 modestia.
1678 1977 1897 2047 Testimouia
1912 1978 1993 2046 fidei
2009 1980 2045 2046 in
2060 2002 2099 2048 ea
2115 1980 2261 2051 luerunt
2276 1982 2437 2067 illustria,

1451 2106 1541 2177 quae
1562 2082 1706 2174 quidem
1729 2080 1914 2169 praecipue
1938 2083 2169 2151 ostenderunt
2193 2083 2223 2150 ei
2237 2079 2352 2152 Deum
2376 2088 2438 2154 ad·

1452 2210 1542 2254 esse:
1564 2182 1674 2254 Recte
1689 2181 1813 2251 didicit
1827 2180 2215 2251 universamEcclcsiae
2231 2185 2438 2270 doctrinam,

1451 2302 1484 2356 et
1506 2286 1658 2355 lectione
1681 2308 1721 2352 ac
1744 2282 1930 2352 audiendis
1952 2283 2182 2352 concionibus
2204 2284 2292 2355 aluit
2307 2289 2438 2357 doctri-

1448 2412 1516 2457 nae
1533 2387 1792 2477 cognitionem,
1819 2398 1853 2454 et
1868 2384 1970 2453 fidem
1987 2385 2208 2455 confirmavit
2223 2399 2256 2455 et
2277 2390 2436 2460 accendit

1448 2491 1719 2560 invocationem.
1773 2484 1824 2555 Ac
1845 2488 1951 2554 luisse
1970 2486 2061 2556 inea
2080 2488 2241 2555 ardentes
2258 2488 2338 2557 fidei
2357 2515 2434 2560 mo-

1448 2607 1521 2675 tus,
1548 2593 1659 2660 robur
1674 2589 1784 2657 animi
1804 2588 1974 2672 ostendit,
2002 2592 2097 2681 quod
2116 2590 2263 2658 retinuit
2281 2590 2317 2657 in
2340 2606 2435 2661 tanta

1447 2694 1687 2787 imbecillitate
1703 2692 1860 2781 corporis
1879 2705 1913 2758 et
1938 2692 1974 2756 in
1992 2694 2098 2761 tantis
2114 2692 2298 2761 doloribus
2307 2743 2319 2776 ,
2347 2717 2435 2787 quos

1447 2786 1615 2863 sustinuit
1641 2807 1785 2882 propter
1806 2791 1950 2860 exitium
1971 2792 2139 2875 Domini,
2172 2819 2276 2887 quem
2301 2797 2435 2863 sincere

1446 2895 1579 2965 dilexit.
1633 2892 1709 2960 Etsi
1732 2895 1825 2961 enim
1859 2909 1932 2962 erat
1959 2894 2179 2983 langnesacto
2204 2919 2368 2985 corpore,
2401 2911 2434 2965 et

1448 2993 1661 3065 moesticiam
1678 2992 1853 3058 assiduam
1871 2994 2161 3077 circumferebat,
2187 3018 2252 3062 nec
2266 2996 2339 3064 ulla
2358 3021 2432 3066 cer-

1445 3100 1551 3166 nebat
1576 3093 1704 3164 auxilia
1732 3085 1907 3169 humana,
1939 3105 2057 3158 tamen
2082 3095 2209 3160 fiducia
2233 3098 2342 3164 solius
2366 3096 2431 3164 Dei

1446 3192 1656 3283 erigebatur,
1684 3206 1717 3259 et
1732 3215 1749 3257 a
1766 3191 1844 3259 Deo
1861 3188 1999 3277 petebat
2016 3203 2049 3257 et
2065 3192 2269 3275 expectabat
2287 3193 2432 3260 Domini

1445 3298 1620 3377 reditum,
1646 3319 1686 3361 ac
1709 3315 1810 3380 saepe
1834 3289 1941 3368 dixit,
1974 3313 2010 3358 se
2034 3315 2107 3358 non
2129 3291 2317 3359 dulcedine
2342 3294 2433 3362 vitae

1446 3381 1587 3484 longius
1605 3394 1745 3464 vivendi
1763 3391 1918 3479 spacium
1934 3405 2075 3481 optare,
2102 3395 2160 3460 sed
2176 3405 2291 3462 tamen
2310 3409 2431 3485 optare

1445 3522 1480 3564 se
1497 3510 1531 3563 et
1547 3519 1686 3582 sperare
1705 3507 1775 3561 tam
1791 3493 1934 3577 longum
1951 3492 2042 3561 vitae
2058 3493 2233 3580 spacium,
2257 3510 2296 3565 ut
2313 3497 2432 3567 videre

1442 3594 1588 3665 Domini
1606 3595 1758 3664 reditum
1776 3594 1893 3682 possit.
1934 3590 2000 3662 His
2018 3597 2107 3665 votis
2125 3597 2306 3685 respondit
2324 3622 2430 3667 even-

1443 3711 1509 3769 tus.
1555 3695 1655 3765 lubet
1671 3709 1785 3765 autem
1804 3692 1965 3761 Psalmns
1981 3696 2111 3766 intueri
2132 3721 2197 3765 nos
2215 3699 2295 3766 talia
2314 3722 2429 3768 exem-

1441 3799 1519 3888 pla,
1546 3822 1624 3866 cum
1641 3799 1705 3866 ait:
1733 3794 1898 3864 Accedite
1914 3800 1955 3862 ad
1973 3793 2107 3879 Deum,
2134 3799 2199 3868 iste
2211 3823 2343 3890 pauper
2357 3801 2429 3871 cla·

1441 3900 1569 3984 mavit,
1599 3913 1632 3967 et
1648 3897 1826 3967 Dominus
1841 3899 2019 3968 exaudivit
2034 3923 2125 3968 curn.

1542 4013 1731 4105 Utrunque
1756 4014 1863 4102 igitur
1890 4017 2086 4105 exemplam
2115 3991 2234 4088 multis
2262 4022 2427 4108 proderit,

1442 4117 1522 4184 tulit
1540 4139 1612 4184 non
1638 4115 1749 4182 levem
1767 4115 2016 4196 calamitatem,
2047 4132 2081 4186 ct
2098 4143 2178 4187 vere
2195 4122 2306 4210 spinis
2327 4146 2428 4190 coro·

1442 4230 1522 4285 nata
1548 4230 1614 4298 est,
1650 4239 1713 4283 nec
1735 4230 1852 4283 tamen
1876 4215 1995 4283 animo
2020 4218 2127 4286 fracta
2161 4236 2228 4302 est,
2260 4223 2342 4289 inde
2365 4222 2426 4289 alii

405 4321 531 4376 mulas
545 4304 689 4389 ΡθῙθῑῐδ,
715 4320 747 4373 0¹
762 4306 800 4372 5¹¹
824 4304 994 4374 elecllfflle
1017 4310 1107 4372 ¹³⁸⁰
1125 4297 1315 4371 habemur
1332 4326 1391 4370 ⁵⁰·
1441 4341 1582 4409 qnoque
1606 4317 1741 4384 discent
1763 4337 1843 4382 suas
1864 4339 2051 4384 aerumnas
2074 4322 2294 4412 aequabilius
2323 4325 2425 4393 ferre.

404 4409 472 4478 lius
488 4408 640 4492 virtutis,
666 4431 704 4475 re
719 4408 911 4475 deliberata
929 4406 1088 4473 omnlttttt
1105 4404 1291 4491 Stlffrbglls,
1319 4404 1386 4472 ele·
1441 4416 1584 4510 thuia
1604 4439 1721 4506 preces
1738 4413 1923 4485 eiusDeus
1939 4420 2136 4503 exaudivit,
2164 4447 2203 4489 ex
2219 4418 2285 4490 hoc
2299 4437 2427 4491 eventu

404 4523 479 4579 ctus
493 4524 545 4580 est
559 4507 634 4580 Rex
652 4508 871 4581 Godesridus
884 4504 1079 4577 Bllloneus·
1126 4503 1202 4573 HOC
1219 4505 1389 4574 iudicium
1441 4521 1500 4588 alii
1518 4542 1659 4612 quoque
1675 4519 1808 4587 discent
1825 4542 1898 4586 non
1915 4543 1987 4587 esse
2008 4521 2125 4590 irritas
2144 4523 2280 4612 piorum
2300 4548 2429 4614 preces.

403 4610 820 4703 ¹⁰1Prlssclpumde·0⁰s
848 4608 1209 4699 gl⁰rl⁰⁸l¹¹⁸s¹¹llll³⁸0
1227 4630 1346 4693 “8¹¹0·
1441 4619 1622 4691 Credibile
1647 4635 1697 4690 est
1721 4645 1796 4687 eam
1820 4621 1858 4687 in
1883 4620 1974 4687 bello
2000 4623 2182 4691 victoriam
2209 4625 2318 4694 aDeo
2339 4627 2425 4711 petiss

484 4743 591 4818 Ritus
605 4749 709 4817 etiam
726 4745 967 4816 coronationis
983 4743 1170 4832 singularis
1184 4742 1260 4822 fnit,
1284 4766 1387 4835 quem
1441 4725 1542 4840 visse:
1568 4722 1663 4842 ‘Sed
1683 4745 1737 4790 ¹⁰⁸
1755 4723 1828 4838 ll’ffl
1846 4722 2001 4839 ⁰{lendll
2017 4725 2098 4814 ΡῙ118
2113 4741 2230 4814 P⁰⁵l⁸³
2257 4728 2427 4817 P¹⁰s¹¹l⁸⁵0

401 4860 549 4935 propter
586 4850 742 4920 illustres
776 4846 1047 4936 significationes
1076 4845 1277 4912 meminisse
1303 4845 1389 4914 utile
1441 4827 1579 4943 d⁰ffl¹¹¹f
1608 4838 1840 4942 f⁰¹¹⁵l³¹t¹¹¹³¹m
1872 4847 1908 4890 '¹¹
1944 4827 2180 4909 ⁰⁰¹¹f1'8850002
2219 4852 2323 4920 ‘luam
2353 4830 2427 4897 Ulla

403 4959 476 5014 esp
507 4946 554 5013 {aa
565 4942 658 5019 flexi,
673 4951 822 5041 genibus
838 4948 1091 5040 procumbebat
1102 4948 1144 5014 ad
1163 4941 1388 5037 sepulchrum
1440 4928 1643 4996 victoriam
1662 4950 1769 4995 armis
1792 4926 1974 5012 profutura
1991 4929 2123 5011 luerat,
2150 4930 2303 5021 denique
2323 4931 2427 4998 fidem

399 5043 568 5127 Domini,
591 5048 631 5130 is,
653 5055 711 5142 qui
729 5044 953 5122 coffinandus
967 5063 1052 5133 erm,
1078 5062 1118 5118 ut
1133 5063 1237 5137 caput
1254 5049 1292 5116 in
1308 5071 1388 5116 mo
1442 5030 1547 5098 etiam
1566 5029 1603 5096 in
1624 5023 1691 5096 hoc
1707 5041 1860 5094 extremo
1878 5039 1956 5094 actu
1979 5029 2153 5099 tortitudo
2168 5031 2277 5098 animi
2296 5045 2329 5102 et
2344 5032 2429 5100 assi·

403 5139 585 5241 sepulchri
611 5150 806 5237 collocaret,
839 5169 872 5225 et
896 5172 1027 5221 corona
1045 5152 1075 5218 ei
1101 5174 1142 5219 ex
1166 5149 1277 5238 spinis
1300 5151 1389 5218 sacta
1443 5133 1511 5198 (¹¹¹³
1527 5129 1704 5198 5¹¹V⁰⁶³¹l⁰
1725 5128 1968 5197 ⁰⁸l²¹¹dffi¹¹¹b

402 5250 675 5341 imponebatur:
703 5254 814 5325 noluit
829 5257 924 5324 enim
942 5251 1161 5323 Godeiridns
1178 5275 1218 5320 eo
1233 5251 1310 5319 loco
1327 5275 1390 5318 au·
1546 5247 1650 5315 Nunc
1671 5248 1714 5314 de
1737 5246 1879 5313 caeteris
1903 5246 2095 5315 virtutibus
2119 5273 2225 5338 pauca
2251 5252 2431 5321 adiiciam:

403 5376 499 5422 ream
513 5376 685 5421 coronam
702 5367 852 5447 gestare,
876 5358 999 5447 inquo
1023 5354 1117 5422 lilius
1132 5353 1198 5423 Dei
1214 5347 1391 5424 Rhamnis
1444 5348 1549 5421 Scitis
1574 5371 1646 5417 esse
1668 5347 1867 5417 dilectionis
1890 5351 2037 5435 gradus,
2065 5375 2154 5442 quos
2172 5353 2298 5422 ordine
2316 5378 2432 5423 serva-

403 5454 735 5526 coronatusluerat.
776 5451 844 5522 Hic
856 5458 943 5525 ritus
957 5456 1248 5526 commonefactio
1263 5455 1330 5525 fuit
1348 5456 1391 5523 de
1442 5452 1507 5521 vit.
1569 5450 1762 5534 Maritum,
1804 5448 1914 5532 filios,
1949 5451 2112 5534 fratrem,
2155 5474 2310 5537 sorores,
2352 5477 2431 5520 vera

402 5553 540 5644 Regum
558 5554 700 5626 officiis.-
738 5569 842 5646 caput
863 5555 1032 5626 collocare
1047 5558 1085 5626 in
1101 5557 1260 5646 margine
1273 5557 1392 5647 sepul·
1443 5557 1583 5651 στοργῇ
1598 5552 1733 5636 dilexit,
1759 5551 1887 5620 deinde
1903 5553 2134 5623 inferioribus
2149 5556 2332 5635 banelecit,
2348 5552 2430 5620 ubi-

403 5651 499 5742 chri,
524 5672 575 5728 est
590 5681 726 5729 summa
743 5681 827 5728 cura
844 5655 947 5727 adlici
962 5658 1005 5725 de
1018 5652 1174 5729 Ecclesia
1188 5654 1334 5743 Christi,
1358 5672 1393 5728 et
1418 5746 1420 5749 ι
1444 5678 1584 5747 cunque
1602 5654 1734 5744 potuit,
1761 5656 1966 5743 praesertim
1987 5657 2084 5724 orbis
2103 5656 2308 5744 virginibus.
2362 5650 2433 5718 Na-

403 5759 558 5850 eicaput
578 5761 742 5831 arvitam
760 5762 904 5830 donare.
956 5753 1093 5830 Deinde
1109 5773 1142 5829 et
1163 5760 1273 5852 spinis
1291 5785 1394 5830 coro·
1444 5774 1545 5828 turae
1563 5757 1660 5827 nulla
1686 5779 1827 5846 prorsus
1844 5758 2015 5827 acerbitas
2028 5772 2112 5826 erat.
2165 5754 2435 5829 Nonaccende·

457 5862 638 5930 Marassa.
663 5866 769 5933 Oeen.
798 5866 881 5929 Vos.
898 5863 978 5934 Xll.
1903 5854 1927 5925 5
