6025 6775
490 661 494 666 ’
600 704 648 776 aa
1337 698 1496 772 nucu
1544 700 1619 773 uu
1657 700 1883 777 utsum.
2569 722 2619 790 36

604 877 719 943 locum
741 874 780 940 in
808 870 996 944 Academia
1018 871 1081 941 has
1106 871 1325 940 dulcissimas
1348 885 1458 956 artes,
1496 895 1587 963 quae
1638 874 1824 943 munduris
1841 874 1922 966 plus
1946 875 2054 945 fuisse
2075 876 2283 968 disciplinae
2304 883 2419 954 civilis
2432 902 2465 957 et
2480 890 2623 975 artium,

604 975 697 1065 pacis
711 981 920 1046 orhamenta
934 989 1031 1057 sunt,
1060 972 1209 1042 docendi
1227 973 1380 1062 praebet.
1625 967 1743 1068 'quam
1769 978 1863 1066 apud
1884 990 2039 1047 caeteros
2055 974 2272 1066 Germanos,
2301 997 2430 1054 etcum
2447 985 2621 1061 Romanis

706 1075 748 1145 ln
764 1073 830 1146 hac
845 1077 1054 1166 cogitatione
1068 1098 1148 1143 cum
1165 1069 1232 1141 hoc
1247 1086 1404 1163 tempore
1418 1095 1587 1160 versarer,
1637 1077 1835 1146 societatem
1851 1101 1910 1146 eos
1925 1093 1959 1148 et
1971 1079 2112 1149 foedera
2127 1081 2257 1150 iecisse.
2298 1083 2355 1152 Ad
2372 1111 2531 1159 occasum
2545 1092 2623 1163 Tu-

604 1193 638 1250 et
659 1179 729 1247 iam
751 1180 883 1270 primas
907 1176 1018 1243 lineas
1033 1169 1139 1242 huius
1155 1170 1443 1266 Chorographiae
1459 1178 1587 1245 ducere
1637 1178 1736 1247 bauti
1753 1180 1908 1262 luerunt,
1933 1181 2091 1249 fortassis
2104 1195 2250 1271 propter
2263 1185 2511 1259 subterraneos
2526 1193 2622 1279 ignes

603 1281 788 1372 cepissem,
822 1301 884 1345 nec
908 1275 1091 1346 intendere
1115 1276 1274 1344 animum
1299 1277 1336 1343 in
1360 1276 1457 1345 aliud
1476 1301 1587 1368 argu-
1638 1291 1673 1348 et
1687 1280 1844 1369 copiosas
1856 1280 1940 1349 ferri
1957 1278 2281 1375 venasaTyphoeo
2298 1287 2393 1355 dicti.
2444 1289 2501 1357 Ad
2513 1292 2624 1361 trian-

604 1396 762 1452 mentum
781 1401 936 1466 possem,
968 1375 1092 1466 scripsi
1109 1376 1213 1444 etiarn
1232 1377 1366 1470 aliquid
1389 1380 1433 1445 de
1449 1372 1587 1449 hacre—
1638 1379 1713 1468 guli
1734 1373 1906 1474 κορυφήν
1929 1377 2126 1452 Calucones
2148 1386 2303 1456 luerunt.
2370 1383 2424 1456 Ac
2445 1404 2485 1459 ut
2512 1407 2625 1463 metae

603 1480 721 1570 gione‚
753 1481 849 1572 quod
878 1473 946 1547 hoc
976 1477 1055 1545 loco
1080 1478 1207 1552 recito,
1245 1492 1279 1548 et
1302 1491 1342 1548 ut
1364 1473 1423 1547 hir
1445 1504 1587 1573 quoque
1638 1482 1780 1570 agnosci
1798 1482 1925 1552 melius
1940 1485 2093 1574 possint,
2125 1488 2217 1555 addo
2234 1487 2448 1575 detvicinis,
2472 1505 2551 1582 post
2567 1517 2625 1563 ca-

603 1582 890 1671 significationem
908 1579 1135 1667 gratitudinis
1155 1603 1252 1649 meae
1269 1582 1472 1666 ostendam,
1497 1597 1532 1652 et
1548 1596 1588 1651 ut
1639 1599 1764 1651 cumen
1784 1583 1956 1671 'trianguli
1982 1588 2026 1655 ad
2058 1584 2180 1657 Albim
2210 1590 2299 1657 duae
2331 1592 2624 1664 celebratissimae

602 1686 646 1753 ab
662 1682 885 1751 auditoribus
900 1680 1022 1770 peritis
1038 1683 1248 1766 admonear,
1273 1682 1386 1751 sicubi
1402 1706 1422 1751 a
1445 1683 1515 1755 situ
1531 1706 1588 1752 re-
1639 1695 1775 1771 gentes,
1799 1686 1898 1753 sedes
1917 1698 2118 1760 tenuemnt.
2171 1686 2213 1757 lu
2226 1690 2302 1778 ripa
2323 1692 2531 1765 occidentali
2547 1697 2624 1764 fue-

601 1785 717 1875 gionis
731 1781 919 1871 descriptio
935 1806 1011 1851 mea
1028 1784 1178 1852 aberrat.
1560 1794 1563 1802 '
1639 1798 1724 1855 runt
1740 1783 1969 1873 Longobardi
1988 1787 2155 1858 aSaliuis
2176 1791 2220 1857 ad
2237 1784 2486 1883 Parthenopen
2502 1811 2536 1866 ct
2551 1799 2624 1864 lere

702 1882 826 1952 Iudico
843 1898 960 1954 autern
984 1879 1052 1953 hoc
1075 1896 1321 1974 argumentum
1337 1896 1373 1953 et
1386 1882 1588 1953 iunioribus
1639 1887 1684 1955 ad
1695 1884 1931 1976 Brunsvigam
1953 1912 2082 1981 usque,
2115 1892 2153 1958 in
2177 1890 2254 1981 ripa
2277 1894 2443 1964 orientali
2465 1895 2623 1966 Senones

600 1986 688 2056 utile
713 2007 797 2054 esse.
847 1979 913 2055 Est
929 1985 1023 2053 enim
1048 2008 1129 2075 pars
1148 1984 1379 2065 cruditionis,
1405 2007 1509 2053 nosse
1526 2008 1586 2053 ve·
1638 1989 1801 2067 suerunt,
1832 1988 1895 2059 ubi
1911 2014 2007 2059 nunc
2025 2006 2123 2062 vetus
2139 1987 2300 2061 Marchia
2315 2008 2377 2064 est.

601 2102 710 2156 tustas
730 2098 853 2176 gentes
879 2100 914 2156 et
929 2081 1074 2156 honesta
1095 2086 1263 2177 exempla.
1311 2082 1359 2154 Et
1373 2108 1500 2174 magna
1515 2086 1588 2154 vir·
1738 2087 1930 2183 Postquam
1949 2106 2065 2162 autem
2088 2092 2272 2165 Romanae
2292 2090 2518 2167 monarchiae
2535 2101 2621 2169 fata-

599 2201 656 2256 tus
678 2200 748 2271 est,
781 2211 900 2257 amare
928 2189 1099 2279 patriam,
1134 2190 1265 2257 eteius
1294 2187 1587 2279 tranquillitatem
1639 2188 1683 2257 lis
1698 2190 1867 2278 periodus
1881 2193 2088 2265 circumacta
2104 2210 2173 2275 est,
2200 2209 2235 2265 et
2250 2197 2380 2267 multae
2400 2213 2521 2286 gentes
2534 2202 2623 2270 aliae

600 2289 701 2357 omni
725 2289 840 2358 officio
865 2289 968 2362 tueri.
1020 2285 1122 2357 Hanc
1144 2289 1309 2359 virtutem
1326 2289 1486 2357 accendit
1499 2313 1586 2357 con·
1639 2290 1718 2359 aliis
1733 2292 1777 2358 de
1793 2295 1906 2363 causis
1920 2318 2121 2385 progressae
2137 2321 2246 2365 novas
2268 2300 2367 2367 sedes
2381 2303 2623 2391 quaesierunt:

600 2391 767 2461 sideratio
781 2386 1102 2483 pulcherrimorum
1118 2404 1420 2472 ornamentorum,
1443 2403 1588 2480 propter
1639 2390 1768 2461 Franci
1784 2392 2016 2484 etBurgundi
2031 2398 2070 2465 in
2079 2394 2235 2466 Galliam
2250 2401 2485 2485 transierunt,
2510 2399 2624 2473 Gothi

600 2515 688 2585 quae
703 2493 816 2583 patria
835 2516 940 2585 quam
959 2505 1084 2561 natura
1107 2492 1305 2581 diligimus,
1331 2492 1434 2560 bonis
1457 2491 1589 2558 menti·
1634 2494 1677 2560 in
1693 2491 1917 2564 Pannoniam
1933 2511 1968 2566 et
1983 2497 2139 2579 ltaliam,
2165 2497 2299 2569 Heneti
2315 2500 2481 2571 aVistula
2495 2502 2624 2574 etCar-

600 2596 667 2663 bus
697 2594 736 2666 fit
764 2594 878 2663 multo
909 2589 1060 2662 charior.
1129 2590 1182 2662 Ac
1206 2593 1392 2683 praecipue
1422 2587 1588 2662 adhunc
1639 2589 1747 2685 patho
1763 2596 1801 2663 in
1817 2593 2066 2685 Germaniam,
2092 2602 2324 2670 certissimum
2342 2615 2377 2670 et
2391 2599 2548 2673 Henetos
2563 2628 2624 2672 oc-

601 2695 705 2764 finem
719 2697 834 2765 refero
852 2690 944 2763 hanc
958 2695 1175 2778 orationem,
1200 2708 1241 2764 ut
1257 2696 1294 2763 in
1312 2696 1514 2764 iunioribus
1531 2719 1588 2764 er·
1638 2719 1782 2788 cupasse
1798 2692 2005 2768 Bohemiam
2030 2716 2065 2772 et
2078 2699 2256 2797 Elysiam,
2283 2726 2371 2795 quae
2387 2725 2482 2773 nunc
2497 2703 2624 2775 Silesia

601 2818 641 2885 ga
655 2797 806 2887 patriam
822 2798 933 2887 pictas
948 2796 1063 2867 alatur
1077 2810 1111 2866 et
1125 2797 1364 2869 confirmetur.
1638 2810 1707 2882 est,
1730 2810 1766 2867 et
1782 2798 1850 2868 alia
1871 2800 1986 2870 vicina
2009 2801 2098 2877 loca.

700 2896 862 2969 Primum
882 2912 1000 2969 autem
1021 2911 1061 2967 ut
1082 2900 1191 2967 exteri
1213 2899 1319 2967 situm
1336 2896 1426 2964 scire
1440 2896 1587 2987 possint,
1738 2895 1794 2968 Eo
1820 2913 1981 2990 tempore¹
1998 2916 2033 2970 et
2052 2901 2193 2996 Mysos,
2222 2930 2284 2976 seu
2307 2905 2442 2977 vicinos
2465 2904 2626 2977 Heneto·

598 3001 746 3088 liguram
775 3015 809 3071 et
834 3014 944 3069 metas
974 3000 1129 3087 regionis
1158 2997 1404 3067 indicabimus.
1469 2995 1586 3089 Mysia
1638 3022 1741 3082 rum,
1762 3021 1825 3068 seu
1842 3015 1977 3091 partem
1992 3005 2210 3085 consedisse,
2237 3008 2275 3073 in
2293 3003 2360 3074 hoc
2375 3008 2623 3076 amoenissimo

594 3102 748 3192 quaein
774 3100 967 3172 Germania
988 3102 1057 3168 iam
1081 3099 1185 3167 annis
1205 3100 1357 3190 amplius
1376 3098 1587 3186 octingentis
1639 3100 1817 3188 triangulo
1847 3116 2123 3173 consentaneum
2140 3107 2209 3189 lest.
2268 3104 2444 3176 Usitatum
2462 3122 2512 3177 est
2529 3107 2624 3176 enim

598 3201 647 3270 sic
667 3202 891 3285 nominatur,
916 3200 1085 3290 trianguli
1102 3200 1212 3289 figura
1235 3213 1304 3283 est,
1331 3201 1431 3268 cuius
1445 3201 1488 3268 ad
1506 3198 1586 3266 Me·
1638 3201 1878 3271 coniecturam
1900 3204 2014 3274 facere
2038 3207 2083 3275 de
2098 3206 2298 3296 originibus
2314 3210 2471 3296 gentium
2490 3234 2530 3278 cx
2548 3210 2625 3278 lin-

597 3302 726 3371 ridiem
745 3304 839 3372 basis
854 3316 906 3372 est
922 3304 1048 3392 longa,
1073 3302 1153 3390 iuga
1169 3302 1345 3370 montium
1362 3302 1423 3394 qui
1439 3300 1586 3371 Sudetes
1637 3326 1706 3393 gua
1730 3316 1765 3373 et
1785 3303 1941 3375 nornine.
1992 3304 2142 3378 Venisse
2163 3323 2279 3380 autem
2301 3309 2340 3377 in
2360 3305 2570 3381 Bohemiam
2593 3324 2627 3380 et

598 3403 828 3474 aPtolemaeo
845 3405 1089 3484 nominantur,
1116 3397 1431 3494 quibusBohemia
1447 3404 1587 3471 dirimi·
1639 3407 1678 3476 iu
1700 3401 1786 3474 haec
1810 3407 1886 3478 loca
1910 3413 2130 3499 peregrinam
2152 3427 2291 3500 gentem
2318 3412 2439 3501 lingua
2461 3414 2625 3483 ostendit.

598 3504 840 3599 turaMysia.
900 3504 1062 3598 Suntque
1077 3505 1114 3572 in
1134 3505 1296 3574 extremis
1312 3504 1385 3572 oris
1406 3503 1499 3570 basis
1514 3505 1586 3570 duo
1637 3501 1800 3594 Cumque
1814 3507 1947 3577 fuerint
1966 3507 2062 3598 Mysi
2082 3536 2167 3597 gens
2182 3536 2308 3602 magna
2322 3526 2357 3584 et
2369 3513 2409 3581 in
2425 3509 2511 3583 Asia
2526 3515 2626 3584 littus

598 3607 751 3697 insignia
769 3608 917 3699 oppida,
942 3604 1276 3683 BirnaetPlavven.
1329 3604 1440 3674 Latus
1463 3627 1482 3673 a
1503 3601 1586 3671 Bir-
1637 3605 1682 3672 ad
1706 3600 1996 3695 Hellespontum,
2028 3609 2128 3675 etin
2159 3606 2304 3698 Europa
2327 3638 2491 3702 magnam
2517 3640 2627 3699 oram,

598 3735 644 3779 na
654 3710 838 3780 orientale
858 3710 1030 3779 sine'ulla
1045 3707 1265 3778 dubitatione
1281 3721 1332 3778 est
1351 3706 1464 3779 Albis.
1515 3705 1587 3775 La·
1638 3728 1729 3798 quae
1744 3729 1840 3776 nunc
1855 3719 1906 3776 est
1923 3703 2128 3793 Muldavia,
2148 3705 2283 3793 Bosnn,
2307 3706 2435 3780 Rascia
2453 3728 2488 3781 et
2502 3715 2625 3786 Servia

598 3826 654 3882 tus
675 3835 760 3880 vero
788 3814 833 3880 ad
866 3834 1027 3880 occasum
1049 3835 1068 3880 a
1090 3808 1239 3879 Plavven
1268 3826 1319 3880 est
1339 3809 1470 3879 fluvius
1492 3806 1588 3891 Pica,
1639 3808 1837 3894 tenuerint,
1863 3822 1897 3879 et
1909 3831 1965 3879 res
1980 3832 2123 3899 magnas
2132 3810 2319 3900 gesserint,
2343 3809 2626 3882 suiteorumno-

598 3937 707 4007 aquo
731 3936 893 4002 graecum
918 3936 1048 3983 nomen
1066 3924 1116 3981 est
1132 3913 1215 3982 urbi
1232 3911 1366 3996 Cittae,
1391 3911 1487 3979 unde
1504 3907 1586 3978 Pica
1638 3935 1721 3981 men
1735 3911 1982 4005 clarissimum.
2036 3910 2157 4001 Quare
2171 3937 2244 3981 non
2258 3913 2362 3983 facile
2375 3912 2483 3983 deleri
2499 3915 2624 4004 potuit.

597 4013 766 4108 Lypsiam
790 4015 1061 4106 praeterfluens,
1093 4037 1167 4084 non
1190 4015 1315 4106 procul
1338 4037 1358 4082 a
1380 4011 1493 4082 veteri
1517 4007 1588 4079 lm·
1639 4012 1803 4108 Cumque
1820 4037 1993 4109 nusquam
2019 4014 2107 4087 alibi
2127 4015 2304 4109 reliquum
2330 4015 2394 4100 sit,
2418 4015 2488 4083 nisi
2504 4015 2541 4083 in
2556 4012 2624 4086 hoc

600 4131 802 4209 paratorum
816 4140 895 4187 arce
907 4115 1097 4207 Mersburg
1112 4116 1150 4186 in
1164 4116 1283 4189 Salam
1298 4115 1522 4197 infunditur,
1546 4125 1589 4183 ut
1638 4115 1836 4204 triangulo,
1869 4117 2039 4187 credibile
2064 4132 2115 4188 est
2138 4141 2250 4187 novos
2265 4118 2346 4189 illos
2365 4112 2518 4209 hospites
2533 4115 2626 4187 Ger-

597 4219 643 4289 sit
659 4243 732 4289 non
749 4220 872 4310 procul
888 4219 971 4287 inde
985 4219 1154 4309 trianguli
1169 4242 1348 4297 cacumen,
1372 4217 1435 4287 ubi
1454 4215 1535 4287 Sala
1548 4214 1586 4283 in
1639 4216 1753 4284 manis
1768 4215 1977 4305 permixtos,
2002 4232 2037 4289 et
2051 4218 2158 4289 fuisse
2167 4218 2309 4314 Mysos,
2330 4232 2362 4288 et
2376 4233 2547 4292 vetustam
2563 4243 2625 4311 ap-

600 4319 722 4392 Albim
753 4322 975 4406 infunditur,
1016 4321 1269 4390 constituamus
1296 4320 1392 4388 enim
1418 4315 1587 4388 historico
1640 4316 1865 4408 pellationem
1882 4320 2035 4388 retinere
2051 4322 2215 4392 voluisse.
2266 4317 2320 4390 Ac
2343 4333 2500 4392 utantea
2518 4322 2626 4390 vicini

600 4447 698 4493 more
728 4438 896 4518 tanquam
932 4422 1063 4492 limites
1095 4422 1303 4511 conspicuos
1333 4434 1369 4490 et
1397 4418 1587 4490 durabiles.
1638 4417 1688 4487 eis
1718 4415 1907 4511 Tyrigetae
1935 4423 2099 4508 fuerumt,
2139 4437 2174 4493 et
2199 4423 2294 4494 ultra
2323 4419 2387 4492 hos
2416 4422 2543 4509 Sacae,
2576 4426 2624 4495 ita

598 4521 689 4595 Cum
706 4541 822 4596 autem
838 4522 1150 4596 celebratissimum
1167 4522 1301 4591 flumen
1316 4518 1492 4604 sitAlbis,
1517 4541 1587 4610 qua
1639 4519 1763 4588 eodem
1787 4535 1945 4613 tempore
1964 4539 2083 4614 gentes
2106 4525 2189 4596 illae
2204 4529 2300 4595 unde
2321 4538 2403 4595 sunt
2419 4525 2573 4614 Turingi
2591 4540 2626 4596 et

600 4624 639 4694 in
661 4640 759 4717 parte
787 4628 883 4697 orbis
903 4641 1078 4696 terrarum
1098 4625 1145 4695 sit
1165 4618 1251 4693 haec
1274 4624 1370 4713 regio
1386 4620 1586 4715 Mysorum,
1639 4619 1814 4706 Saxones,
1847 4625 1887 4693 in
1907 4625 2037 4696 vicinia
2059 4628 2103 4696 ad
2124 4626 2244 4699 Salam
2268 4641 2302 4698 et
2325 4630 2369 4697 ad
2393 4623 2516 4698 Albim
2540 4651 2623 4697 con-

601 4729 708 4798 exteri
728 4724 832 4798 etiam
850 4730 939 4798 scire
955 4741 1114 4819 possunt.
1640 4724 1817 4795 sederunt.

701 4830 771 4902 Sed
788 4844 827 4900 ut
841 4831 986 4922 propius
1001 4828 1133 4920 adspici
1147 4827 1235 4899 situs
1251 4825 1378 4917 possit,
1399 4818 1486 4892 haec
1496 4847 1587 4915 quo-
1740 4822 1831 4894 Cum
1846 4842 1962 4899 antem
1977 4830 2084 4903 luerit
2099 4832 2272 4901 excellens
2287 4831 2399 4902 virtus
2412 4830 2511 4901 illius
2526 4845 2627 4903 vetu-

599 4956 668 5025 que
693 4935 803 5003 addo:
835 4932 963 5027 Lypsia
982 4954 1071 5025 quae
1086 4947 1161 5001 non
1184 4928 1309 5022 procul
1325 4926 1588 4995 abestatrian-
1639 4938 1712 4996 stae
1735 4929 1848 5014 gentis
1868 4928 2072 5024 Mysorum,
2105 4935 2211 5002 decus
2233 4935 2377 5026 aliquod
2402 4943 2470 5016 est,
2496 4933 2541 5000 ab
2560 4929 2625 5001 hac

599 5035 672 5120 guli
690 5039 838 5121 vertice,
863 5037 992 5125 gradus
1008 5029 1116 5104 habet
1139 5028 1373 5121 longitudinis
1387 5027 1451 5112 30,
1465 5052 1512 5098 m.
1526 5022 1588 5098 58.
1639 5029 1747 5118 stirpe
1768 5045 1864 5100 ortos
1885 5055 1967 5102 esse.
2023 5032 2168 5103 Tribuit
2192 5036 2287 5102 enim
2313 5035 2490 5104 veteribus
2512 5031 2623 5121 Mysis

597 5133 815 5208 Latitudiuis
845 5163 929 5207 vero
957 5160 1069 5206 umun
1102 5149 1134 5205 et
1167 5131 1424 5228 quinquaginta
1455 5155 1500 5204 m.
1524 5128 1586 5202 44.
1639 5128 1816 5201 Homerus
1848 5147 1916 5202 tres
1946 5134 2116 5221 virtutes,
2157 5161 2247 5229 quae
2274 5150 2357 5205 sunt
2380 5134 2560 5225 praecipue
2583 5131 2622 5198 in

552 5271 557 5287 ·
599 5235 695 5309 Haec
709 5241 823 5331 spacia
839 5254 872 5308 et
887 5238 1187 5317 doctisindicant,
1212 5235 1249 5303 in
1263 5260 1329 5327 qua
1347 5226 1446 5326 parte
1460 5235 1586 5303 mundi
1638 5228 1705 5300 hac
1727 5230 1913 5304 hominum
1938 5237 2184 5322 societatc,set
2219 5239 2333 5307 sontes
2356 5228 2621 5306 suntaliarum.

600 5338 685 5412 haec
701 5343 797 5431 regio
814 5342 879 5411 sita
894 5341 949 5409 sit.
1639 5335 1701 5402 Ait
1715 5337 1809 5403 enim
1836 5360 1909 5405 esse
1926 5336 2049 5430 Mysos
2065 5333 2251 5407 hominurn
2274 5335 2493 5408 iustissimos.
2545 5330 2623 5402 Sci-

570 5510 575 5515 .
700 5444 743 5515 ln
761 5440 828 5514 hoc
843 5456 959 5513 autem
977 5440 1155 5528 triangulo
1169 5441 1214 5508 ad
1232 5441 1333 5508 basin
1350 5452 1383 5508 et
1401 5440 1443 5508 ad
1463 5434 1586 5506 Albim
1638 5436 1683 5506 tis
1705 5451 1820 5506 autem
1843 5438 1992 5528 primam
2016 5462 2089 5508 esse
2111 5440 2276 5509 virtutem
2303 5432 2496 5516 iusticiam,
2532 5456 2623 5524 quae

597 5545 870 5619 Hermunduros
884 5566 1046 5632 magnam
1065 5556 1198 5631 partem
1217 5542 1389 5624 tenuisse,
1417 5565 1456 5607 ex
1473 5534 1588 5609 histo·
1638 5537 1781 5628 quidem
1796 5563 1958 5629 magnam
1978 5541 2186 5627 sapientiam
2212 5554 2246 5609 et
2262 5537 2389 5605 multas
2406 5535 2493 5602 alias
2509 5533 2623 5607 virtu-

598 5651 660 5719 riis
686 5650 836 5738 intelligi
860 5659 990 5737 potest,
1016 5666 1105 5736 quos
1127 5643 1235 5711 luisse
1252 5641 1499 5713 Germanicam
1522 5665 1612 5733 nar-4
1638 5653 1689 5710 tes
1704 5642 1960 5731 complectitur.
2010 5641 2156 5727 Necesse
2179 5655 2229 5710 est
2243 5639 2337 5707 enim
2361 5639 2471 5706 iustos
2488 5637 2623 5707 intelli-

597 5753 730 5825 tionem
754 5749 943 5843 appellatio
965 5749 1118 5827 indicat,
1155 5746 1256 5814 cuius
1279 5742 1487 5835 etymologia
1512 5766 1585 5845 non
1602 5740 1612 5858 :
1637 5764 1717 5830 gere
1735 5744 1924 5812 discrimen
1941 5739 2170 5813 honestorum
2185 5756 2219 5811 et
2233 5740 2411 5846 turpium,
2436 5741 2624 5832 quodcum

597 5854 742 5928 obscura
759 5869 821 5926 est.
873 5848 920 5923 Et
939 5851 1063 5921 scribit
1077 5846 1267 5920 Cornelius
1277 5843 1421 5915 Tacitus
1437 5844 1475 5912 in
1491 5842 1586 5914 Her·
1608 5860 1612 5894 ¹
1637 5846 1880 5931 considerant,
1906 5846 2038 5915 sontem
2056 5868 2128 5915 esse
2145 5843 2259 5914 Deum
2280 5855 2492 5934 agnoscunt,
2517 5855 2551 5912 et
2567 5843 2625 5911 in-
