6025 6775
560 579 634 663 615
1335 571 1816 656 DISPUTATIONES
2518 590 2596 664 616

572 772 743 847 tanquam
758 753 929 838 fulmine,
948 776 1027 824 cum
1040 754 1146 823 corda
1164 752 1307 833 iudicat,
1333 763 1375 823 ut
1390 751 1561 847 scriptum
1611 754 1661 824 sic
1695 763 1969 835 sustentaretur,
1993 744 2070 839 filla
2102 770 2220 822 massa
2251 772 2394 842 prorsus
2418 757 2591 833 interiret.

573 870 642 928 est:
670 852 826 926 Aculeus
841 855 965 928 mortis
984 870 1163 946 peccatum
1180 866 1241 923 est.
1266 877 1270 890 ·
1292 852 1456 926 Potentia
1475 877 1559 925 vero
1609 853 1691 924 Non
1708 854 1804 922 enim
1822 865 1913 935 esset
1930 874 2043 921 unum
2067 842 2346 947 ὑφιστάμενον,
2370 856 2439 929 nisi
2461 859 2510 929 sic
2531 884 2593 951 ge.

574 955 777 1053 peccatilex
793 971 855 1026 est.
906 953 1012 1025 ltem:
1047 956 1150 1028 Sicut
1169 955 1224 1025 leo
1249 954 1418 1026 contrivit
1440 957 1560 1026 omnia
1609 968 1761 1026 staretur
1777 948 1862 1025 haec
1879 974 2004 1028 massa.

573 1081 754 1132 ossamea·
998 1132 1002 1138 ,
1414 1147 1417 1154 Δ
1711 1061 1772 1129 22.
1808 1052 1887 1126 Etsi
1902 1054 2097 1145 exemplum
2111 1078 2260 1147 prorsus
2275 1055 2391 1126 simile
2404 1067 2592 1134 monstrari

678 1161 739 1234 tt.
766 1156 834 1231 Sed
853 1156 1029 1229 nonsatis
1050 1170 1102 1228 est
1124 1158 1162 1226 in
1177 1153 1337 1244 Ecclesia
1359 1158 1472 1249 legem
1492 1158 1559 1228 do·
1609 1180 1683 1226 non
1699 1170 1831 1249 potest,
1854 1169 1972 1226 tamen
1997 1168 2149 1226 vetustas
2173 1180 2236 1227 usa
2262 1170 2315 1227 est
2339 1154 2407 1230 hac
2428 1159 2594 1235 similitu-

574 1285 669 1342 cere,
706 1283 783 1355 qua
797 1258 895 1329 Deus
915 1259 1076 1330 omnium
1099 1272 1237 1350 peccata
1261 1259 1414 1344 iudicat,
1453 1261 1558 1329 etiam
1608 1258 1705 1330 diue.
1772 1255 1859 1330 Esse
1889 1279 2003 1327 unum
2024 1248 2297 1351 ὑφιστάμενον,
2330 1254 2401 1347 τὸν
2423 1255 2537 1359 λόγον
2560 1280 2594 1336 et

545 1364 736 1450 ¹illorum,
768 1361 830 1453 qui
854 1376 937 1433 sunt
958 1373 1055 1431 extra
1075 1358 1279 1431 Ecclesiam.
1336 1357 1471 1430 Verum
1495 1385 1559 1430 ne-
1607 1361 1804 1429 adsumtam
1835 1371 1998 1428 naturam
2024 1352 2232 1444 humanam,
2277 1357 2369 1429 sicut
2398 1356 2508 1435 homo
2542 1381 2594 1438 est

574 1486 669 1540 cesse
690 1474 741 1532 est
764 1465 906 1553 agnosci
936 1462 1050 1532 lilium
1073 1459 1140 1532 Dei
1167 1462 1397 1532 mediatorem
1428 1461 1559 1531 eteius
1607 1484 1719 1530 eruum
1741 1456 2016 1555 ὑφιστάμενον,
2058 1453 2194 1528 habens
2222 1459 2377 1528 animam
2398 1475 2433 1531 et
2451 1487 2591 1558 corpus.
2663 1478 2674 1488 '

573 1564 764 1646 beneficia,
804 1565 895 1635 sicut
922 1576 1022 1656 pater
1044 1563 1203 1634 coelestis
1227 1563 1370 1633 clamat:
1411 1558 1481 1631 Hic
1507 1578 1559 1633 est
1607 1558 1683 1631 Hac
1706 1561 1940 1631 similitudine
1960 1559 2018 1630 usi
2046 1573 2130 1630 sunt
2150 1553 2382 1647 Athanasius,
2420 1560 2592 1658 Cyrillus,
2695 1593 2697 1596 ·

573 1665 669 1735 lilius
692 1688 789 1734 meus
814 1666 981 1749 dilectus,
1007 1659 1103 1735 hunc
1123 1663 1254 1737 audite.
1305 1659 1353 1733 Et
1372 1661 1412 1731 in
1428 1661 1558 1733 Psalm.
1606 1674 1641 1731 et
1657 1661 1814 1733 lustinus
1841 1664 1903 1755 qui
1924 1676 2042 1732 tamen
2068 1660 2168 1732 addit
2188 1654 2457 1734 correctionem:
2493 1667 2590 1750 τινὲς

571 1767 675 1838 dicit:
704 1762 926 1834 Osculamini
949 1765 1073 1837 lilium.
1123 1760 1174 1836 Et
1194 1766 1234 1833 in
1254 1761 1360 1834 Esaia
1386 1761 1556 1857 scriptum
1604 1756 1675 1853 μὲν
1687 1760 1755 1858 τὴν
1772 1761 1905 1836 ἕνωσιν
1921 1758 1972 1843 ὥς
1989 1766 2113 1857 ψυχῆς
2135 1756 2227 1857 πρὸς
2248 1765 2358 1854 σῶμα
2376 1759 2588 1860 νοήσαντες,

572 1881 641 1939 est:
675 1865 812 1936 Noticia
830 1867 925 1936 servi
939 1867 1033 1951 mei,
1057 1866 1159 1952 iusti,
1191 1865 1394 1936 iustificabit
1414 1868 1556 1937 multos.
1606 1860 1725 1957 ὅσσος
1746 1856 2007 1937 ἐκὸιὸώκασιν.
2045 1858 2110 1935 καὶ
2134 1855 2318 1959 ἆρμόδιόν
2334 1888 2379 1988 pe
2399 1863 2443 1938 τὸ
2467 1868 2587 1966 παρά-

570 1966 762 2057 Colligitur
777 1990 859 2057 ergo
874 1964 1030 2038 Ecclesia
1040 1963 1126 2048 Dei,
1151 1966 1349 2037 ministerio
1359 1964 1556 2057 Evangelii,
1604 1960 1758 2064 διιχιια,
1784 1968 1816 2037 el
1831 1962 1894 2037 καὶ
1905 1961 1957 2059 μὴ
1974 1959 2071 2036 κατὰ
2085 1956 2228 2045 πάντα,
2251 1989 2347 2036 κατα
2364 1961 2401 2037 τὶ
2414 1973 2522 2067 γοῦν.

569 2069 610 2140 in
626 2092 697 2163 quo
712 2082 745 2138 et
757 2069 915 2157 arguitur
929 2081 1129 2160 peccatum,
1162 2080 1197 2137 et
1222 2080 1439 2139 monstratur
1461 2069 1556 2139 filius
1703 2070 1767 2142 28.
1799 2066 1933 2137 Causae
1948 2081 2063 2137 autern
2081 2065 2280 2154 cogitentur
2303 2061 2410 2137 huius
2430 2072 2588 2141 mirandi

570 2168 660 2254 Dei,
696 2167 873 2240 Dominus
897 2183 1020 2242 noster
1043 2167 1138 2238 lesus
1158 2163 1341 2254 Christus,
1383 2168 1554 2241 immensa
1605 2170 1759 2243 consilii.
1798 2166 1876 2237 Nisi
1891 2170 2070 2238 decretum
2093 2167 2237 2251 luisset,
2267 2179 2308 2237 ut
2331 2191 2442 2240 massa
2462 2195 2503 2240 er
2525 2196 2586 2263 ge-

570 2272 811 2341 misericordia
826 2271 973 2356 missus,
1004 2282 1045 2341 ut
1066 2262 1210 2361 propter
1231 2294 1312 2339 eum
1337 2284 1372 2341 et
1395 2293 1459 2360 per
1474 2296 1554 2342 eum
1603 2294 1687 2339 nere
1704 2264 1860 2340 humano
1881 2272 2142 2352 adsumeretur,
2167 2266 2267 2337 etsie
2286 2291 2409 2339 rursus
2430 2271 2586 2343 vivifica-

571 2373 680 2463 gratis
698 2375 893 2443 reddantur
906 2372 1011 2441 nobis
1027 2371 1165 2442 iusticia
1183 2385 1217 2443 et
1234 2373 1304 2442 vita
1320 2384 1472 2442 aeterna.
1584 2417 1587 2422 -
1603 2384 1702 2446 retur
1728 2395 1791 2463 per
1812 2371 1983 2454 verbum,
2018 2393 2089 2463 quo
2115 2368 2298 2438 conditum
2321 2384 2411 2455 erat,
2442 2396 2586 2463 pmrsus

673 2473 731 2544 19.
766 2470 831 2545 Est
845 2463 1214 2563 igiturEvangelinm,
1238 2472 1453 2565 praedicatio
1467 2484 1554 2564 po'e-
1601 2473 1723 2543 fuisset
1750 2473 1943 2543 extinctum
1973 2493 2084 2560 genus
2111 2464 2324 2568 humanum,
2353 2484 2388 2543 et
2408 2473 2586 2568 reliquum

571 2573 758 2659 nitentior,
784 2587 819 2644 ct
830 2574 1030 2666 promissio,
1057 2596 1163 2667 quam
1180 2575 1271 2644 ratio
1287 2598 1362 2644 non
1377 2586 1473 2644 tenet
1488 2597 1553 2644 na-
1601 2574 1728 2644 mundi
1745 2574 1924 2666 opificium
1935 2572 2066 2644 frustra
2084 2570 2263 2642 conditum
2277 2584 2380 2641 esset.
2432 2571 2487 2645 Ita
2502 2600 2585 2667 pro-

571 2675 751 2756 turaliter,
777 2677 838 2746 sed
854 2677 1006 2747 revelata
1022 2675 1213 2755 divinitus,
1239 2676 1279 2745 in
1292 2698 1361 2769 qua
1378 2672 1476 2745 Deus
1488 2678 1552 2744 ad·
1599 2689 1676 2764 pter
1692 2670 1784 2745 hanc
1798 2698 1948 2744 massam
1965 2672 2219 2743 adsumendum
2233 2685 2390 2742 servatur
2406 2687 2546 2750 natura.

569 2776 685 2847 firmat
705 2799 742 2846 se
763 2790 908 2868 propter
930 2777 1044 2848 lilium
1066 2777 1316 2863 mediatorem,
1349 2777 1549 2847 Dominum
1700 2773 1863 2869 Cumque
1896 2775 2069 2843 immensa
2101 2772 2345 2846 misericordia
2371 2774 2583 2865 deprecante

567 2891 729 2949 nostrum
758 2876 875 2948 lesum
902 2874 1101 2963 Christum,
1140 2879 1264 2969 gratis,
1303 2902 1379 2949 non
1405 2892 1550 2972 propter
1601 2875 1674 2946 lilio
1697 2889 1897 2947 servaretur
1912 2897 2022 2965 genus
2045 2868 2264 2960 humanum,
2296 2885 2330 2944 et
2343 2870 2437 2944 Deus
2462 2888 2582 2946 tamen

566 2979 641 3049 ulla
661 2994 782 3052 nostra
804 2986 930 3073 opera,
960 2993 1024 3052 aut
1041 2980 1190 3049 virtutes
1213 2992 1351 3050 nostras
1371 2981 1549 3062 remittere
1597 2979 1702 3048 vellet
1716 2978 1874 3048 iusticiae
1889 3000 1973 3046 suae
1993 2973 2172 3055 satislieri,
2199 2975 2414 3065 congruebat
2428 3000 2579 3070 poenam

565 3095 723 3171 peccata,
770 3095 804 3153 et
835 3083 1010 3176 imputare
1043 3080 1217 3153 iusticiam
1250 3081 1475 3150 credentibus
1507 3081 1547 3148 in
1597 3080 1750 3169 persolvi
1774 3104 1838 3169 per
1860 3079 2014 3171 aliquem
2037 3077 2077 3145 in
2101 3098 2228 3165 genere
2258 3071 2435 3163 humano,
2469 3096 2579 3150 aeut

562 3181 694 3267 lilium,
719 3205 760 3252 ac
777 3183 884 3254 simul
900 3183 1077 3254 vivificare
1091 3205 1157 3252 nos
1173 3205 1236 3273 per
1257 3182 1389 3263 lilium,
1416 3195 1449 3252 et
1465 3203 1548 3250 san·
1596 3181 1822 3273 aequivalens
1854 3180 2013 3272 precium
2037 3169 2152 3263 esset,
2196 3178 2237 3247 in
2269 3171 2363 3247 hanc
2393 3201 2580 3268 personam

551 3283 714 3354 'ctibcare
732 3283 967 3376 datoSpiritu
984 3298 1125 3368 sancto,
1150 3284 1394 3353 etlacerenos
1418 3276 1545 3352 haere-
1596 3304 1708 3370 poena
1724 3281 1881 3352 derivata
1898 3293 1959 3355 est.
2010 3276 2267 3369 Necpotuisset
2281 3277 2372 3349 iram
2387 3279 2461 3350 Dei
2474 3283 2580 3352 susti-

560 3384 623 3453 des
642 3387 735 3456 vitae
749 3402 921 3458 aeternae.
972 3382 1068 3456 Haec
1087 3387 1181 3456 bona
1205 3382 1324 3455 omnia
1343 3385 1545 3476 complexus
1594 3408 1677 3453 nere
1692 3384 1767 3454 sola
1782 3397 1958 3464 creatura,
1983 3405 2049 3451 nec
2070 3380 2212 3452 vincere
2232 3394 2403 3467 mortem,
2428 3396 2462 3454 et
2477 3383 2579 3455 resti-

509 3482 515 3499 *
559 3498 611 3552 est
626 3482 776 3565 Paulus,
803 3510 882 3555 cum
898 3478 1032 3579 i'nquit:
1060 3483 1183 3556 Gratia
1199 3484 1264 3555 Dei
1281 3497 1315 3555 et
1329 3487 1465 3555 donum
1480 3510 1545 3577 per
1594 3498 1692 3555 tuere
1716 3485 1890 3556 iusticiam
1916 3495 1949 3556 et
1969 3483 2090 3555 vitam.
2147 3480 2232 3554 ldeo
2260 3478 2320 3552 hic
2344 3485 2521 3555 redemtor
2543 3500 2578 3555 et

559 3584 708 3671 gratiam
739 3587 846 3655 nnius
874 3582 1031 3657 hominis
1065 3585 1146 3656 lesu
1175 3581 1309 3657 Christi
1337 3585 1377 3655 iu
1399 3588 1543 3679 ¹multos
1592 3587 1763 3672 salvator,
1795 3585 1893 3657 Deus
1916 3597 1950 3654 et
1971 3579 2080 3654 homo
2106 3596 2167 3658 est.
2225 3580 2274 3655 Et
2294 3585 2458 3673 congruit
2481 3580 2577 3657 hunc

559 3684 776 3759 exuberavit.
1592 3711 1663 3756 esse
1681 3689 1907 3758 mediatorem
1926 3699 1961 3756 et
1973 3687 2244 3776 deprecatorem,
2269 3685 2332 3779 qui
2346 3686 2442 3757 videt
2456 3703 2576 3778 pectus

613 3776 620 3790 ⁶
659 3785 720 3859 20.
754 3785 922 3857 Mirando
944 3788 1093 3858 consilio
1116 3789 1292 3858 decretum
1316 3802 1386 3874 est,
1419 3802 1459 3859 ut
1481 3785 1541 3859 hic
1590 3788 1699 3880 patris
1715 3803 1749 3860 et
1764 3791 1868 3857 corda
1885 3787 2140 3856 invocantium.
2191 3784 2281 3857 Item
2296 3800 2442 3857 naturae
2458 3791 2608 3878 omni-0

556 3886 730 3957 mediator
745 3888 790 3957 sit
804 3885 901 3971 Deus
918 3903 949 3959 et
966 3885 1084 3974 homo,
1104 3903 1137 3960 et
1151 3910 1271 3959 causas
1285 3890 1324 3959 in
1338 3903 1411 3961 tota
1427 3903 1540 3960 aeter·
1590 3889 1743 3980 potentis
1758 3903 1828 3975 est,
1850 3888 1990 3959 assidue
2005 3889 2126 3957 adesse
2141 3881 2318 3958 Ecclesiae
2337 3901 2371 3957 et
2391 3900 2467 3958 eam
2486 3913 2570 3977 pro-

554 3987 664 4058 nitate
684 3988 996 4061 considerabimus.
1047 3987 1211 4061 Inchoari
1226 4004 1344 4062 tamen
1368 3987 1460 4061 hanc
1482 4015 1538 4063 sa·
1590 4004 1716 4081 tegere.
1765 3985 1912 4062 Etcum
1935 3989 2044 4058 verbo
2069 3988 2210 4060 condita
2232 3990 2279 4060 sit
2299 4002 2439 4072 natura,
2472 3992 2570 4081 quod

491 4066 523 4105 '⁹
550 4082 721 4177 pientiam
738 4090 814 4160 vult
828 4087 924 4161 Deus
940 4092 977 4160 in
997 4086 1064 4161 hac
1085 4093 1175 4174 vita,
1199 4093 1277 4162 vult
1297 4117 1362 4163 nos
1385 4093 1537 4182 cogitare
1588 4107 1640 4162 est
1655 4094 1768 4182 imago
1784 4090 1916 4162 aeterni
1934 4089 2062 4182 patris,
2086 4112 2209 4161 rursus
2226 4114 2287 4181 per
2309 4090 2456 4158 verbnm
2476 4090 2572 4158 vivi-

417 4208 421 4213 ’
547 4210 623 4259 uon
637 4191 765 4262 frustra
780 4186 850 4261 hoc
865 4193 989 4263 foedus
1002 4215 1082 4263 curu
1095 4205 1221 4263 natura
1235 4188 1390 4265 humana
1403 4195 1535 4266 ictum
1586 4194 1727 4276 licatur,
1753 4205 1788 4265 et
1809 4192 2006 4262 restituitur
2027 4193 2066 4259 in
2088 4192 2193 4262 nobis
2210 4191 2325 4280 imago
2339 4190 2422 4263 Dei.
2471 4188 2570 4260 Haec

551 4312 642 4377 esse,
677 4293 755 4363 vult
774 4307 892 4380 gratos
913 4296 1089 4364 celebrare
1110 4289 1206 4364 hunc
1226 4317 1401 4367 summum
1432 4318 1535 4367 amo·
1585 4320 1665 4366 cum
1688 4307 1889 4365 reverenter
1908 4292 2125 4382 cogitantur,
2161 4292 2357 4391 accendunt
2379 4292 2568 4382 gratitudi-

550 4416 624 4464 rem
647 4416 727 4483 erga
744 4417 822 4468 nos.
878 4392 969 4466 Cum
992 4395 1156 4464 diabolus
1178 4389 1344 4466 horribili
1366 4396 1540 4481 odioDei,
1584 4420 1665 4467 nem
1681 4412 1715 4468 et
1729 4395 2001 4465 invocationem.

548 4496 851 4584 avulsissetgenus
866 4491 1063 4566 humanum
1085 4493 1216 4579 aDeo,
1243 4508 1278 4564 et
1302 4498 1440 4571 vicisset
1462 4493 1532 4568 ho·
1627 4489 1631 4500 ’
1684 4497 1746 4571 sl.
1777 4494 2007 4568 Considerata
2020 4496 2181 4566 doctrina
2196 4497 2241 4567 de
2263 4518 2411 4585 persona
2434 4497 2567 4565 media-

548 4597 678 4678 mines,
700 4592 1031 4667 ,rursushocmodo
1052 4592 1304 4666 redditurDeo
1325 4619 1435 4686 genus
1458 4591 1530 4669 hu·
1581 4600 1689 4689 toris,
1727 4599 1897 4668 beneficia
1922 4597 2027 4668 etiam
2053 4598 2141 4666 scire
2174 4619 2316 4666 necesse
2340 4611 2404 4669 est.
2464 4596 2566 4666 Grati

460 4748 473 4760 „
546 4713 689 4764 manum
702 4699 796 4767 facto
812 4699 969 4781 decreto,
990 4697 1136 4769 utlilius
1159 4698 1357 4767 adsumeret
1377 4722 1529 4769 massam
1580 4699 1809 4789 agnoscamus
1829 4712 1864 4769 et
1886 4698 2101 4771 celebremus
2123 4693 2190 4766 hoc
2208 4698 2334 4787 ingens
2357 4699 2564 4768 beneficium

543 4806 690 4864 naturae
707 4789 894 4870 humanae.
945 4797 992 4871 Et
1011 4820 1133 4868 rursus
1154 4820 1220 4891 per
1243 4792 1422 4867 hominem
1446 4800 1529 4872 vin·
1578 4796 1667 4886 Dei,
1692 4803 1788 4895 quod
1805 4801 1883 4871 vult
1895 4797 2087 4870 Ecclesiam
2101 4798 2219 4888 colligi
2233 4799 2428 4869 ministerio
2441 4797 2565 4868 Evan-

542 4893 634 4963 citur
645 4898 802 4986 potentia
817 4897 972 4985 diaboli,
993 4900 1084 4969 sieut
1106 4899 1223 4968 statim
1245 4898 1285 4967 in
1308 4900 1421 4988 prima
1441 4925 1526 4993 pro-
1577 4903 1679 4993 gelii,
1713 4902 1845 4973 scilicet
1869 4925 1955 4972 voce
1967 4896 2152 4989 Evangelii
2173 4899 2315 4989 audita,
2352 4923 2413 4971 seu
2428 4901 2515 4973 lecta
2531 4917 2565 4972 et

539 4995 707 5069 missione
722 4999 855 5072 dictum
872 5013 941 5073 ests
965 5000 1095 5076 Semen
1109 5000 1266 5072 mulieris
1287 5015 1444 5073 conteret
1465 5027 1524 5074 ca·
1576 5005 1745 5095 cogitata,
1776 5003 1861 5098 quia
1883 5024 2042 5093 expresse
2062 5002 2235 5092 scriptum
2264 5015 2332 5073 est:
2368 5001 2563 5101 Quomodo

530 5108 605 5189 ‘put
619 5101 801 5189 serpentis.
1574 5106 1722 5179 audient
1743 5107 1820 5176 sine
1841 5102 2091 5195 praedicante?
2138 5101 2242 5174 Item:
2270 5102 2387 5191 Quam
2411 5106 2559 5196 speciosi

635 5203 699 5308 21.
733 5202 805 5273 Nec
817 5205 914 5275 adest
928 5202 1075 5276 naturae
1089 5198 1265 5275 humanae
1283 5197 1392 5304 λόγος
1413 5230 1519 5300 qnam
1572 5221 1655 5278 sunt
1688 5210 1794 5300 pedes
1813 5202 2142 5301 Evangelizantium
2169 5205 2315 5296 pacem?
2367 5205 2406 5274 ld
2440 5218 2557 5271 antem

533 5301 725 5386 adsumsit,
745 5316 884 5379 tantum
909 5309 1093 5388 societate,
1118 5305 1211 5377 sicut
1229 5309 1326 5376 adest
1340 5304 1518 5393 Abrahae,
1571 5312 1806 5380 ministerium
1824 5304 2027 5377 immediate
2040 5302 2222 5378 inchoavit
2239 5308 2334 5375 lilius
2347 5303 2413 5377 Dei
2434 5297 2555 5398 λόγος,

532 5399 657 5489 lacob,
684 5397 889 5494 Prophetis,
909 5405 1215 5476 sieutNestoriani
1233 5396 1426 5495 lingebant:
1453 5411 1515 5479 sed
1569 5413 1751 5500 proferens
1772 5406 2008 5500 Evangelium
2030 5433 2072 5478 ex
2094 5409 2177 5478 sino
2199 5409 2331 5478 aeterni
2354 5404 2480 5497 patris,
2519 5420 2554 5473 et

436 5529 441 5537 ·
529 5505 615 5576 unio
632 5489 682 5578 est
698 5501 914 5602 hypostatica
929 5511 998 5577 τοῦ
1019 5498 1133 5601 λόγου
1156 5520 1189 5576 et
1213 5502 1386 5580 humanae
1409 5524 1514 5581 natu·
1566 5523 1608 5580 ut
1630 5523 1714 5581 tnnc
1737 5510 1842 5580 simul
1871 5525 1905 5581 et
1926 5510 2013 5581 foris
2037 5511 2182 5581 sonabat
2206 5531 2344 5591 rocem,
2382 5519 2416 5576 et
2443 5497 2553 5574 co‘rdu

527 5630 586 5678 rae
600 5624 792 5695 assumtae,
826 5621 866 5678 ut
882 5618 1036 5699 gestetur
1051 5601 1207 5675 humana
1222 5623 1347 5680 natura
1363 5636 1382 5680 a
1401 5613 1512 5681 verbo
1564 5613 1810 5701 perterrefacta
1852 5612 2052 5682 vivificabat
2095 5625 2295 5683 monstrans
2332 5607 2553 5676 voluntatem

524 5714 725 5785 nonsolum
742 5711 1042 5804 inseparabiliter,
1065 5710 1125 5778 sed
1151 5708 1199 5779 ita
1224 5709 1346 5799 etiam,
1371 5728 1411 5785 ut
1438 5713 1528 5789 nisi,
1562 5713 1695 5783 aeterni
1713 5713 1840 5804 patris,
1867 5728 1901 5786 et
1917 5711 2073 5806 Spiritus
2087 5708 2456 5793 sanctusaecendebat
2476 5709 2552 5779 lae-
