6025 6775
460 624 565 724 ¹247
969 612 1127 685 DECL.
1161 610 1233 683 DE
1266 610 1499 686 STUDllS
1531 606 1659 682 VET.
1694 608 2045 688 PHlLOSOPH.
2445 618 2522 695 248

501 796 599 865 nefas
619 793 684 876 sig,
709 803 802 861 mre
817 787 917 858 Plato
933 784 1070 855 censuit
1092 776 1315 879 σοφώτατον
1338 779 1485 883 ἀνάγκη
1536 806 1643 873 capax
1656 784 1868 868 earundem,
1892 783 2028 877 quaesi
2044 787 2155 871 desit,
2180 800 2219 857 ut
2234 787 2329 861 deest
2344 790 2520 879 plurimis,

497 893 566 969 τὸν
587 891 739 989 ἀληθῶς
762 878 1124 983 ἆοτρονόμον“είναι.
1183 884 1366 979 Quicquid
1387 888 1483 955 enim
1536 908 1705 977 quorsum
1727 883 1853 954 attinet
1874 885 2060 957 intendere
2084 912 2213 958 nervos
2243 903 2277 959 et
2302 891 2394 960 vires
2423 888 2519 961 nihil

497 999 612 1069 estin
637 988 983 1081 humana‘sapientia
1011 986 1201 1077 explicatae
1225 987 1425 1058 evidentiae
1451 1001 1485 1057 et
1535 986 1772 1056 effecturoset
1793 985 1988 1057 annixuros
2009 989 2160 1059 frustra:
2193 1014 2308 1083 neque
2330 992 2420 1063 foret
2439 1019 2458 1064 e
2480 1017 2519 1062 re

446 1163 449 1168 .
500 1102 587 1171 citra
616 1093 882 1183 ambiguitatem
905 1099 1018 1156 certae
1041 1111 1081 1156 ac
1105 1088 1243 1171 firmae,
1284 1084 1352 1157 hoc
1379 1113 1485 1159 omne
1535 1101 1638 1181 atque
1657 1111 1725 1156 usu
1748 1087 1805 1154 vel
1825 1102 1947 1159 nostro
1968 1090 2154 1181 privatim,
2195 1092 2252 1159 vel
2274 1088 2453 1163 Ecclesiae
2480 1118 2521 1163 ac

500 1198 726 1271 Astronomia
745 1186 984 1262 arithmeticos
1006 1200 1039 1257 et
1062 1190 1289 1277 geometricos
1305 1192 1484 1283 complexa
1533 1186 1785 1279 Reipublicae,
1824 1188 1863 1258 in
1887 1214 1962 1261 uno
1991 1184 2060 1261 hoc
2086 1191 2357 1280 disciplinarum
2385 1217 2523 1282 genere,

500 1306 616 1373 fontes
640 1293 839 1382 coniungit,
865 1302 899 1360 et
921 1292 964 1359 sd
979 1286 1046 1360 Dei
1069 1287 1251 1361 architecti
1277 1292 1484 1383 sapientiam
1534 1292 1632 1382 quod
1654 1302 1768 1361 totum
1791 1289 1861 1359 sibi
1884 1287 2068 1363 hominem
2093 1295 2137 1363 ab
2156 1294 2325 1363 omnibus
2352 1297 2435 1364 aliis
2458 1297 2524 1365 ab·

501 1400 745 1496 proferendam
764 1408 870 1487 atque
883 1391 1131 1461 illustrandam
1148 1393 1272 1477 relert,
1298 1405 1333 1462 et
1348 1417 1431 1463 vere
1446 1394 1484 1462 in
1534 1393 1680 1461 ductum
1695 1390 1802 1461 rebus
1816 1393 1976 1486 deposcit
1997 1418 2038 1463 ac
2066 1393 2248 1479 vendicat,
2279 1396 2419 1466 omissis
2440 1396 2523 1466 aliis

503 1504 565 1575 has
580 1514 669 1570 artes
684 1509 780 1585 grata
796 1490 926 1563 deDeu
941 1494 1034 1562 lama
1051 1516 1169 1583 sparsa
1185 1508 1248 1564 est.
1298 1491 1374 1564 Hae
1390 1496 1485 1587 ipsae
1534 1514 1791 1581 consenescere.

503 1624 642 1697 quoque
662 1612 844 1668 terrenum
860 1595 1046 1663 artificiosa
1063 1593 1287 1664 dimensione
1309 1619 1350 1664 ac
1364 1597 1484 1665 distri·
1638 1592 1819 1663 Praestare
1835 1593 1955 1686 itaque
1970 1595 2062 1671 atsi
2085 1619 2164 1664 cnm
2185 1598 2316 1669 iactura
2332 1598 2522 1668 defluentis

500 1703 648 1777 batione
668 1698 929 1790 descripserunt
950 1696 1093 1780 orbem,
1121 1708 1157 1766 et
1180 1697 1421 1787 perfecerunt,
1446 1709 1486 1767 ut
1536 1695 1725 1785 temporis,
1745 1695 1927 1784 pereuntis
1940 1721 2080 1787 operae,
2106 1711 2140 1767 et
2154 1700 2389 1788 neglectarum
2408 1698 2520 1768 inter-

503 1803 645 1899 depingi
660 1802 745 1873 scits
760 1799 958 1869 imitatione
971 1811 1076 1890 atque
1090 1797 1238 1888 exprimi
1256 1799 1405 1885 tabulis,
1428 1812 1487 1869 ut·
1532 1793 1575 1865 'ea
1599 1808 1814 1866 caeterarum
1836 1796 1967 1866 artium
1986 1800 2116 1870 trustra
2133 1800 2233 1870 sitin
2249 1824 2323 1871 uno
2346 1801 2521 1869 desudan-

501 1930 572 2001 qne
598 1929 672 1975 uno
694 1902 857 1973 contuitu
878 1922 967 1990 pene
989 1899 1160 1968 momenti
1188 1897 1305 1988 spacio
1328 1900 1486 1989 percurri
1536 1898 1622 1966 dum
1644 1911 1750 1990 atque
1773 1898 2052 1985 elaborandum,
2084 1913 2146 1970 aut
2173 1926 2248 1970 non
2277 1902 2449 1989 attingere
2475 1900 2525 1985 id,

503 2022 578 2081 tota
602 2007 657 2075 vel
674 2001 993 2074 minutissimorum
1016 2001 1174 2068 locorum
1196 1998 1347 2068 varietas
1372 2025 1412 2071 ac
1431 2001 1487 2069 di·
1537 2011 1598 2068 aut
1624 1998 1784 2068 velutin
1810 2012 2014 2070 transcursu
2040 2001 2156 2071 obiter
2188 2004 2376 2073 salutatum
2412 2000 2523 2069 relin-

502 2107 666 2189 versitas,
692 2106 765 2174 imo
785 2114 826 2172 nt
848 2114 921 2172 tota
936 2100 1183 2170 immensitatis
1197 2101 1322 2169 muudi
1339 2101 1418 2171 idea
1436 2103 1488 2171 ef·
1537 2122 1664 2192 quere,
1690 2113 1724 2170 ct
1746 2102 1790 2169 ad
1814 2100 1884 2169 alia
1907 2103 2120 2171 contendere
2139 2104 2303 2188 utiliora,
2335 2101 2521 2193 captuique

503 2209 590 2300 tingi
605 2209 743 2290 animo,
767 2217 801 2273 ct
818 2196 992 2272 machinis
1007 2193 1231 2292 αὐτομάτοις
1246 2204 1337 2271 miro
1354 2203 1487 2272 rotula·
1537 2202 1855 2272 accommodatiora
1876 2215 2008 2273 nostro.
2059 2203 2127 2274 llis
2147 2204 2209 2297 qui
2231 2205 2315 2275 talia
2335 2203 2522 2284 obiiciunt,

503 2337 582 2383 rum
596 2333 690 2378 nexu
706 2305 876 2396 coaptatis
886 2303 1139 2391 repraesentari
1155 2316 1271 2371 motus
1285 2305 1486 2374 coelestium
1538 2301 1760 2374 Platonicum
1779 2304 1868 2372 illud
1883 2327 2042 2395 oppono:
2071 2309 2196 2376 ταῦτα
2217 2297 2415 2396 ξύμπαντα
2438 2299 2517 2394 οὐχ’

502 2434 692 2504 corporum
713 2406 862 2500 possint.
907 2401 982 2472 Has
1003 2405 1032 2472 si
1058 2403 1130 2473 alas
1145 2404 1273 2472 animis
1290 2427 1487 2475 accommo-
1537 2400 1588 2485 ὥς
1612 2400 1803 2499 ἀκριβείας
1825 2398 2002 2498 ἐχόμενα,
2029 2401 2089 2477 δεῖ
2108 2402 2301 2478 διαπονεῖν
2322 2401 2411 2483 τοὺς
2431 2395 2521 2475 πόλ-

505 2513 669 2585 (laveritis
693 2508 818 2579 vestris
840 2528 914 2574 non
935 2501 1209 2574 Dedalaeacera
1241 2520 1394 2591 assutas,
1426 2509 1485 2575 sed
1537 2507 1644 2594 λους,
1670 2502 1765 2576 ἀλλὰ
1785 2502 1891 2586 τίνας
1912 2503 2068 2605 ὀλίγους.
2124 2511 2188 2602 Τῷ
2207 2502 2342 2600 πλήθει
2361 2500 2422 2590 δὲ,
2449 2500 2522 2575 ὅσα

505 2615 618 2686 solida
633 2609 834 2700 cognitione
851 2606 1083 2695 agglutinatas
1105 2619 1138 2675 et
1158 2606 1331 2691 firmatas,
1356 2632 1430 2676 non
1447 2622 1488 2678 ut
1537 2604 1666 2678 αὐτῶν
1690 2604 1900 2704 ἀναγκαῖα,
1933 2605 1998 2679 καὶ
2018 2613 2096 2689 πῶς
2114 2603 2307 2705 ὀρθότατα
2326 2605 2446 2705 λέγετε
2466 2601 2521 2699 μὴ

506 2710 761 2804 Aristophanes
776 2708 869 2779 ludit
883 2707 993 2778 saltus
1008 2706 1202 2777 metiemini
1221 2708 1399 2797 pulicum,
1423 2711 1485 2779 sed
1537 2704 1760 2780 ἐπίστασθαι
1790 2702 1862 2799 μὲν
1892 2712 1971 2789 τοῖς
2003 2712 2149 2791 πολλοῖς
2181 2712 2349 2803 αίσχρον.
2421 2706 2522 2776 llaec

504 2816 788 2906 remigioearum
804 2808 1250 2921 quotiescunqueslibuerit
1272 2824 1306 2880 ct
1324 2812 1486 2903 quando-
1536 2810 1669 2893 omnia,
1715 2810 1831 2902 inquit
1869 2811 1913 2876 de
1945 2807 2201 2897 Aritltmetica‚
2239 2809 2443 2882 Geometria
2487 2820 2523 2880 et

504 2940 643 3010 cunque
658 2914 766 2984 luerit
778 2933 885 3002 opus,
911 2925 986 2982 tum
1006 2910 1045 2978 in
1062 2911 1199 2980 coelum
1222 2910 1416 2981 efferamini
1441 2914 1485 2982 ad
1536 2909 1765 2982 Astronomia
1799 2912 1992 2995 disserens,
2028 2936 2101 2980 non
2133 2926 2250 2983 exacte
2276 2911 2379 2982 multi
2400 2909 2521 3003 perdi-

504 3011 693 3113 αὖτοιμίαν
715 3007 1034 3105 pulcherrimorum
1055 3036 1263 3104 corporum,
1296 3038 1386 3105 quae
1409 3014 1485 3082 sine
1536 3025 1649 3097 scent,
1674 3016 1733 3082 sed
1756 3013 1870 3104 pauci.

502 3121 573 3189 illis
595 3142 668 3188 non
688 3115 821 3186 maiore
837 3137 917 3184 cum
941 3112 1174 3183 admiratione
1196 3128 1229 3182 et
1252 3114 1485 3204 intelligentia
1636 3112 1826 3208 Reliquam
1842 3114 2105 3184 multitudinem
2115 3139 2205 3208 quac
2219 3114 2411 3208 perassaria
2426 3127 2521 3198 sunt,

502 3220 677 3315 aspicitis,
697 3240 801 3311 quam
819 3215 1026 3286 intuebatur
1037 3215 1134 3283 canis
1149 3212 1343 3306 Aesopicns
1363 3216 1486 3309 exqui-
1536 3214 1799 3310 rectissimeque
1822 3217 1991 3286 dicuntur
2013 3230 2116 3307 turpe
2139 3232 2194 3288 est
2215 3218 2362 3288 nescire.
2412 3212 2521 3286 Initia

503 3326 567 3396 site
581 3322 711 3414 pictam
728 3318 914 3402 tabellam,
940 3331 1014 3387 turn
1033 3315 1073 3382 in
1088 3311 1316 3387 historiarum
1337 3317 1487 3389 lectione
1537 3311 1665 3389 harum
1687 3320 1816 3391 artium
1841 3341 1942 3405 vera,
1966 3331 2061 3390 recte
2082 3319 2271 3412 explicata,
2301 3316 2523 3411 respicientia

503 3440 563 3496 aut
583 3419 934 3502 commemoratione,
960 3440 1038 3485 cnm
1054 3419 1151 3486 sedes
1167 3419 1370 3489 indicantur
1386 3446 1488 3490 verae
1538 3421 1874 3506 demonstrationes,
1899 3435 1959 3491 aut
1984 3445 2025 3492 ex
2050 3421 2390 3493 demonstrationum
2406 3418 2520 3488 sonti-

501 3522 678 3595 Ecclesiae
692 3532 725 3589 et
740 3519 814 3587 loca
830 3540 947 3586 rerum
963 3529 1150 3604 gestarum,
1176 3520 1409 3607 rapidissimis
1426 3548 1487 3590 co·
1537 3523 1604 3616 bus
1622 3519 1821 3594 methodica
1837 3523 1927 3591 serie
1942 3524 2110 3609 deducta,
2135 3525 2254 3618 qualia
2270 3522 2309 3592 in
2324 3521 2427 3592 libris
2434 3515 2520 3590 Ele-

504 3622 716 3713 gitationum
733 3619 905 3701 motibus,
930 3631 966 3687 et
987 3617 1097 3685 maria
1118 3621 1306 3689 tranabitis
1329 3636 1366 3693 et
1389 3623 1487 3692 orbis
1535 3637 1735 3692 mentorum
1749 3621 1909 3692 Euclidis
1924 3625 2133 3706 traduntur,
2160 3639 2193 3694 et
2212 3623 2522 3716 praeceptionibus

503 3723 633 3796 terreni
648 3716 927 3813 pervagabimini
943 3717 1228 3808 amplitudinem.
1534 3718 1766 3793 arithmeticis
1794 3723 1839 3790 de
1867 3722 2053 3811 praecipua
2083 3746 2314 3791 numerorum
2348 3725 2522 3807 doctrina,

539 3832 543 3843 '
606 3819 746 3893 Omitto
763 3818 1012 3891 Astronomiae
1028 3822 1207 3908 encomia,
1232 3836 1267 3894 et
1282 3847 1485 3916 percensere
1534 3839 1568 3896 et
1584 3823 1702 3917 qualia
1717 3824 1757 3892 in
1773 3821 1999 3893 Ptolemaicis
2019 3821 2159 3913 scriptis
2175 3821 2232 3892 vel
2251 3822 2389 3893 usitatis
2412 3822 2519 3889 libel-

502 3926 626 3997 desino
638 3923 792 4017 reliquas
807 3934 917 4006 artes,
942 3945 1092 4013 quarum
1115 3921 1255 4018 aliquae
1276 3951 1317 3996 ex
1343 3922 1399 3996 bis
1421 3952 1484 3998 ceu
1533 3926 1579 3995 lis
1593 3921 1838 4020 hypotheseon
1851 3921 1969 3994 Procli
1985 3919 2303 4006 auttheoriarum,
2329 3946 2369 3992 ac
2382 3919 2517 3991 doctri·

501 4054 543 4099 ex
555 4024 716 4098 fontibus
731 4023 838 4093 rivuli
855 4022 1049 4110 derivatae,
1074 4019 1132 4094 his
1145 4027 1294 4097 sublatis
1309 4052 1483 4100 exarescc·
1536 4053 1601 4099 nac
1622 4023 1806 4121 sphericac
1825 4028 1869 4096 de
1885 4027 2001 4115 primo
2013 4038 2115 4096 motu
2135 4050 2177 4096 cx
2192 4022 2415 4097 Ptolemaicis
2433 4022 2517 4091 lon-

499 4130 579 4201 rcnt
597 4126 760 4220 protinus
783 4149 823 4194 ac
840 4123 1047 4208 deficerent,
1077 4141 1116 4197 ut
1138 4125 1362 4205 mechanicae
1383 4145 1485 4216 artes,
1535 4132 1630 4201 tibus
1644 4131 1688 4201 ad
1707 4154 1786 4201 enm
1802 4141 1886 4197 sunt
1900 4125 2056 4218 exposita
2075 4130 2232 4212 modum,
2256 4142 2296 4199 ut
2309 4126 2352 4197 ad
2367 4126 2517 4195 demon-

501 4225 666 4315 ὀπτικαὶ,
699 4221 960 4321 κατοπτρικαί,
1000 4224 1236 4326 μεωδοτικαί,
1274 4227 1483 4317 κανονικοὶ,
1533 4227 1722 4304 stratioues
1736 4231 1919 4315 alludant,
1946 4229 2080 4322 percipi
2105 4231 2181 4300 sine
2204 4218 2278 4300 ullo
2302 4250 2429 4317 magno
2452 4249 2516 4295 ne·

500 4324 704 4433 loytnrtxoi
726 4344 760 4400 et
781 4329 887 4399 aliae:
919 4326 1073 4423 Aliquae
1093 4333 1164 4403 alio
1186 4329 1240 4404 his
1263 4334 1484 4425 cognationis
1533 4334 1632 4425 goeio
1647 4345 1813 4431 possunt,
1837 4333 1931 4400 etin
1955 4331 2137 4401 communi
2151 4332 2223 4403 vita
2239 4356 2279 4402 ac
2301 4327 2445 4401 caeteris
2460 4349 2517 4396 ar-

500 4437 645 4506 vinculo
663 4432 864 4516 devinctae,
889 4429 918 4499 si
941 4430 1155 4501 adiumentis
1170 4458 1260 4526 quae
1280 4437 1365 4505 inde
1385 4459 1483 4506 assu·
1533 4436 1628 4509 tibus
1645 4459 1749 4506 nsum
1766 4429 1918 4516 habeut,
1943 4447 1977 4505 et
1990 4434 2153 4523 cognosci
2169 4434 2214 4503 ab
2229 4432 2397 4510 omnibus
2411 4440 2516 4511 recte,

499 4551 601 4606 munt
614 4536 870 4626 spoliarentur,
894 4531 1095 4602 amitterent
1111 4547 1146 4605 et
1158 4536 1416 4624 perspicuitatis
1429 4551 1483 4608 at·
1533 4539 1668 4629 integre
1690 4560 1731 4606 ac
1753 4523 1867 4606 solide
1888 4535 2018 4604 debent
2047 4558 2088 4604 ex
2114 4535 2187 4605 illis
2212 4534 2335 4622 libris,
2371 4556 2446 4603 non
2475 4555 2516 4600 ex

501 4659 569 4728 qne
593 4636 792 4705 evidentiae
811 4657 894 4704 snae
914 4633 1055 4719 lumen,
1077 4648 1113 4706 et
1133 4636 1333 4708 stabilitatis
1349 4639 1484 4729 praesi-
1532 4641 1668 4732 inepta,
1692 4661 1781 4731 quae
1797 4637 1905 4727 vulgo
1923 4630 2222 4711 scholasticorum
2243 4635 2410 4709 manibus
2431 4632 2516 4705 teri-

500 4737 613 4818 dium,
638 4750 671 4806 et
684 4758 845 4803 normam
861 4735 1096 4808 certitudinis.
1129 4732 1294 4829 Denique
1308 4735 1400 4832 πρὸς
1412 4744 1478 4810 πᾶ·
1532 4756 1591 4814 tur
1605 4739 1854 4835 quaestionum
1868 4736 2056 4827 farragine,
2070 4732 2201 4831 quibus
2215 4740 2389 4811 evacuatis
2402 4735 2517 4806 scien·

500 4857 567 4916 σας
594 4826 778 4925 μαθήσεις
804 4830 898 4905 cioca
920 4827 1072 4905 κάλλιον
1095 4829 1346 4929 ἀποδέχεσθαι
1374 4839 1483 4932 ἴσμεν
1530 4844 1578 4915 tia
1603 4841 1733 4912 desinit
1755 4839 1873 4911 omnis
1888 4862 1928 4908 ac
1944 4838 2071 4912 delicit.
2124 4837 2248 4932 Turpe
2265 4855 2317 4912 est
2333 4835 2517 4911 homiuem

392 4968 396 4973 ·
500 4941 573 5010 ποῦ
589 4931 645 5008 ὅτι
661 4937 715 5029 τῷ
738 4929 813 5029 ὅλῳ
835 4929 899 5004 καὶ
920 4927 1032 5038 πάντι
1053 4930 1183 5010 διοίσει
1203 4933 1367 5033 ἡμμένος
1389 4966 1482 5039 γειο-
1531 4941 1778 5016 scholasticum
1812 4953 1872 5012 aut
1897 4963 2080 5032 nunquam
2112 4942 2271 5013 attollere
2304 4943 2343 5013 in
2377 4940 2516 5014 coelum

498 5035 649 5132 μετρίας
682 5030 746 5107 καὶ
775 5028 854 5129 μὴ,
907 5047 947 5106 ut
978 5040 1182 5129 gravissime
1216 5040 1318 5115 Plato
1353 5043 1482 5137 inquit.
1532 5046 1671 5128 oculos,
1693 5045 1823 5116 autvel
1846 5042 2029 5114 oscitantia
2050 5043 2114 5112 tali
2135 5068 2174 5112 ac
2200 5044 2434 5135 negligentia,
2459 5040 2513 5110 vel

498 5138 605 5229 Quod
622 5138 686 5208 etsi
700 5127 1000 5236 παραδοξότερον
1014 5142 1211 5231 videbitur,
1238 5159 1354 5217 tamen
1371 5147 1482 5216 veris-
1531 5141 1892 5241 drutodqoiqtauta,
1913 5143 2145 5216 circumvecta
2160 5149 2341 5238 perpetuis
2359 5142 2512 5228 motibus

497 5241 626 5311 simum
640 5253 703 5312 est·
1532 5250 1621 5320 coeli
1651 5272 1799 5339 corpora
1831 5260 1865 5318 et
1892 5245 2131 5318 illucescentia
2158 5249 2367 5340 quotidiano
2389 5254 2511 5315 exortu

599 5341 669 5413 Sed
685 5361 799 5432 neque
813 5340 953 5435 inquies
968 5368 1075 5437 opera
1093 5348 1214 5416 eadem
1232 5371 1273 5417 ac
1289 5348 1482 5420 foelicitate
1531 5352 1652 5433 terris,
1686 5351 1906 5442 extinctaque
1929 5369 2053 5418 rursus
2071 5350 2241 5421 decubitu
2261 5345 2440 5429 contueri,
2471 5357 2511 5415 ut

495 5443 746 5535 perdiscuntur
759 5439 1131 5547 artcsmathcmaticae
1145 5470 1214 5538 qua
1231 5460 1396 5535 caeterae,
1419 5451 1481 5520 sed
1531 5477 1577 5522 ne
1593 5453 1700 5523 semel
1716 5452 1861 5544 quidem
1876 5451 1920 5519 de
1942 5449 2092 5521 eruditis
2115 5475 2155 5520 ac
2179 5451 2271 5521 veris
2291 5447 2404 5518 causis
2427 5470 2510 5538 per·

495 5558 530 5616 et
545 5544 703 5617 studium
720 5541 906 5635 requirunt
921 5543 1086 5632 longum,
1109 5547 1289 5618 assiduum
1305 5564 1409 5644 atque
1425 5549 1482 5621 in-
1532 5569 1658 5645 petuae
1676 5551 1930 5622 vicissitudinis
1944 5552 2081 5622 dicrum
2098 5567 2133 5622 et
2147 5551 2303 5621 noctium
2320 5571 2511 5638 augescen-

496 5659 656 5728 tcntum,
682 5642 835 5715 etmulti
852 5645 1021 5735 temporis
1042 5662 1240 5719 accuratam
1262 5653 1481 5725 exercitatio·
1529 5657 1619 5728 tium
1634 5679 1673 5726 ac
1687 5653 1928 5741 deficientium
1942 5667 2028 5725 stata
2046 5655 2138 5744 lege,
2171 5649 2377 5742 permutatis
2402 5651 2512 5722 alter·

375 5770 379 5777 ·
495 5769 594 5818 nem:
636 5768 752 5842 neque
780 5743 957 5836 contingit
980 5744 1148 5819 omnibus
1167 5748 1316 5822 facultas
1346 5752 1480 5843 ingenii
1529 5756 1642 5829 natim
1663 5752 1820 5842 vicibus,
1858 5757 1973 5849 deque
1993 5753 2079 5826 anni
2100 5753 2239 5825 ratione
2256 5752 2510 5848 quadrifariam

1097 5982 1113 6020 ›-
