6025 6775
600 649 677 727 stu
1021 580 1028 594 ’
1111 634 1271 711 ouon.
1315 637 2122 719 uuu1caorauu1arnas.1v.
2560 655 2638 728 um

604 825 678 914 riae
706 838 903 889 successum
936 810 1140 894 liberalior,
1176 810 1248 879 suis
1270 812 1475 895 distribuit,
1508 837 1596 907 quus
1754 812 1871 902 Quam
1889 837 1974 884 vero
1989 816 2082 888 tristi
2102 830 2136 889 et
2150 831 2239 889 tetra
2257 821 2408 912 imagine
2428 848 2465 894 se
2481 826 2556 915 ipse
2571 827 2637 895 de-

604 923 710 995 unice
734 919 868 1009 diligit,
901 938 966 1007 pro
993 911 1122 1007 quihus
1142 925 1241 983 tanta
1263 916 1419 1005 pericula
1445 930 1479 986 et
1503 917 1595 985 mala
1648 916 1779 1010 format
1800 928 1833 984 et
1858 915 1980 985 abiicit
2002 915 2154 1003 Paulus,
2185 945 2265 991 cum
2285 940 2436 996 sevocat
2452 924 2637 1021 ἕκτρωμα,

608 1025 717 1097 subiit
734 1036 767 1092 et
786 1015 978 1091 sustinuit?
1650 1012 1717 1086 hoc
1732 1029 1801 1099 est,
1824 1015 2054 1088 immaturum
2078 1033 2113 1089 et
2132 1022 2377 1113 imperfectum
2397 1028 2549 1114 foetum,
2573 1051 2637 1098 seu

710 1122 838 1204 Dedit,
861 1115 979 1208 inquit
992 1113 1144 1198 Paulus,
1167 1116 1256 1188 alios
1271 1112 1483 1207 Apostolos,
1508 1117 1598 1186 alios
1650 1117 1781 1187 molam
1795 1117 1920 1188 abortu
1937 1117 2108 1190 eiectam?

607 1222 822 1317 Prophetas,
866 1217 955 1287 alios
987 1214 1251 1306 Evangelistas,
1294 1219 1384 1288 alios
1422 1217 1597 1302 Pastores,
1752 1217 1963 1290 Talescum
1982 1244 2018 1289 se
2034 1221 2129 1315 ipsus
2146 1247 2219 1294 esse
2240 1227 2361 1297 dicant
2377 1228 2446 1318 ipsi
2461 1218 2639 1320 Apostoli,
2681 1227 2686 1235 ”

610 1331 699 1401 alios
721 1329 905 1396 Doctores.
1107 1321 1111 1326 ’
1652 1320 1715 1413 qui
1729 1320 1823 1390 inter
1838 1320 1900 1389 illa
1916 1323 2012 1392 duna
2035 1321 2261 1417 triumphalia
2279 1329 2385 1419 primi
2400 1338 2639 1415 recensentur,

710 1424 885 1495 Haeccine
900 1420 1060 1491 suntilla
1076 1420 1211 1510 egregia
1226 1421 1340 1503 dona,
1366 1422 1598 1512 quaeexalto
1652 1421 1737 1514 quid
1771 1423 1815 1489 de
1846 1422 1993 1515 reliquis
2019 1426 2241 1497 sentiendum
2268 1442 2338 1520 est,
2372 1427 2580 1516 Pastoribus
2605 1447 2640 1503 et

610 1531 861 1607 conferuntur,
893 1547 913 1592 a
936 1537 1008 1592 tam
1030 1535 1192 1613 putente,
1227 1522 1433 1610 magnifico,
1458 1522 1599 1591 liberali
1651 1520 1886 1606 Ductoribus,
1911 1526 1973 1616 qui
1988 1549 2063 1595 nun
2079 1528 2151 1596 illis
2171 1530 2279 1600 tantis
2292 1531 2396 1601 donis
2416 1531 2562 1621 spiritus
2578 1559 2640 1605 or·

608 1623 866 1721 triumphatore
885 1620 1049 1707 Christo,
1080 1625 1223 1693 sedente
1245 1625 1290 1692 ad
1306 1624 1464 1693 dextram
1485 1638 1599 1693 aeter·
1652 1626 1727 1695 nati
1740 1628 1849 1694 sunt?
2194 1656 2196 1661 ·

609 1735 649 1805 ni
661 1731 790 1824 patris,
817 1741 853 1798 et
866 1728 975 1795 verbo
993 1726 1170 1816 potentiae
1184 1747 1267 1794 suae
1284 1724 1403 1794 omnia
1420 1725 1599 1794 sustinen·
1753 1724 1889 1794 Mirum
1909 1727 2017 1817 igitur
2035 1721 2149 1799 videri
2165 1746 2296 1823 potest,
2323 1757 2387 1804 cur
2403 1737 2530 1806 audeat
2545 1736 2641 1809 Pau·

611 1836 670 1909 te?
722 1829 782 1902 An
805 1826 865 1899 hic
887 1830 1023 1897 fructus
1043 1827 1158 1895 omnis
1183 1839 1219 1895 et
1232 1825 1313 1894 linis
1329 1827 1487 1896 universi
1503 1827 1600 1896 illius
1652 1827 1709 1895 lus
1740 1821 1804 1895 hus
1836 1827 2002 1909 miseros,
2043 1854 2290 1919 aerumnosos,
2321 1836 2574 1908 abiectissimus
2605 1854 2643 1910 et

611 1935 698 2009 belli
723 1931 859 2003 censeri
884 1930 1006 2011 debet,
1032 1919 1145 2019 'quud
1174 1928 1269 1996 filius
1301 1925 1367 1996 Dei
1393 1942 1491 1998 tantu
1519 1952 1598 1998 cum
1652 1929 1974 2019 contemptissimus
1995 1924 2159 2002 homines
2176 1959 2301 2006 vocare
2324 1939 2417 2026 dona
2443 1940 2525 2025 illa,
2551 1964 2642 2032 quae

610 2035 797 2109 molimine
816 2031 919 2121 gessit
937 2052 1015 2097 cum
1035 2022 1198 2097 hostibus
1213 2031 1351 2117 generis
1369 2023 1538 2113 humani,
1562 2032 1601 2097 in
1653 2024 1712 2096 hic
1734 2041 1852 2121 tantus
1872 2031 1986 2100 victor
2006 2046 2041 2102 et
2067 2032 2305 2126 triumphator
2321 2036 2496 2112 Dominus
2520 2055 2641 2113 noster

613 2164 684 2235 quo
712 2147 822 2203 morte
852 2133 964 2221 ipsius
996 2128 1145 2198 victoria
1171 2142 1271 2220 parta
1299 2130 1375 2198 est?
1424 2128 1484 2199 An
1515 2126 1602 2202 haec
1656 2129 1752 2199 lesus
1763 2125 1925 2201 Christus
1943 2156 2006 2201 ceu
2020 2138 2226 2226 praecipuas
2239 2143 2426 2212 manubias
2437 2157 2471 2212 et
2485 2144 2639 2214 fructum

614 2244 690 2313 sula
711 2236 848 2308 utilitas
870 2258 911 2302 ex
933 2245 1005 2300 tarn
1027 2230 1157 2299 celebri
1178 2231 1344 2310 victoria,
1372 2244 1499 2302 ettam
1525 2234 1603 2323 glo-
1655 2231 1764 2301 totius
1786 2234 1874 2321 gesti
1896 2258 1914 2302 a
1933 2256 1969 2302 se
1991 2234 2098 2320 belli,
2132 2239 2300 2309 victoriae
2324 2258 2360 2314 et
2394 2239 2569 2336 triumphi
2584 2246 2641 2314 sui

612 2345 707 2414 rioso
725 2328 904 2425 triumpho
920 2331 985 2399 lilii
996 2331 1061 2401 Dei
1076 2332 1251 2422 expectari
1266 2333 1386 2410 debet,
1414 2332 1548 2402 scilicet
1563 2348 1604 2403 ut
1656 2334 1751 2403 inter
1766 2327 1930 2403 homines
1946 2337 2161 2410 distribuat,
2632 2398 2634 2402 ,

615 2446 686 2514 sint
701 2444 796 2510 inter
811 2432 974 2505 homines
989 2432 1050 2501 alii
1069 2430 1246 2524 Apostoli,
1268 2434 1331 2501 alii
1345 2431 1518 2516 Pastores,
1540 2435 1603 2503 alii
1758 2432 1828 2504 Sed
1842 2449 2035 2505 statuamus
2048 2438 2252 2526 gravissimo
2268 2444 2417 2513 consilio
2425 2444 2576 2518 Paulum
2593 2450 2643 2517 ita

502 2576 512 2583 >⁴
615 2547 796 2618 Ductores.
1656 2530 1752 2604 hunc
1774 2531 1923 2604 Davidis
1949 2538 2365 2632 lucuminterpretatum
2396 2570 2487 2627 esse,
2519 2563 2561 2619 ut
2580 2574 2644 2639 per

717 2642 817 2733 Quid
839 2661 923 2707 vero
946 2636 1013 2726 ipsi
1029 2634 1194 2728 Apostoli
1215 2649 1316 2722 sunt,
1339 2638 1400 2728 qui
1416 2635 1511 2705 inter
1527 2630 1604 2716 hos,
1655 2637 1717 2704 illa
1742 2637 1901 2705 eoelestia
1923 2640 2037 2723 dona,
2068 2664 2158 2732 quae
2179 2645 2291 2715 victor
2314 2644 2494 2718 Dominus
2522 2665 2645 2721 noster

619 2770 707 2842 quos
737 2741 871 2813 Paulus
901 2737 1078 2829 praedicat
1106 2761 1179 2807 ease
1213 2741 1307 2808 duna
1334 2733 1606 2829 triumphatoris
1657 2735 1754 2806 lesus
1768 2732 1930 2808 Christus
1945 2740 1984 2806 in
2000 2742 2138 2811 coelum
2151 2759 2307 2815 revectus
2320 2750 2568 2820 distribuenda
2584 2776 2645 2823 ac-

617 2845 769 2929 Christi,
795 2840 901 2934 primi
914 2853 1164 2924 numerantur,
1189 2855 1224 2912 et
1239 2840 1342 2910 dunis
1355 2840 1559 2929 linguarum
1572 2851 1606 2909 et
1657 2838 1748 2927 cepit
1765 2832 1990 2924 huminibus,
2018 2842 2193 2933 intelligat
2208 2840 2414 2937 Apostolos,
2437 2849 2646 2943 Prophetas,

615 2947 840 3024 sanationum
857 2940 1058 3012 etaliurum
1073 2941 1326 3010 miraculorum
1350 2942 1524 3010 divinitus
1546 2964 1605 3007 ur·
1657 2939 1819 3009 Pastores
1837 2940 2068 3011 etDoctores.
2118 2944 2269 3015 Causam
2287 2948 2393 3035 igitur
2409 2947 2515 3024 huius
2532 2957 2646 3026 inter-

617 3052 692 3121 nati
709 3043 905 3117 excellunt?
957 3040 1056 3129 Quid
1078 3056 1162 3111 sunt
1184 3044 1329 3135 inquam
1351 3041 1407 3108 illi
1423 3042 1490 3132 ipsi
1505 3036 1606 3131 Apo-
1658 3041 1865 3132 prelationis
1881 3065 2100 3133 quaeramus.
2127 3110 2131 3122 ,
2154 3045 2206 3116 lta
2222 3048 2282 3119 liet
2296 3047 2484 3125 etDavidis
2498 3060 2646 3145 dictum,

616 3151 723 3224 stuli?
764 3147 836 3218 nisi
849 3138 1015 3213 homines
1036 3145 1218 3213 cummuni
1238 3155 1331 3211 sorte
1345 3142 1454 3212 totius
1469 3142 1606 3231 generis
1657 3156 1690 3212 et
1704 3140 1808 3211 Pauli
1822 3144 2012 3212 declaratio
2030 3144 2214 3217 illustrior.

572 3317 578 3330 ,
617 3251 767 3325 humaui
805 3245 1027 3329 aerumnosi,
1071 3245 1231 3335 fragiles,
1275 3244 1454 3315 mortales.
1527 3242 1605 3312 lmo
1758 3241 1893 3311 Notum
1918 3257 1969 3313 est
1992 3246 2030 3313 in
2051 3243 2229 3339 Ecclesia,
2256 3256 2438 3342 quomodo
2460 3259 2570 3348 primi
2583 3283 2646 3351 pa.

618 3356 706 3453 quid
725 3348 922 3443 ,Apostolus
941 3344 1074 3416 Paulus
1096 3346 1140 3416 de
1155 3369 1191 3416 se
1208 3359 1243 3416 et
1262 3343 1405 3435 collegis
1422 3345 1514 3431 suis,
1539 3338 1607 3413 hoe
1658 3356 1775 3415 rentes
1792 3345 2021 3417 circumventi
2035 3346 2178 3419 insidiis
2193 3353 2386 3425 saevissimi
2401 3356 2647 3432 latronisDia.

620 3473 691 3542 est,
741 3455 785 3523 de
818 3445 1000 3541 Apostolis
1033 3447 1210 3517 universis
1245 3448 1351 3516 sentit
1384 3460 1419 3517 et
1459 3445 1608 3517 scribit?
1658 3447 1754 3532 boli,
1779 3459 1814 3516 et
1835 3447 1976 3537 spoliati
1999 3448 2071 3519 sint
2093 3450 2165 3521 illis
2181 3453 2389 3533 coelestibus
2403 3458 2530 3543 bunis,
2555 3485 2648 3552 quae

529 3565 532 3571 ’
623 3564 658 3631 1.
679 3547 843 3627 Corinth.
866 3552 902 3624 4.
939 3548 1098 3640 depingit
1117 3572 1220 3618 suum
1240 3547 1427 3638 collegium
1442 3547 1608 3633 ‚mirificis
1660 3549 1705 3618 ad
1720 3548 1909 3636 imaginem
1920 3548 1986 3617 Dei
2001 3550 2164 3636 formati,
2187 3554 2225 3620 in
2241 3558 2419 3629 creatione
2432 3579 2649 3651 acceperant,

569 3687 572 3693 ·
620 3658 818 3739 coloribus,
855 3651 1089 3721 miserrimam
1119 3650 1362 3719 conditionem
1389 3663 1423 3719 et
1446 3648 1608 3719 tristissi-
1659 3661 1693 3717 et
1716 3649 1862 3736 insuper
1889 3650 2037 3716 sauciati
2064 3650 2135 3719 sint
2159 3653 2418 3727 incurabilibus
2442 3677 2479 3731 et
2504 3686 2648 3753 prorsus

621 3755 882 3849 mamspeciem
906 3775 979 3823 esse
1001 3775 1219 3821 summorum
1237 3753 1275 3820 iu
1291 3747 1465 3835 Ecclesia,
1489 3764 1608 3820 osten·
1659 3742 1850 3816 lethalibus
1877 3747 2094 3818 vulneribus.
2159 3749 2230 3818 Sed
2263 3753 2357 3820 filios
2379 3754 2448 3825 Dei
2475 3764 2649 3834 immensa

622 3865 728 3945 dens,
753 3882 832 3929 rum
849 3856 949 3925 dicit:
977 3852 1068 3925 Puto
1083 3868 1201 3929 autem
1217 3855 1311 3947 quod
1323 3854 1420 3922 Deus
1435 3875 1500 3922 nos
1509 3849 1609 3944 Apo-
1660 3849 1819 3918 bonitate
1840 3847 2004 3916 misertus
2029 3848 2166 3935 generis
2191 3845 2357 3936 humani,
2388 3855 2437 3924 ita
2460 3861 2562 3930 foede
2583 3868 2650 3933 de-

623 3965 731 4034 stolus
758 3958 970 4030 novissimos
1000 3957 1153 4025 ostendit
1180 3980 1243 4026 ceu
1273 3956 1381 4026 morti
1405 3954 1609 4037 destinatos,
1660 3949 1804 4020 formati
1827 3961 1861 4018 et
1884 3949 1998 4017 avulsi
2018 3945 2147 4033 aDeo,
2169 3950 2256 4018 etin
2273 3967 2454 4024 aeternum
2471 3984 2649 4034 carcerem

624 4067 707 4161 quia
729 4060 963 4154 spectaculum
981 4058 1064 4128 facti
1084 4081 1205 4128 sumus
1226 4057 1386 4139 Mundo,
1411 4071 1445 4126 et
1461 4055 1623 4146 Angelis.
1663 4053 1735 4122 irae
1765 4048 1851 4135 Dei,
1884 4065 1918 4121 et
1948 4049 2073 4119 mortis
2102 4050 2259 4119 conclusi
2287 4053 2332 4122 ab
2355 4049 2456 4127 hoste
2478 4062 2651 4152 Diabolo,

623 4183 658 4239 et
682 4163 909 4237 Hominibus.
966 4159 1041 4229 Nos
1062 4160 1163 4232 stulti
1192 4184 1311 4233 sumus
1336 4172 1480 4253 propter
1502 4153 1611 4227 Chri·
1662 4155 1742 4221 ideo
1777 4144 1968 4217 humanam
2003 4163 2168 4218 naturam
2201 4155 2405 4245 assumpsit,
2443 4162 2651 4239 ut'in'flicta

623 4284 737 4353 stum,
762 4288 829 4336 „05
843 4263 993 4347 infirmi,
1019 4265 1230 4354 contempti,
1255 4263 1432 4347 famelici,
1456 4259 1611 4329 sitibun.
1663 4253 1809 4365 vulnera
1834 4262 1990 4330 sanaret,
2017 4262 2050 4318 et
2072 4249 2165 4319 bona
2189 4255 2293 4323 nubis
2316 4256 2504 4333 aDiabolo
2521 4279 2651 4359 erepta,

623 4372 678 4458 di,
702 4370 808 4453 nudi,
834 4364 1059 4436 contumeliis
1076 4366 1236 4433 omnium
1253 4365 1421 4455 expositi,
1445 4369 1630 4444 vagantes.
1662 4360 1874 4419 restatueret.

622 4473 765 4544 incertis
775 4469 928 4552 sedibus,
955 4478 1161 4558 quaerentes
1175 4466 1279 4532 nubis
1293 4465 1424 4530 victum
1439 4477 1610 4524 manuum
1764 4447 1862 4518 Haec
1885 4449 1979 4518 bona
2003 4466 2101 4522 sunt:
2128 4455 2288 4525 remissio
2306 4475 2546 4549 peccatorum,
2569 4488 2650 4556 gra-

622 4575 827 4655 laboribus‚
861 4565 1058 4637 maledictis
1086 4579 1119 4635 et
1152 4557 1382 4650 blasphemiis
1411 4552 1612 4644 proscindi·
1664 4550 1754 4648 toita
1773 4551 1961 4639 acceptatio
1987 4566 2021 4621 et
2047 4554 2305 4641 reconciliatio,
2331 4563 2478 4633 donatio
2495 4564 2652 4654 Spiritus

623 4694 725 4756 mur,
749 4685 784 4740 et
805 4669 898 4739 odiis
921 4667 1083 4737 omnium
1108 4662 1277 4733 ordinum
1296 4658 1523 4734 infestamur,
1549 4655 1612 4729 de-
1665 4652 1795 4737 sancti,
1827 4675 1909 4721 vera
1932 4654 2065 4742 agnitio
2091 4652 2177 4740 Dei,
2205 4681 2271 4748 pax
2291 4674 2325 4730 et
2343 4663 2479 4734 laeticia
2502 4666 2542 4734 in
2560 4665 2653 4756 Deo,

615 4756 735 4863 ¹nique
754 4757 990 4855 'haddanum
1013 4759 1121 4832 huius
1144 4758 1272 4828 muudi
1292 4759 1375 4828 facti
1388 4779 1523 4827 sumus:
1549 4749 1613 4826 καὶ
1665 4747 1843 4822 inchoatio
1866 4755 2121 4825 conformitatis
2140 4780 2221 4826 cum
2245 4759 2340 4842 Deo,
2363 4765 2554 4835 certissima
2572 4792 2652 4862 spes

623 4863 778 4945 πάντων
792 4859 1043 4958 περιψὴματα.
1665 4856 1758 4924 vitae
1774 4867 1809 4925 et
1824 4857 2090 4926 consuetudinis
2111 4872 2271 4932 aeternae
2288 4879 2367 4933 'com
2385 4862 2489 4953 Deo,
2506 4870 2569 4939 ubi
2592 4894 2652 4940 cu-

725 4970 805 5041 Huc
820 4988 901 5037 rum
916 4964 959 5033 de
974 4960 1155 5051 Apostolis
1169 4960 1344 5032 universis
1359 4959 1454 5028 dicat
1469 4955 1613 5040 Paulus,
1665 4981 1740 5026 ram
1763 4958 1988 5048 perfruemur
2006 4958 2144 5029 infinita
2168 4961 2264 5047 lure,
2289 4967 2462 5056 sapientia
2484 4984 2520 5039 et
2540 4960 2652 5059 gloria

625 5066 688 5168 qui
701 5075 775 5166 ipse
791 5066 952 5141 omnium
966 5063 1099 5134 iudicio
1114 5056 1406 5154 interApustolos
1420 5058 1522 5127 facile
1538 5058 1613 5149 pri·
1665 5059 1799 5130 divina.

624 5200 722 5245 mum
740 5176 856 5244 locum
881 5166 1037 5250 obtinet,
1063 5160 1267 5234 revocemus
1292 5164 1396 5233 nobis
1419 5161 1457 5228 in
1478 5183 1615 5228 memo·
1767 5157 1977 5229 Haec'hona
1998 5162 2098 5252 prius
2121 5166 2246 5235 amissa
2263 5188 2327 5256 per
2342 5171 2496 5260 primum
2511 5171 2654 5258 lapsum

624 5279 733 5362 riam,
765 5274 851 5368 quid
875 5273 918 5340 de
944 5292 981 5338 se
1003 5268 1076 5357 ipse
1093 5264 1318 5358 peculiariter
1337 5264 1442 5333 dicat.
1496 5258 1613 5348 Quam
1666 5261 1760 5330 filius
1780 5257 1848 5329 Dei
1870 5257 2046 5332 Dominus
2061 5279 2190 5347 noster
2211 5263 2308 5338 lesus
2324 5267 2485 5340 Christus
2501 5292 2654 5364 recupe-

624 5380 751 5449 misere
775 5374 937 5465 deplorat
960 5393 1059 5438 suam
1082 5366 1340 5448 infirmitatem,
1372 5357 1616 5457 palamlprufi-
1666 5362 1777 5445 ravit,
1815 5361 1946 5445 fracto,
1994 5381 2190 5453 exarmato,
2229 5371 2397 5460 spoliato,
2436 5385 2471 5440 et
2499 5375 2655 5443 aeternis

602 5468 719 5561 tens,
747 5503 782 5549 se
797 5474 998 5545 nonfacere
1015 5469 1261 5560 bonumquod
1276 5466 1382 5552 velit,
1406 5465 1466 5534 sed
1482 5464 1613 5533 malum
1666 5460 1819 5531 vinculis
1852 5463 2041 5535 constricto
2062 5463 2233 5554 Diabulo‚
2271 5495 2380 5564 eaque
2408 5473 2503 5541 bona
2535 5476 2656 5547 reddit

625 5585 722 5677 quod
738 5579 856 5651 nolit?
895 5577 982 5644 Item
1000 5570 1067 5641 sibi
1086 5592 1158 5639 esse
1180 5568 1327 5637 infixum
1347 5567 1464 5656 palum
1483 5565 1520 5633 in
1539 5588 1616 5634 car·
1668 5562 1835 5652 omnibus
1848 5561 1964 5651 ipsum
1978 5565 2047 5635 lide
2059 5570 2287 5660 sequentibus
2300 5586 2335 5642 et
2348 5574 2655 5664 amplectentibus,

624 5710 707 5755 nem
728 5680 892 5772 angelum
917 5672 1087 5757 Satanae,
1109 5696 1128 5740 a
1152 5695 1222 5763 quo
1249 5668 1435 5740 durissime
1451 5667 1617 5737 caedatur
1769 5659 1866 5732 Haec
1888 5680 1971 5736 sunt
1994 5669 2173 5739 verissima
2197 5672 2257 5740 illa
2281 5675 2374 5744 duna
2389 5699 2451 5746 seu
2465 5678 2656 5748 manubiae

624 5782 794 5878 colaphis,
1450 5794 1464 5812 ··
1668 5787 1730 5833 seu
1753 5765 1951 5854 congiaria,
1979 5792 2067 5860 quae
2082 5770 2196 5841 victur
2210 5785 2252 5848 et¹
2272 5773 2514 5869 triumphator
2536 5795 2657 5850 noster
