6025 6775
982 633 1129 712 421

2504 604 3504 732 PROPOSITIONES.

4886 631 5035 709 422

982 826 1187 886 eum,
1266 798 1391 868 sed
1456 816 1592 888 pro
1659 815 1743 863 eo
1806 790 2222 892 deprecatus
2286 796 2394 857 est
2451 781 2762 881 Moyses.
2862 781 2959 858 Et
3055 805 3181 854 sua
3213 796 3349 856 etc.
3423 778 3619 856 Haec
3648 780 3834 853 mala
3865 784 4193 860 nominat
4219 785 4488 864 Paulus
4519 815 4878 886 peccatum
4913 827 5030 877 re..

973 897 1244 984 Matth.
1262 901 1381 973 12.
1400 896 1689 968 dicitur:
1721 888 2033 979 Quando
2067 883 2363 980 spiritus
2388 885 2805 960 immundus
2841 912 2954 957 re-
3009 950 3011 978 *
3053 906 3315 975 gnam,
3368 885 3563 979 quod
3597 884 3869 980 alioqui
3900 888 4282 961 nominant
4312 908 4672 985 peccatum
4707 906 5025 985 mortale.

985 1005 1097 1076 dit
1129 1004 1210 1071 in
1243 1003 1533 1072 domum
1562 1005 1967 1086 purgatam,
2015 988 2203 1060 fiunt
2229 987 2617 1059 novissima
2640 984 2955 1060 hominis

3252 1015 3408 1088 LX.
3478 1005 3776 1110 Aliquid
3818 1017 4030 1087 etiam
4057 1021 4149 1091 de
4177 1026 4512 1114 praemiis
4535 1029 4817 1110 addam.
4881 1036 5024 1109 Ve-

989 1105 1344 1175 deteriora
1383 1095 1760 1190 prioribus.
1865 1088 2047 1162 Ῑῑθῐΰ
2077 1087 2441 1164 2·P0t·2·²
2495 1086 2680 1161 cum
2713 1086 2793 1161 hi
2825 1091 2952 1184 ‘lui
3047 1117 3408 1189 tissimum
3429 1120 3852 1190 est-dictum:
3889 1114 4073 1190 Cum
4089 1122 4397 1197 feceritis
4418 1131 4659 1206 omnia
4685 1138 5021 1213 mandata

989 1205 1385 1295 effugerunt
1416 1196 1951 1288 inquinamenta
1990 1192 2244 1262 mundi
2279 1214 2526 1261 rursus
2559 1191 2949 1287 inquinan-

992 1320 1149 1391 tur,
1197 1306 1372 1371 fiunt
1400 1298 1497 1366 eis
1528 1295 1919 1366 novissima
1955 1296 2198 1385 peiora
2231 1289 2627 1386 prioribus.

984 1479 989 1484 ,
1183 1402 1369 1472 Sunt
1412 1421 1578 1488 ergo
1626 1398 1866 1491 aliqua
1909 1396 2202 1480 delicta,
2252 1418 2604 1487 per.quae
2657 1389 2774 1475 hi,
2820 1394 2947 1489 qui

982 1507 1260 1573 fuerant
1301 1500 1568 1584 renati,
1618 1499 1957 1578 desinunt
1997 1519 2145 1567 esse
2193 1496 2365 1568 iusti
2399 1508 2472 1567 et
2500 1495 2945 1566 domicilium

978 1602 1157 1693 Dei,
1200 1616 1282 1683 ,et
1326 1615 1494 1687 sunt
1538 1600 1642 1669 rei
1687 1611 2016 1670 aeternae
2059 1621 2353 1690 poenae.
2453 1594 2651 1667 Haec
2691 1597 2945 1692 delicta

977 1719 1145 1775 sunt
1174 1704 1460 1773 amissio
1495 1700 1978 1782 fundamenti,
2027 1700 2105 1770 id
2130 1713 2261 1783 est,
2309 1698 2458 1768 sive
2489 1721 2748 1783 errore,
2799 1697 2947 1766 sive

978 1806 1384 1897 petulanter
1412 1804 1717 1896 aliquem
1749 1800 2129 1872 articulum
2155 1800 2324 1870 fidei
2356 1800 2680 1870 abiicere.
2732 1796 2943 1868 Item:

979 1903 1191 1976 Nolle
1209 1907 1492 1976 credere
1521 1903 2008 1973 remissionem
2037 1915 2506 1994 peccatorum.
2559 1899 2768 1970 Item:
2806 1896 2945 1969 Fa-

985 2020 1091 2077 cta
1124 2022 1370 2078 contra
1423 2003 1954 2087 conscientiam,
2004 2004 2170 2096 quia
2213 1998 2386 2073 haec
2419 2016 2602 2075 meta
2630 2023 2942 2071 necessa-

978 2109 1090 2177 ria
1128 2121 1269 2192 est,
1322 2106 1556 2178 Milita
1587 2106 1848 2177 bonam
1897 2104 2270 2191 militiam,
2321 2099 2588 2174 habens
2636 2103 2847 2172 fidem
2877 2115 2946 2171 et

977 2209 1248 2279 bonam
1282 2206 1801 2277 conscientiam.

1184 2305 1449 2382 LVlll.
1500 2304 1682 2379 Cum
1717 2307 2010 2382 dicitur:
2064 2300 2390 2376 Christus
2438 2325 2570 2373 nos
2617 2300 2942 2372 liberavit

978 2433 1024 2480 a
1071 2409 1260 2500 lege,
1340 2408 1413 2478 id
1458 2407 1727 2502 dictum
1794 2429 2202 2500 nequaqum
2260 2400 2395 2473 hoc
2456 2405 2642 2489 vult,
2716 2404 2985 2491 legem·

983 2533 1179 2601 nunc
1222 2503 1405 2578 nihil
1452 2532 1637 2595 esse,
1687 2522 1758 2580 et
1804 2531 1955 2575 non
1996 2505 2303 2574 discerni
2340 2517 2523 2574 recta
2551 2518 2619 2573 et
2644 2527 2793 2574 non
2823 2525 2936 2572 re-

986 2623 1119 2694 cta,
1146 2609 1322 2682 sicut
1350 2612 1669 2681 furenter
1704 2607 2180 2695 imaginantur
2203 2601 2729 2695 Anabaptistae,
2770 2602 2935 2697 quia

980 2711 1445 2781 certissimum
1480 2722 1621 2792 est,
1671 2729 1945 2798 semper
1985 2707 2063 2773 in
2096 2704 2247 2775 Deo
2294 2730 2579 2776 manere
2611 2719 2931 2777 naturam

976 2823 1372 2895 aeternam,
1421 2812 1935 2878 discernentem
1967 2818 2154 2876 recta
2186 2819 2254 2877 et
2285 2830 2435 2875 non
2478 2820 2662 2877 recta
2684 2860 2704 2891 ,
2755 2807 2934 2875 sicut

976 2911 1349 2983 manifeste
1380 2908 1616 3001 inquit
1638 2904 1901 2979 Psalm.
1929 2905 2032 2976 5.:
2100 2904 2264 2977 Non
2298 2905 2489 2978 Deus
2518 2909 2763 2977 volens
2791 2906 2930 2974 ini-

940 3013 1321 3107 quitatem
1369 3024 1452 3081 tu
1491 3032 1588 3080 es.
1692 3005 1869 3078 ltem
1900 3001 2166 3080 Matth.
2198 3006 2536 3108 5.:·Non
2580 3007 2742 3077 veni
2789 3007 2935 3077 sol-

973 3137 1136 3187 vere
1164 3114 1430 3204 legem,
1476 3110 1598 3179 sed
1626 3108 1944 3199 implere.
2047 3107 2226 3178 Item
2259 3106 2471 3180 Rom.
2506 3110 2612 3183 8.:
2682 3106 2781 3180 Ut
2825 3107 2935 3177 ius

974 3215 1149 3306 legis
1172 3212 1555 3305 impleatur
1579 3209 1657 3278 in
1682 3210 1912 3279 nobis.
2011 3208 2304 3280 Liberat
2335 3209 2557 3299 igitur
2583 3233 2715 3280 nos
2758 3234 2797 3278 a
2830 3209 2936 3277 le-

982 3335 1102 3407 ge,
1146 3316 1429 3389 solvens
1475 3333 1819 3404 poenam,
1871 3322 1937 3379 et
1984 3311 2288 3379 reddens
2319 3312 2531 3379 nobis
2555 3310 2932 3396 iusticiam,

984 3416 1281 3502 scilieet,
1324 3413 1745 3485 remissione
1773 3424 2255 3503 peccatorum,
2305 3425 2375 3481 et
2416 3411 2937 3483 reconciliatio-

978 3541 1115 3603 ne,
1161 3513 1756 3588 revera-efficiens
1803 3506 1940 3582 hoc
1982 3513 2058 3581 in
2101 3511 2350 3597 nobis,
2415 3517 2609 3607 quod
2655 3516 2766 3584 lex
2807 3537 2936 3604 po-

987 3618 1228 3688 stulat.
1318 3611 1513 3703 Ergo
1547 3613 1897 3685 contraria
1931 3613 2069 3703 legi
2108 3613 2413 3702 faciens,
2462 3616 2627 3686 facit
2657 3606 2939 3684 contra-

990 3714 1095 3787 ria
1124 3708 1428 3790 Christo.
1930 3729 1936 3736 '
2088 3749 2095 3757 ·

1180 3812 1372 3891 LIX.
1448 3810 1607 3888 Etsi
1653 3816 1871 3906 igitur
1915 3830 2195 3910 peccata
2240 3830 2531 3887 manent
2572 3814 2648 3883 in
2678 3815 2942 3886 renatis

962 3917 1063 3986 -in
1118 3911 1249 3988 hac
1290 3917 1469 4002 vita,
1517 3931 1755 3988 tamen
1800 3919 1872 3986 id
1916 3931 2276 4008 peccatum
2325 3939 2768 4008 nequaquam
2812 3940 2939 4007 ap-

978 4019 1231 4109 probat
1274 4014 1512 4102 Deus,
1576 4019 1721 4090 imo
1765 4041 2038 4108 semper
2080 4016 2377 4100 iudicat,
2455 4029 2523 4085 et
2568 4016 2704 4084 nisi
2752 4016 2937 4088 filius

973 4120 1115 4193 Dei
1142 4132 1319 4191 esset
1345 4121 1838 4191 umbraculum
1856 4172 1877 4203 ,
1927 4118 2493 4207 extingueremur
2527 4117 2788 4188 iudicio
2805 4117 2936 4188 Dei

977 4235 1312 4317 tanquam
1359 4222 1534 4312 igni.
1635 4217 1765 4291 Est
1809 4220 2025 4310 igitur
2060 4220 2199 4290 tale
2233 4233 2591 4309 peccatum
2625 4219 2699 4286 in
2732 4242 2936 4288 rena-

973 4323 1109 4408 tis',
1153 4322 1418 4397 scilicet
1468 4322 1814 4413 reliquiae
1858 4320 2090 4390 morbi
2144 4321 2513 4391 nobiscum
2559 4321 2934 4401 nascentis,

981 4437 1050 4509 et
1078 4425 1327 4496 viciosi
1365 4424 1695 4505 affectus,
1745 4422 2006 4513 quibus
2036 4435 2268 4490 tamen
2305 4443 2817 4510 repugnamus,
2856 4422 2927 4491 id

984 4537 1123 4607 est,
1168 4525 1487 4596 dolemus
1529 4536 1818 4617 propter
1861 4516 2045 4591 hanc
2089 4521 2456 4610 caliginem
2511 4535 2580 4591 et
2620 4522 2933 4592 immun-

983 4625 1252 4711 ditiem,
1301 4640 1372 4695 et
1397 4627 1767 4698 statuimus
1802 4625 1937 4712 tegi
1974 4618 2146 4691 haec
2181 4623 2359 4692 mala
2390 4647 2516 4713 per
2543 4618 2935 4708 Christum,

980 4748 1111 4817 pro
1148 4727 1356 4796 nobis
1384 4730 1898 4820 deprecantem.
1978 4723 2095 4795 Sic
2122 4723 2442 4795 nominat
2467 4724 2733 4796 Paulus
2763 4720 2935 4794 baec

980 4827 1164 4897 mala
1192 4844 1553 4920 peccatum
1592 4852 1741 4899 non
1789 4840 2110 4917 regnans.
2213 4823 2349 4893 Sed
2385 4827 2504 4918 qui
2540 4850 2684 4896 non
2720 4850 2936 4916 repu-

987 4943 1199 5011 gnant
1262 4944 1330 5001 et
1396 4931 1887 5022 obtemperant
1951 4926 2188 5019 pravis
2253 4926 2616 4998 affectibus
2693 4943 2936 4997 contra

988 5028 1525 5118 conscientiam,
1576 5031 1912 5103 desinunt
1955 5051 2102 5098 esse
2152 5026 2592 5098 domicilium
2639 5025 2811 5113 Dei,
2874 5042 2942 5100 et

982 5126 1166 5200 fiunt
1196 5130 1300 5199 rei
1330 5145 1650 5205 aeternae
1679 5155 1981 5225 poenae,
2027 5153 2104 5200 ac
2148 5129 2418 5199 faciunt
2449 5123 2734 5198 Christo
2766 5152 2943 5198 con-

982 5229 1244 5316 traria,
1319 5244 1389 5303 ct
1425 5231 1724 5326 Spiritui
1762 5246 2024 5315 sancto.
2129 5227 2299 5301 Ideo
2347 5229 2521 5302 dicit
2562 5222 2946 5314 Iohannes,
2986 5277 2987 5282 κ

987 5326 1342 5411 1.Iol1an.
1373 5334 1483 5409 8.;
1549 5331 1696 5423 Qui
1722 5334 1891 5407 facit
1933 5332 2324 5419 iusticiam,
2372 5331 2600 5402 iustus
2630 5346 2766 5402 est:
2823 5334 2948 5424 qui

980 5432 1152 5504 facit
1201 5449 1611 5527 peccatum,
1672 5460 1753 5507 ex
1785 5433 2094 5509 Diabolo
2139 5448 2263 5505 est.
2364 5429 2542 5504 Item
2576 5430 2812 5506 Galat.
2841 5429 2948 5506 5.:

3048 1220 3279 1305 vobis,
3331 1221 3576 1292 dicite:
3630 1220 3817 1291 servi
3848 1220 4134 1294 inutiles
4157 1248 4426 1316 sumus,
4473 1230 4709 1306 Lucae
4732 1236 4849 1309 17.
4917 1233 5017 1314 Et

3051 1321 3265 1394 Iacob
3296 1321 3573 1415 inquit,
3626 1321 3848 1394 Gene.
3878 1322 4033 1398 32:
4099 1324 4353 1399 Minor
4385 1354 4543 1405 sum
4571 1340 4842 1409 cunctis
4872 1341 5011 1410 mi-

3044 1424 3519 1495 serationibus
3552 1425 3730 1508 tuis,
3780 1423 3853 1492 id
3888 1440 4015 1511 est,
4066 1447 4222 1499 sum
4255 1430 4595 1523 indignus
4629 1440 4849 1512 tantis
4876 1441 5012 1513 bo·

3044 1525 3190 1605 nis,
3241 1549 3395 1596 mea
3439 1526 3842 1597 obedientia
3890 1549 4334 1623 nequaquam
4377 1548 4482 1606 est
4505 1538 4879 1623 meritum,
4930 1543 5008 1613 id

3044 1640 3185 1707 cst,
3236 1628 3529 1720 aequale
3556 1627 3874 1720 precium
3906 1640 4264 1701 tantorum
4306 1633 4695 1726 bonorum,
4744 1643 5007 1735 quibus

3044 1751 3159 1797 me
3186 1728 3586 1802 cumulasti.
3685 1726 3869 1799 Cum
3914 1743 4148 1801 autem
4178 1730 4372 1805 Deus
4421 1737 4761 1813 immensa
4789 1743 5006 1815 mise-

3041 1828 3349 1899 ricordia
3397 1842 3689 1922 propter
3727 1829 3996 1917 filium,
4064 1848 4135 1905 et
4173 1859 4306 1926 per
4339 1859 4500 1907 eum
4546 1841 4722 1913 velit
4751 1839 5006 1916 Eccle-

3043 1928 3218 1999 siam
3266 1929 3345 1997 in
3394 1924 3526 2000 hac
3568 1930 3716 2000 vita
3748 1930 4102 2022 colligere.
4206 1933 4529 2008 Primum
4558 1947 4864 2015 tenenda
4898 1961 5006 2018 est

3043 2025 3214 2100 haec
3241 2029 3644 2100 firmissima
3675 2030 3999 2104 doctrina
4028 2048 4096 2105 et
4122 2039 4537 2125 consolatio,
4553 2038 4816 2128 Gratis,
4832 2069 4999 2137 pro·

3042 2146 3199 2222 pter
3227 2130 3457 2200 filium
3488 2128 3648 2216 Dei,
3688 2144 3757 2201 et
3785 2155 3909 2221 per
3934 2155 4097 2202 eum
4122 2137 4282 2206 dari
4312 2140 4799 2214 remissionem
4833 2170 4999 2239 pec-

3041 2244 3358 2302 catorum
3379 2283 3401 2317 ,
3450 2244 3521 2302 et
3547 2232 4141 2319 iustificationem,
4186 2252 4256 2309 et
4287 2233 4786 2315 haereditatem
4814 2248 4998 2319 vitae

3039 2347 3400 2417 aeternae,
3450 2356 3599 2402 non
3633 2346 3922 2426 propter
3949 2334 4241 2429 aliquod
4271 2341 4604 2413 meritum
4650 2360 5000 2424 nostrum.

3036 2432 3339 2519 Deinde,
3387 2458 3548 2503 cum
3581 2433 3662 2503 in
3690 2435 4161 2507 reconciliatis
4193 2440 4516 2530 placeant
4541 2445 4730 2517 bona
4762 2472 5001 2540 opera,

3036 2532 3229 2605 Deus
3283 2535 3624 2609 discernit
3660 2532 4052 2607 Ecclesiam
4095 2540 4188 2610 ab
4231 2541 4508 2632 impiis,
4557 2548 4756 2619 addit
4783 2549 4997 2620 etiam

3034 2637 3342 2728 praemia
3374 2637 3582 2708 bonis
3615 2637 3987 2728 operibus,
4040 2640 4364 2713 videlicet
4408 2645 4837 2721 incrementa
4864 2651 4999 2722 bo-

3033 2761 3292 2809 norum
3338 2738 3819 2828 spiritualium
3865 2740 3944 2808 in
3988 2736 4119 2811 hac
4147 2744 4329 2825 vita,
4382 2760 4453 2817 et
4481 2762 4639 2839 post
4671 2744 4857 2820 banc
4885 2752 4995 2820 vi-

3033 2852 3211 2923 tam,
3261 2840 3443 2909 sicut
3476 2841 3739 2911 dicitur
3766 2838 4001 2912 Lucae
4036 2840 4184 2915 19.:
4236 2842 4550 2919 Habenti
4581 2852 4894 2925 dabitur.

3235 2953 3341 3024 Ac
3370 2957 3559 3026 bona
3590 2959 3988 3048 corporalia
4017 2957 4268 3032 tribuit
4302 2985 4428 3034 suo
4474 2967 4990 3054 sapientissimo

3034 3057 3371 3136 consilio,
3456 3059 3545 3126 ad
3625 3060 4233 3130 conservationem
4298 3057 4677 3141 Ecclesiae.
4805 3049 4992 3141 Cum

3035 3160 3224 3229 enim
3260 3154 3685 3246 colligantur
3713 3159 3918 3227 electi
3947 3159 4024 3228 in
4054 3154 4185 3232 hac
4215 3163 4383 3248 vita,
4432 3189 4613 3257 opus
4631 3181 4746 3255 ,est
4779 3169 4997 3257 victu,

3035 3258 3440 3330 valetudine
3474 3258 3856 3344 mediocri,
3894 3254 4223 3350 hospitiis
4263 3267 4740 3339 oeconomicis
4764 3282 4835 3342 et
4861 3294 4995 3361 po·

3035 3361 3285 3441 liticis‚
3334 3373 3415 3431 ut
3457 3360 3719 3432 dicitur
3762 3358 4023 3436 Psalm.
4056 3364 4263 3438 118.:
4336 3362 4498 3436 Non
4538 3371 4998 3445 mortui'lau-

3038 3465 3311 3534 dabunt
3351 3475 3420 3533 te
3446 3459 3779 3535 Domine.
3882 3459 4038 3533 Imo
4078 3479 4369 3557 propter
4412 3463 4802 3557 Ecclesiam
4841 3496 4993 3544 ser-

3039 3576 3246 3635 vatur
3320 3562 3680 3657 reliquum
3755 3584 3979 3652 genus
4056 3558 4487 3654 humanum,
4572 3585 4657 3644 ut
4728 3573 4996 3649 dicitur

2918 3736 2925 3745 ,
3037 3660 3298 3738 Matth.
3331 3664 3492 3740 24.:
3556 3663 3860 3757 Propter
3895 3664 4148 3736 electos
4192 3669 4798 3748 abbreviabuntur
4838 3676 4993 3748 dies

3039 3767 3178 3839 isti.
3244 3765 3520 3839 Interea
3544 3766 3967 3838 mirabiliter
3983 3763 4179 3838 Deus
4203 3765 4560 3842 Ecclesiae
4586 3798 4995 3871 quanquam

3038 3868 3390 3954 exulanti,
3467 3881 3702 3938 tamen
3753 3869 3990 3962 aliqua
4052 3861 4354 3961 hospitia
4425 3875 4785 3963 attribuit,
4862 3876 4996 3948 ubi

3040 3983 3204 4041 sunt
3234 3965 3512 4041 honesti
3546 3992 3957 4058 congressus
3986 3970 4276 4058 publici,
4301 3972 4425 4042 ubi
4456 4000 4590 4045 vox
4617 3972 4994 4066 Evangelii

3040 4071 3296 4162 passim
3327 4081 3568 4152 sonat,
3613 4071 3739 4138 ubi
3768 4070 3844 4140 fit
3876 4071 4197 4140 educatio
4228 4085 4300 4145 et
4341 4074 4716 4152 institutio.
4817 4075 4991 4148 Ideo

3034 4170 3302 4241 Paulus
3350 4168 3584 4263 inquit
3629 4171 3699 4240 1.
3749 4164 4067 4243 Timoth.
4111 4170 4212 4244 4.:
4286 4172 4518 4246 Pietas
4562 4173 4773 4249 habet
4815 4201 4992 4269 pro-

3035 4271 3441 4341 missionem
3471 4270 3854 4361 praesentis
3885 4284 3954 4342 et
3996 4269 4274 4342 futurae
4303 4276 4509 4349 vitae.

3254 4400 3451 4474 LXI.
3498 4400 3640 4472 Hic
3661 4402 3837 4473 utile
3874 4414 3975 4473 est
4018 4403 4465 4478 considerare
4494 4425 4772 4495 causas,
4821 4370 4994 4502 pro-

3033 4517 3191 4598 pter
3232 4527 3405 4599 quas
3451 4517 3519 4576 et
3563 4504 4035 4597 corporalium
4089 4507 4445 4578 bonorum
4492 4511 4996 4601 promissiones

3033 4609 3330 4680 traditae
3365 4620 3555 4682 sunt.

3235 4722 3475 4794 Prima
3509 4735 3634 4807 est,
3683 4734 3765 4792 ut
3794 4721 4173 4794 doceamur
4203 4722 4292 4794 de
4324 4727 4770 4816 providentia
4802 4744 4874 4803 et
4902 4733 4994 4803 de

3037 4828 3212 4907 fide,
3281 4823 3388 4896 Ne
3418 4839 3802 4896 statuamus
3844 4819 4016 4894 haec
4063 4825 4264 4896 'bona
4304 4849 4469 4899 casu
4527 4831 4798 4922 spargi,
4871 4847 4998 4907 aut

3038 4942 3315 5000 tantum
3346 4920 3657 4996 humana
3689 4925 4037 4998 industria
4066 4927 4378 5021 acquiri,
4443 4931 4564 5000 sed
4592 4928 4757 5004 vere
4780 4931 4995 5005 etiam

3040 5029 3338 5100 consilio
3370 5022 3508 5096 Dei
3540 5026 3914 5112 distribui,
3965 5028 4158 5098 iuxta
4194 5022 4365 5097 haec
4395 5030 4577 5102 dicta
4598 5029 4809 5110 Dent.
4835 5034 4993 5106 30.:

3044 5130 3201 5222 lpse
3241 5141 3344 5198 est
3383 5128 3527 5196 vita
3573 5140 3736 5210 tua,
3796 5140 3863 5197 et
3910 5128 4283 5217 longitudo
4345 5128 4625 5203 dierum
4686 5146 5001 5209 tuorum·
5033 5141 5050 5156 '

3042 5230 3324 5301 Psalmo
3359 5227 3562 5302 126.:
3610 5223 3767 5296 Nisi
3800 5223 4151 5298 Dominus
4181 5224 4651 5305 aedificaverit
4679 5239 4998 5309 domum.

3042 5330 3327 5402 Psalmo
3361 5329 3566 5404 1os.:
3630 5321 3898 5398 Omnia
3933 5353 3973 5398 a
4005 5341 4073 5398 te
4104 5346 4494 5423 expectant,
4534 5348 4603 5407 et
4634 5350 4715 5408 tu
4748 5340 4872 5408 das
4900 5337 5006 5407 eis

3048 5457 3277 5504 escam
3342 5432 3661 5523 ipsorum
3714 5429 3793 5498 in
3845 5444 4162 5522 tempore
4215 5450 4571 5528 oportuno
4592 5491 4615 5520 ‚
4678 5440 4892 5508 dante
4933 5451 5006 5508 te

981 5531 1365 5610 Manifesta
1413 5551 1587 5612 sunt
1633 5561 1848 5632 opera
1890 5535 2162 5620 carnis,
2224 5534 2696 5615 adulterium,
2759 5557 2952 5604 scor·
3051 5559 3280 5605 escam
3309 5533 3665 5622 colligent.
3746 5528 4030 5603 Psalmo
4067 5530 4268 5606 144.:
4320 5531 4539 5609 Oculi
4573 5538 4892 5606 omnium
4925 5539 5006 5611 in

890 5638 895 5643 ’
981 5636 1158 5709 tatio
1192 5652 1322 5716 etc.
1352 5642 1482 5738 qui
1508 5636 1683 5712 haec
1710 5649 1955 5728 agunt,
1989 5658 2139 5704 non
2162 5636 2626 5726 possidebunt
2653 5657 2951 5725 regnum
3054 5652 3123 5708 te
3165 5648 3450 5729 sperant
3479 5632 3810 5706 Domine.
3912 5631 4254 5706 Proverb.
4287 5636 4394 5709 3.:
4458 5633 4743 5725 Egestas
4785 5661 4824 5707 a
4852 5636 5010 5710 Do·-

983 5733 1142 5809 Dei.

1243 5737 1503 5837 Eaecb.
1537 5740 1698 5819 ⁸³⁶
1746 5737 1934 5815 Cum
1961 5736 2323 5811 recesserit
2354 5736 2581 5812 iustus
2608 5761 2649 5809 a
2676 5736 2953 5811 iusticia
3053 5739 3252 5813 mino
3281 5737 3358 5811 in
3388 5739 3601 5808 domo
3633 5732 3859 5830 impii,
3911 5730 4310 5808 habitacula
4343 5735 4690 5806 iustorum
4716 5738 5017 5813 benedi-

3812 5834 3966 5907 27*
