6025 6775
471 737 544 813 941
618 670 620 674 ’
1033 734 1061 806 1.
1111 729 1403 832 canonicos
1428 727 1673 806 canionis,
1723 731 1849 809 rans
1874 733 1922 814 u.
2408 752 2483 825 942

470 911 601 981 vulnus
617 909 656 978 in
672 931 781 977 manu
796 907 941 998 accepit.
992 902 1087 972 llaec
1104 917 1221 973 tamen
1238 901 1447 994 posteapri·
1499 898 1564 989 qui
1580 899 1617 967 in
1634 897 1780 995 Assyria
1795 917 1887 989 erat,
1914 908 2103 980 nemilites
2119 925 2189 983 tam
2205 919 2389 1006 proculab
2405 920 2475 992 lta-

470 1011 577 1101 vigne
594 1010 765 1078 Bassiano
791 1009 928 1098 nupsit,
960 1020 992 1078 31
1018 1004 1161 1096 quidem
1183 1005 1339 1075 invitans
1355 1026 1446 1075 eum.
1496 999 1546 1066 lia
1568 999 1644 1068 sine
1668 1003 1830 1096 principe
1851 1021 1976 1081 essent.
2027 1008 2204 1101 Regnavit
2224 1029 2362 1089 menses
2385 1047 2474 1115 qua·

468 1108 559 1181 Cum
583 1112 679 1179 enim
708 1110 807 1202 quasi
830 1132 891 1199 per
911 1104 1160 1193 negligentiam
1182 1126 1300 1172 coram
1320 1126 1446 1171 eonu·
1497 1102 1705 1175 tuordecim.
1753 1101 1838 1177 Fuit
1857 1107 2065 1195 libertinus,
2101 1127 2136 1186 et
2157 1116 2268 1185 factus
2291 1125 2471 1192 esttabel·

470 1214 584 1281 dasset
608 1213 743 1293 sinum,
768 1223 802 1277 et
824 1208 882 1275 ille
904 1207 1052 1275 diceret:
1089 1198 1233 1275 Vellem
1254 1201 1292 1271 si
1311 1200 1444 1291 liceret,
1496 1200 1545 1267 lio
1559 1199 1841 1281 subCommodo.
1894 1206 2190 1285 Fecit'Caesarem
2202 1217 2315 1289 filium
2328 1222 2469 1294 Diadu-

469 1310 530 1380 illa
548 1326 669 1381 contra
684 1311 747 1379 ait:
763 1304 811 1376 Si
820 1304 908 1376 libet
923 1304 1015 1377 licet.
1036 1299 1096 1373 An
1109 1301 1225 1372 nescis
1241 1310 1273 1372 tc
1287 1303 1444 1398 impera-

469 1418 580 1480 torem
598 1433 689 1490 csse,
716 1416 748 1476 ct
764 1404 859 1500 leges
875 1401 975 1490 dare,
1000 1427 1074 1473 non
1090 1400 1275 1498 accipere?
1297 1403 1444 1474 Publice

467 1512 577 1600 igitur
599 1534 673 1579 eam
697 1509 815 1592 duxit,
841 1522 875 1577 et
897 1507 1017 1576 uxoris
1043 1505 1120 1573 loco
1137 1498 1274 1597 habuit.
1325 1502 1443 1593 Quare

468 1625 502 1682 et
524 1624 641 1703 postea
661 1605 897 1679 Alexandrini
917 1630 992 1675 eam
1016 1600 1224 1689 locustam,
1263 1620 1297 1678 et
1326 1605 1442 1696 ipsum

466 1700 904 1803 nominaruntOcdipum,
920 1710 979 1775 sed
995 1700 1100 1775 huius
1115 1705 1185 1775 ioci
1199 1727 1342 1795 magnas
1359 1729 1462 1796 poe·a

465 1833 530 1881 nas
545 1814 729 1882 dederunt.
772 1807 993 1877 ΙΤ3331313311
1009 1807 1104 1878 enim
1130 1806 1169 1874 in
1185 1808 1273 1876 urbe
1287 1803 1442 1876 Alexan·

455 1911 543 1983 ..dria
558 1910 750 1982 Bassianus
766 1910 875 1979 multa
895 1909 1007 1977 millia
1029 1908 1170 1976 civium.

564 2011 700 2084 Romae
714 2012 842 2080 iniuste
857 2006 1224 2100 plurimosSenatorts
1236 2017 1269 2074 et
1281 2004 1369 2074 alios
1382 2005 1441 2074 in·

463 2112 620 2198 terfecit,
645 2126 679 2181 et
693 2112 787 2183 inter
800 2106 864 2180 hos
878 2102 1131 2204 Papinianum
1146 2104 1438 2178 Iurisconsultum

437 2203 440 2208 ’
464 2209 683 2283 Praefectum
698 2213 815 2304 urbis,
841 2213 1024 2280 docentem
1048 2208 1124 2292 ius,
1157 2208 1253 2299 quod
1277 2227 1438 2275 excusare

462 2334 584 2380 necem
600 2311 712 2382 Getae
729 2311 855 2381 noluit.
905 2308 997 2380 Cum
1011 2308 1105 2377 euim
1123 2307 1238 2376 iussus
1257 2319 1345 2374 esset
1361 2330 1437 2375 eam

463 2433 642 2491 excusare,
677 2434 842 2482 recusans
865 2409 1065 2498 respondit:
1098 2402 1189 2479 Non
1220 2413 1297 2474 tam
1315 2403 1437 2506 facilc

461 2520 514 2579 cst
537 2532 708 2586 excusare
727 2504 990 2609 parricidium,
1023 2530 1136 2604 quam
1150 2506 1291 2604 facere.
1340 2506 1436 2578 llaec

457 2613 630 2684 fortitudo
645 2613 836 2683 necessaria
852 2623 922 2691 est,
945 2609 1051 2678 malle
1065 2609 1170 2696 mori,
1195 2631 1301 2701 quam
1314 2607 1435 2680 defen·

460 2713 543 2783 derc
558 2713 724 2786 iniustam
739 2734 892 2783 causam.

464 2857 467 2862 ·
566 2813 656 2885 Cum
673 2809 778 2882 vellet
792 2809 980 2880 Bassianus
995 2810 1033 2879 in
1056 2810 1224 2881 omnibus
1233 2812 1340 2881 rebus
1353 2811 1436 2879 imi·

440 2921 552 2985 Ι’13133
578 2939 652 2986 3333
672 2911 886 2995 Alexandri,
926 2906 1062 2980 scholas
1083 2908 1324 2982 Aristotelicas
1348 2906 1435 2982 Ale-

456 3018 625 3086 xandriae
639 3014 803 3098 abolevit,
828 3026 864 3082 et
883 3010 994 3081 libros
1013 3006 1215 3090 Aristotelis
1228 3015 1434 3083 comburere

456 3129 605 3187 conatus
620 3130 688 3200 est,
714 3116 837 3184 dicens
850 3109 1075 3183 Aristotelem
1094 3111 1225 3182 iuvisse
1246 3113 1432 3182 consilium

456 3217 624 3300 mittendi
638 3239 813 3306 venenum
832 3216 876 3283 ad
892 3215 1088 3283 necandum
1108 3208 1363 3283 Alexandrum.

559 3317 665 3391 Venit
687 3319 727 3385 in
745 3313 920 3400 Galliam,
943 3314 1008 3383 ubi
1025 3312 1277 3383 Proconsulem
1293 3305 1432 3383 Narbo-

454 3396 600 3504 neilbem
615 3435 648 3490 et
663 3420 797 3490 multos
812 3418 900 3487 alios
917 3414 1145 3504 Magistratus
1163 3415 1302 3509 occidit.
1344 3413 1432 3485 lude

454 3521 600 3591 accessit·
618 3518 805 3610 Rhetiam,
845 3531 881 3588 et
902 3515 1085 3611 trucidatis
1108 3514 1244 3607 aliquot
1260 3514 1432 3587 ¹millibus

456 3616 716 3702 Germanorum
732 3617 931 3690 nominavit
942 3639 979 3686 se
994 3610 1267 3688 Germanicum.
1309 3616 1431 3701 ‚Satel-

453 3721 652 3797 1133333333
664 3720 795 3791 multos
816 3744 858 3788 ex
873 3717 1065 3789 Germanis
1081 3718 1151 3788 sibi
1172 3714 1311 3804 delegit.
1360 3715 1431 3787 1²0.

454 3835 529 3892 stea
555 3821 716 3893 transivit
733 3819 772 3888 in
786 3818 925 3902 Asiam,
948 3833 983 3890 et
1003 3819 1115 3892 movit
1136 3819 1269 3889 bellurn
1287 3814 1431 3889 Parthi·

454 3944 554 4010 cum,
579 3922 643 3994 ubi
663 3946 742 3992 cum
765 3920 876 3991 multa
904 3919 1052 4010 turpiter
1074 3934 1108 3992 et
1124 3918 1314 3991 crudeliter
1328 3919 1429 3989 fecis·

454 4018 526 4109 set,¹
550 4025 699 4097 consilio
716 4020 872 4093 Macrini
885 4017 1055 4092 Praefecti
1072 4020 1264 4114 praetorio,
1290 4044 1309 4091 a
1324 4021 1428 4091 satel-

452 4124 515 4195 lite
537 4124 720 4211 Marciali,
752 4122 854 4193 cuius
883 4121 1028 4192 fratrem
1057 4122 1296 4202 interfecerat,
1336 4121 1429 4192 occi·

454 4246 514 4293 sus
531 4241 593 4302 est.

468 4390 483 4413 ‚,
554 4325 712 4397 Cadaver
725 4324 873 4395 missum
887 4334 938 4391 est
950 4319 1128 4391 Novercae
1144 4333 1178 4391 et
1191 4318 1293 4390 uxori
1306 4312 1427 4412 luliae,

453 4422 543 4518 quae
558 4421 767 4494 Antiochiae
784 4436 868 4497 erat.
904 4419 970 4490 1113
995 4443 1101 4511 supra
1125 4442 1253 4509 corpus
1267 4418 1426 4493 Bassiani

452 4528 568 4595 iacens
584 4524 651 4594 sibi
667 4539 814 4597 mortem
831 4521 1011 4595 conscivit.
1064 4519 1134 4590 Hic
1153 4521 1220 4592 fuit
1244 4522 1356 4595 exitus
1368 4523 1446 4603 in·¹

443 4628 563 4699 Ι’333133
582 4624 854 4698 consuetudinis.
908 4621 1008 4694 Vixit
1021 4618 1212 4692 Bassianus
1227 4646 1322 4695 anno
1337 4628 1427 4719 quass

451 4729 613 4820 draginta
627 4741 708 4798 tres.

410 4906 414 4911 ¹
504 4921 612 4993 Anno
641 4919 767 4991 mundi
804 4931 926 5011 quater
959 4919 1169 5002 millesimo,
1216 4918 1425 5007 centesimo,

654 5019 887 5111 octuagesimo
909 5024 1071 5097 secundo.

500 5151 608 5227 Anno
622 5152 760 5226 Romae
776 5153 1039 5242 nongentesimo
1047 5205 1059 5239 ,
1084 5150 1346 5246 septuagesimo.

476 5296 480 5305 ’
500 5282 608 5361 Anno
622 5282 758 5360 Christi
772 5262 1010 5375 ducentesimo
1033 5287 1211 5358 vicesimo.

690 5508 902 5607 Popilius
934 5506 1184 5578 Macrinus.

525 5665 695 5768 Popilius
702 5670 912 5754 Macrinus,
931 5670 1133 5741 Praefectus
1145 5672 1427 5761 praetorio,post

447 5773 610 5861 Bassiani
632 5799 753 5848 necem
778 5779 890 5855 factus
915 5789 967 5845 cst
988 5772 1180 5863 imperator
1204 5771 1248 5840 ab
1261 5771 1426 5861 33333113,

1497 1303 1652 1379 menum,

1599 1432 1707 1505 lnitio
1730 1435 1871 1527 imperii
1894 1439 1961 1509 sibi
1985 1457 2018 1513 et
2032 1442 2266 1538 Reipublicae
2279 1456 2468 1524 consulens

1497 1555 1615 1620 pacem
1633 1536 1749 1605 emita
1765 1536 1907 1612 Parthis
1928 1543 2009 1613 data
2025 1550 2182 1633 pecunia.
2236 1548 2374 1621 Deinde
2389 1553 2467 1624 An·

1496 1627 1644 1701 tiochiae
1666 1635 1761 1705 ludis
1781 1640 1940 1727 deditus,
1973 1645 2129 1715 venitin
2160 1650 2283 1738 odium
2311 1655 2465 1726 militum

1493 1746 1638 1824 propter
1652 1735 1871 1826 asperitatem
1888 1756 1922 1814 et
1936 1745 2171 1822 tenacitatem.

1493 1937 1497 1942 ,
1595 1863 1693 1934 13133
1715 1881 1849 1938 3331333
1869 1871 1945 1942 3133
1963 1877 2052 1947 facta
2073 1872 2142 1949 hoc
2164 1898 2346 1955 narratur:
2373 1887 2463 1959 cum
2506 1959 2510 1966 .

1493 1963 1565 2034 duo
1584 1965 1716 2036 milites
1738 1962 1916 2061 hospitam
1942 1974 1977 2041 vi
1992 1982 2295 2070 compressissent,
2320 1986 2465 2062 inclusit

1492 2086 1551 2133 eos
1575 2065 1613 2133 in
1635 2068 1725 2139 duos
1746 2070 1874 2156 boves,
1906 2076 2033 2146 exertis
2052 2080 2227 2169 capitibus
2249 2099 2287 2155 nt
2309 2088 2463 2181 colloqui

1491 2180 1650 2257 possem,
1676 2170 1789 2241 donec
1804 2173 1946 2244 extincti
1963 2189 2059 2253 suot.

1592 2296 1687 2387 Quia
1702 2317 1819 2373 autem
1835 2301 1995 2376 Bassiani
2011 2310 2182 2379 memoria
2198 2328 2295 2402 grata
2309 2318 2380 2388 fuit
2394 2321 2463 2389 mi·

1489 2395 1631 2485 litibus,
1656 2416 1691 2475 et
1710 2405 1805 2474 iilius
1819 2403 1981 2477 Bassiani
2005 2409 2187 2480 dicebatur
2206 2415 2245 2481 in
2261 2414 2363 2508 Syria
2379 2442 2463 2507 esse,

1487 2499 1549 2590 qui
1570 2516 1691 2590 postea
1712 2530 1843 2577 nomen
1867 2502 1992 2581 babuit
2016 2507 2256 2601 Heliogabali,
2293 2521 2463 2592 exercitus

1486 2604 1635 2690 pecunia
1650 2622 1836 2699 corruptus
1851 2612 1897 2677 ab
1913 2611 1991 2679 avia
2005 2607 2230 2702 Heliogabali
2244 2618 2287 2683 ad
2305 2641 2384 2687 eum
2399 2623 2462 2690 de·

1487 2702 1588 2781 fecit,
1613 2720 1646 2775 et
1669 2731 1751 2780 mox
1774 2708 1982 2783 seditionem
2005 2711 2119 2784 movit
2141 2717 2309 2786 adversus
2326 2718 2460 2791 Macri·

1487 2825 1595 2887 num,
1619 2806 1682 2897 qui
1696 2823 1777 2898 post
1791 2810 1989 2881 infoelicem
2005 2833 2159 2901 pugnam
2172 2815 2262 2905 sugit
2276 2819 2314 2885 in
2329 2818 2459 2917 Bithy·

1487 2902 1594 2973 niam.
1627 2904 1683 2975 lbi
1696 2929 1775 2977 3333
1791 2909 1983 2979 audivisset
1999 2912 2112 3006 hlium
2121 2911 2385 2988 Diadumenum
2401 2925 2469 2991 in-'

1487 3004 1667 3075 terfectum
1698 3029 1790 3089 esse,
1829 3011 1972 3081 latitans
2002 3011 2040 3080 in
2070 3015 2275 3085 suburbano
2305 3024 2457 3112 quodam

1486 3099 1669 3175 Macrinus
1681 3121 1715 3178 et
1729 3109 1804 3199 ipse
1819 3110 2026 3184 interfectus
2042 3119 2106 3187 est.

1585 3234 1656 3306 Hic
1675 3239 1745 3314 fuit
1767 3229 1883 3317 exitus
1904 3244 1998 3331 eius,
2039 3269 2119 3316 cum
2141 3270 2215 3317 non
2237 3252 2349 3330 multo
2377 3269 2459 3327 ante

1484 3338 1677 3431 scripsisset
1692 3345 1736 3413 ad
1752 3342 1920 3416 Senatum
1934 3344 2160 3435 Romanum,
2184 3373 2221 3421 se
2235 3351 2330 3422 nolle
2346 3352 2460 3448 impe·

1485 3441 1578 3510 rium
1599 3443 1773 3544 accipere,
1802 3447 1873 3524 nisi
1897 3448 2036 3520 volente
2062 3447 2229 3537 Senatu„
2247 3455 2330 3545 quia
2352 3460 2457 3531 multi
2531 3447 2541 3477 '¹

1484 3541 1631 3611 mallent
1662 3544 1813 3618 interfici
1831 3547 2077 3641 imperatoies‚
2108 3575 2214 3644 quam
2242 3554 2361 3627 vivere
2383 3581 2457 3628 uon

1483 3643 1588 3814 potigi
1605 3637 1672 3723 hoc
1688 3670 1825 3727 summo
1840 3649 1978 3741 fastigio
1995 3646 2192 3739 honorum3
2217 3657 2313 3751 quod
2339 3660 2456 3751 stipsi

1482 3743 1621 3815 acciit.
2185 3744 2187 3750 ¹
2355 3743 2359 3754 ⁸

1580 3874 1659 3950 Etsi
1689 3893 1805 3956 autem
1836 3895 1945 3962 totam
1964 3879 2213 3978 Heliogabali
2242 3890 2458 3965 mentionem

1483 3981 1661 4070 prodesset
1681 3982 1831 4053 deletam
1855 4005 1928 4052 esse
1951 4006 1992 4055 ex
2011 3987 2179 4058 omnibus
2204 3994 2455 4072 monumentis,

1481 4080 1626 4172 propter
1640 4076 1854 4157 horrendam
1870 4083 2090 4178 spurcitiem,
2114 4099 2233 4167 133333
2246 4089 2350 4181 stirps
2364 4094 2455 4163 reci.

1480 4195 1576 4252 tatur
1595 4192 1739 4272 propter
1762 4175 2005 4254 Alexandrum
2020 4183 2209 4274 Severum,
2234 4191 2316 4283 quia
2339 4214 2380 4261 er
2397 4216 2454 4262 ea.

1481 4285 1560 4357 dem
1590 4282 1698 4372 stirpe
1727 4280 2193 4375 turpissimumuonsuum
2224 4306 2259 4373 et
2286 4287 2455 4373 honestus

1481 4384 1644 4476 princeps
1659 4382 1736 4466 nati
1748 4396 1844 4458 sunt.

1579 4512 1707 4603 Iulia,
1750 4531 1861 4608 nupta
1887 4516 2028 4590 severo
2052 4534 2088 4591 et
2116 4521 2245 4594 deinde
2273 4522 2454 4618 Bassiano,

1479 4620 1524 4686 de
1540 4642 1608 4711 qua
1624 4642 1730 4710 supra
1745 4618 1919 4704 diximus,
1944 4642 2101 4695 sororem
2121 4617 2247 4696 habuit
2261 4621 2455 4721 Massam,
2571 4724 2575 4731 Ι
2673 4728 2684 4737 ἱ

1479 4743 1568 4813 quae
1583 4718 1722 4791 Romae
1736 4721 1829 4835 apud
1851 4716 1978 4801 lutiam
1999 4721 2064 4793 diu
2077 4723 2176 4799 vixit.

1576 4853 1802 4928 HaecMaesa
1819 4855 1909 4926 filias
1925 4858 2013 4928 duas
2028 4854 2165 4931 habuit.
2215 4852 2374 4939 Alterius
2389 4891 2457 4941 no·
2477 4950 2479 4955 ,

1479 4956 1818 5055 menestSoaemis,
1844 4958 2215 5039 alteriusMammaea.
2480 4968 2482 4973 '

1580 5074 1739 5146 Soaemis
1761 5077 2051 5146 consuetudinem
2077 5074 2242 5149 habuisse
2263 5106 2343 5155 cnm
2368 5084 2457 5158 Bas-

1477 5176 1577 5247 siano
1592 5175 1733 5256 dicitur,
1758 5198 1837 5244 cum
1853 5173 1991 5258 Romae
2005 5179 2208 5249 adolescens
2220 5198 2318 5263 esset.
2369 5186 2457 5263 luda

1478 5291 1583 5348 natus
1597 5277 1729 5347 dicitur
1744 5270 1803 5345 hic
1817 5272 2084 5366 Heliogabalus.

1578 5390 1670 5469 Avia
1692 5406 1726 5463 et
1748 5406 1860 5486 mater
1882 5409 2049 5487 sequutae
2067 5394 2277 5470 Bassianum
2299 5428 2377 5473 eum
2394 5405 2455 5475 lu·

1457 5482 1460 5487 ¹
1476 5494 1546 5581 lia,
1569 5494 1753 5565 redierunt
1771 5495 1814 5563 ad
1832 5497 1957 5587 urbem
1972 5493 2135 5580 Emesam
2151 5500 2188 5569 in
2203 5500 2355 5595 Syriam.

1582 5627 1635 5698 lbi
1652 5641 1686 5696 et
1701 5626 1898 5699 Mammaea
1915 5631 2014 5712 vixit,
2029 5648 2140 5724 nupta
2155 5634 2232 5703 viro
2245 5634 2359 5703 nobili
2370 5627 2413 5706 V
2410 5659 2455 5704 a·

1479 5730 1536 5804 rio
1550 5725 1748 5811 Marcello.
1797 5724 1852 5798 Ex
1877 5725 1944 5810 boc
1960 5730 2071 5805 Vario
2093 5748 2128 5803 et
2142 5731 2339 5807 Mammaea
2353 5750 2455 5807 natus

1362 5864 1375 5889 ·‹
1478 5847 1530 5906 est
1548 5828 1751 5915 Alexander
1770 5825 1930 5904 Severus.
1980 5831 2141 5906 Fuerunt
2162 5833 2270 5923 igitur
2291 5856 2454 5912 sororum
2541 5864 2548 5871 ·

1771 5923 1850 5998 600
