6025 6775
429 477 565 633 ¹207
749 523 754 536 '
906 525 2095 615 unca.narunnonaurnantscntmrrc.
2362 548 2507 629 *20⁸

492 721 661 799 N00155,
1278 727 1351 768 lan.
1368 705 1463 768 155⁷.
1499 720 1503 740 ¹
1526 719 1614 790 quas
1636 692 1813 769 Ecclesiae
1834 701 2014 796 reliquias.
2072 705 2232 802 Cumque
2251 711 2401 784 adamus
2422 738 2508 785 voce

499 817 672 852 w
1299 793 1470 823 *Ν
1525 794 1729 870 Reverendi
1755 800 1823 868 viri
1844 797 1996 874 Lutheri
2026 824 2248 900 repurgatam
2277 836 2349 883 esse
2374 816 2508 887 doctri.

573 954 649 1038 De
676 952 889 1063 pulmone
917 945 964 1022 ep
992 934 1051 1020 de
1080 933 1281 1021 dfmpm·
1311 940 1393 1015 m.
1527 922 1610 1016 nam
1622 896 1817 1018 Ecclesiae,
1841 916 1876 973 et
1898 926 1953 973 res
1972 928 2133 996 magnas,
2160 913 2366 1028 necessari„
2382 912 2508 987 Eccqe.

1527 1023 1598 1068 siae
1620 1023 1702 1069 vere
1723 1002 1914 1072 illustratas
1937 1027 2029 1087 esse,
2054 1031 2175 1098 negat!
2193 1036 2266 1081 uon
2281 1016 2404 1104 possit,
2425 1040 2507 1086 cum

562 1130 596 1184 ιη
615 1126 706 1181 ,atses
717 1118 794 1177 nect,
805 1117 838 1200 q.
851 1112 896 1170 ιν,
915 1132 940 1184 p.
954 1110 1007 1164 679
1022 1128 1081 1182 sqq.
1100 1118 1126 1163 et
1141 1108 1257 1163 serven.
1270 1105 1358 1189 ζων.
1376 1124 1404 1177 p·
1416 1106 1476 1160 61⁷·
1528 1100 1708 1171 doctrinae
1738 1104 1924 1193 puritatem
1952 1129 2221 1195 conservemus,
2255 1125 2330 1183 tum
2361 1139 2443 1186 vero
2472 1127 2508 1185 et

596 1195 684 1251 uttam
702 1192 730 1246 tn
747 1187 909 1243 0n¹¹⁰¹¹⁸¹¹¹¹
928 1182 961 1235 Τ·
976 1180 1012 1233 V·
1030 1198 1057 1250 P·
1069 1180 1096 1233 ⁴·
1114 1186 1140 1231 ‘¹
1158 1175 1231 1248 ῬΜ
1250 1174 1378 1230 amat·
1395 1174 1429 1229 T.
1441 1174 1477 1232 ¹¹·
1528 1214 1662 1291 gratam
1676 1204 1881 1272 memoriam
1896 1208 2091 1296 posteritati
2108 1208 2184 1278 eius
2199 1228 2425 1300 praestemus.

598 1283 625 1335 Ρ·
639 1265 698 1316 ¹¹¹·
1629 1298 1801 1374 Hortatur
1816 1316 1931 1375 autem
1950 1301 2033 1377 huic
2048 1308 2120 1378 filio
2134 1307 2246 1379 Paulo
2262 1314 2307 1380 ad
2325 1316 2412 1386 artis
2427 1313 2510 1386 Me·

498 1439 622 1514 omn-⁰
651 1429 699 1501 ἀρ
724 1428 896 1521 plamone
925 1431 964 1495 pt
991 1419 1039 1491 de
1068 1416 1286 1490 discrimine
1308 1420 1476 1488 arteriae
1528 1402 1628 1472 dicae
1649 1403 1806 1475 studium
1827 1418 1927 1495 pater
1949 1406 2023 1499 ipse
2043 1410 2128 1494 fuit,
2152 1410 2234 1501 quia
2251 1412 2451 1485 doctrinam
2466 1418 2511 1488 de

494 1533 672 1612 frncdeae
694 1540 734 1605 et
752 1526 951 1620 oesophagi
958 1545 972 1615 ‚⁶
1004 1525 1170 1592 recitata
1186 1540 1211 1589 α
1227 1512 1280 1588 D.
1305 1514 1475 1590 ,Iacobo
1529 1516 1655 1573 natura
1677 1527 1796 1574 rerum
1822 1506 1925 1576 valde
1941 1510 2098 1595 amabat,
2123 1524 2158 1581 et
2176 1511 2318 1601 vestigia
2335 1512 2401 1585 Dei
2416 1518 2454 1585 in
2471 1541 2512 1589 ea

799 1623 1037 1712 Milichie,
1067 1618 1177 1694 1557.
1529 1603 1792 1689 considerabat,
1823 1619 1859 1677 et
1885 1607 2061 1696 ignaviam
2093 1633 2132 1681 ac
2159 1612 2358 1682 barbariem
2386 1640 2511 1688 eorum

1529 1704 1620 1773 serio
1634 1706 1887 1790 ‹letestabatur,
1912 1708 1975 1799 qui
1989 1709 2151 1780 miranda
2163 1712 2363 1784 testimonia
2379 1717 2422 1785 de
2432 1715 2510 1787 Deo

495 1812 595 1902 Cum
614 1820 659 1890 ad
681 1815 857 1890 tumulum
874 1804 1076 1881 Revereudi
1092 1802 1159 1872 viri
1177 1799 1327 1872 Martini
1341 1796 1478 1872 Luthe-
1529 1803 1567 1873 iu
1582 1804 1823 1889 fabricatione,
1847 1809 1975 1878 ordine
1988 1824 2023 1881 et
2037 1811 2189 1883 utilitate
2201 1835 2389 1903 corporum
2403 1842 2511 1888 mun·

494 1931 546 2011 ri,
571 1946 666 1994 anno
687 1930 766 2011 post
787 1925 935 1983 mortem
959 1908 1035 1978 eius
1052 1904 1258 1987 undecimo,
1284 1904 1477 1971 decernen-
1528 1905 1585 1989 di,
1616 1906 1711 1975 etin
1734 1920 1859 1977 natura
1881 1904 2057 1996 hominis,
2090 1936 2163 1982 non
2185 1916 2327 1986 student
2351 1932 2510 1988 contem-

495 2033 562 2102 dus
591 2045 663 2094 esse
691 2018 818 2109 gredau
846 2012 1038 2083 Doctorum
1068 2006 1106 2073 in
1133 2019 1208 2075 arte
1238 2003 1373 2073 medica
1404 2002 1477 2071 tilio
1527 2005 1637 2097 plari,
1670 2029 1736 2077 nec
1763 2030 1800 2077 se
1827 2009 2109 2083 consideratione
2139 2016 2356 2106 praesentiae
2378 2016 2444 2088 Dei
2469 2019 2510 2088 in

495 2128 624 2223 ipsius,
647 2121 725 2190 viro
748 2112 930 2187 excellenti
953 2106 1151 2178 eruditione
1166 2117 1203 2174 et
1219 2104 1349 2175 virtute
1365 2101 1477 2173 Paulo
1528 2104 1632 2177 nobis
1648 2109 1694 2177 ad
1710 2107 1877 2179 virtutem
1893 2111 2053 2185 excitant.
2102 2110 2151 2186 Et
2165 2128 2207 2186 ut
2222 2116 2353 2205 ingenii
2371 2120 2511 2209 magni-

495 2222 676 2306 Luthero,
708 2217 820 2289 multa
848 2215 893 2282 de
923 2210 1031 2302 patris
1053 2202 1219 2284 historia,
1254 2218 1288 2276 et
1309 2206 1354 2273 de
1376 2203 1479 2274 bellis
1529 2208 1616 2278 tudo
1639 2219 1712 2277 erat
1736 2210 1927 2303 excellens,
1952 2213 2064 2285 multa
2086 2216 2242 2286 remedia
2265 2232 2367 2289 norat
2389 2232 2424 2290 et
2446 2222 2511 2290 ad·

496 2326 723 2417 Principum,
748 2331 784 2389 et
803 2316 848 2386 de
869 2311 1026 2383 dissidiis
1050 2306 1270 2390 docentium,
1295 2328 1385 2398 quae
1400 2318 1479 2396 post
1531 2306 1648 2399 parari
1667 2310 1829 2396 curabat,
1854 2333 1955 2405 saepe
1970 2315 2074 2386 etiam
2089 2316 2239 2405 aegrotis
2256 2317 2510 2409 opitulabatur,

498 2433 574 2503 eius
596 2436 745 2497 mortem
768 2428 883 2488 secuta
903 2427 1005 2489 sunt,
1038 2408 1212 2495 cogitans,
1246 2401 1339 2474 nihil
1361 2406 1477 2475 dicam
1530 2430 1632 2499 saepe
1661 2411 1827 2481 narrabat
1851 2435 1925 2482 nou
1949 2415 2113 2486 dubitare
2137 2438 2193 2502 se,
2227 2418 2316 2509 quin
2338 2421 2511 2509 sapientia

498 2535 543 2604 de
565 2526 678 2601 bellis.
715 2519 889 2592 Maiorem
908 2514 1066 2583 dolorem
1083 2505 1299 2578 hauddubie
1313 2506 1479 2576 omnibus
1529 2506 1675 2578 Patrum
1712 2523 1747 2579 et
1782 2507 2040 2604 Prophetarum
2072 2511 2160 2586 haec
2196 2516 2323 2602 fuerit,
2376 2516 2511 2606 Nohae,

498 2626 735 2704 mediocribus
758 2615 964 2689 hominibus
984 2613 1098 2681 adfert
1114 2609 1256 2677 illorum
1274 2606 1478 2697 petulantia,
1529 2603 1714 2691 Abrahae,
1738 2610 1863 2696 Iacob,
1887 2610 2024 2707 loseph,
2047 2612 2171 2686 Esaiae
2187 2630 2222 2688 et
2236 2618 2400 2701 aliorum,
2425 2645 2509 2712 pro·

498 2734 563 2828 qui
596 2729 686 2799 sicut
716 2720 857 2814 Ulysses
889 2714 1031 2785 comites
1064 2733 1105 2780 eo
1137 2709 1351 2793 dormiente,
1397 2731 1476 2778 cum
1529 2709 1634 2779 fessio
1657 2711 1841 2783 doctrinae
1861 2714 1907 2784 de
1929 2712 2025 2799 Deo,
2054 2714 2157 2807 Legis
2177 2729 2211 2788 et
2232 2715 2439 2810 Evangelii,
2474 2735 2510 2792 et

498 2848 616 2905 utrem
646 2827 691 2896 ab
720 2819 851 2903 Aeolo,
884 2818 1056 2884 donatum
1086 2809 1318 2898 aperuissent,
1353 2821 1478 2879 ventos
1530 2811 1732 2902 propagatio
1754 2806 1925 2907 Physicae
1946 2840 1986 2885 ac
2010 2812 2170 2886 Medicae
2190 2820 2285 2892 artis.
2346 2820 2511 2892 Vidimus

499 2934 702 3009 emiserunt,
727 2920 789 3016 qui
803 2921 896 2989 inter
908 2938 981 2985 sese
997 2909 1166 2982 contrarii
1181 2910 1375 2979 sevissimus
1388 2924 1479 2979 tem·
1530 2934 1610 2981 eum
1626 2911 1755 3003 pellere
1770 2912 1923 2985 calcttlos
1938 2916 2072 2985 succini
2089 2915 2288 2989 Borussiaci
2305 2920 2511 3011 pulviuscu·

497 3044 649 3129 pestates
671 3024 879 3097 excitarunt:
906 3016 955 3087 ita
976 3014 1045 3106 ipsi
1064 3011 1161 3082 velut
1181 3010 1295 3102 sopito
1319 3005 1478 3080 Luthero
1530 3012 1585 3096 lo,
1611 3025 1645 3082 et
1661 3011 1700 3082 in
1716 3034 1780 3083 suo
1796 3037 1954 3106 corpore,
1982 3029 2017 3086 et
2031 3017 2069 3085 in
2085 3018 2176 3091 aliis.
2229 3016 2392 3091 Vidimus
2408 3021 2511 3091 labo-

499 3129 676 3207 contraria
710 3128 873 3213 dogmata
906 3126 1128 3209 sparserunt,
1169 3126 1203 3182 et
1232 3109 1478 3180 moestissimae
1530 3125 1647 3183 rantes
1659 3112 1807 3184 laterum
1821 3115 1945 3186 dolore
1960 3116 2135 3190 foeliciter
2143 3117 2312 3190 liberatos
2321 3143 2405 3207 esse,
2429 3145 2513 3191 cum

498 3233 672 3309 Ecclesias
700 3220 920 3296 horribiliter
948 3216 1195 3286 dilacerarunt.
1271 3208 1352 3299 Qua
1379 3212 1417 3279 in
1439 3233 1478 3281 re
1530 3215 1629 3282 daret
1651 3207 1821 3283 Acanthii
1841 3238 1990 3309 aquam,
2020 3219 2078 3287 cui
2099 3221 2195 3310 apud
2218 3243 2285 3291 uos
2307 3244 2439 3291 nomen
2462 3234 2513 3293 est

498 3360 574 3411 non
593 3333 707 3405 solum
728 3322 835 3397 huius
856 3317 1024 3409 temporis
1038 3312 1252 3406 deploranda
1270 3326 1322 3383 est
1336 3311 1479 3381 calami·
1529 3309 1662 3383 Cardui
1671 3311 1865 3390 Benedicti.
1912 3314 2080 3389 Vidimus
2093 3342 2292 3434 repressum
2305 3322 2351 3392 ab
2367 3346 2408 3392 eo
2421 3346 2514 3418 acup-

499 3455 570 3520 tas,
591 3435 651 3504 sed
673 3427 786 3497 multo
801 3420 912 3510 magis
930 3415 1142 3509 posteritatis
1156 3429 1191 3484 et
1202 3415 1396 3484 liberorum
1410 3436 1479 3482 no-
1530 3408 1700 3511 διωγμὸν
1721 3416 1761 3484 in
1776 3439 1906 3506 magno
1922 3419 2098 3509 periculo,
2123 3422 2311 3493 corticibus
2324 3424 2422 3513 pomi
2436 3422 2512 3492 Pu·

501 3551 654 3607 atrorum
675 3547 777 3597 causa
800 3521 993 3591 dolendum
1017 3529 1078 3586 est.
1132 3513 1223 3583 Nam
1247 3515 1350 3586 etiam
1373 3537 1479 3607 parva
1532 3514 1623 3598 uici,
1657 3515 1718 3608 qui
1742 3513 1842 3588 Sidia
1866 3520 2110 3592 nominantur.
2175 3519 2271 3593 Haec
2292 3546 2333 3592 eo
2356 3546 2511 3592 comme·

501 3628 673 3707 dissensio
702 3622 825 3706 initio,
864 3616 986 3689 crescit
1015 3627 1172 3705 tempore
1201 3637 1281 3682 cum
1309 3617 1480 3685 accedunt
1530 3639 1652 3698 moro,
1676 3629 1718 3685 ut
1738 3616 1849 3707 ipsius
1870 3620 2042 3688 iudicium
2063 3634 2096 3691 et
2117 3623 2316 3715 exemplum
2334 3647 2512 3715 opponam

501 3736 602 3813 odia,
634 3743 668 3800 et
697 3737 812 3820 partes
841 3715 1055 3790 factionibus
1085 3725 1288 3798 armantur,
1318 3713 1408 3785 sicut
1437 3716 1480 3782 de
1529 3713 1672 3784 furiosis
1696 3715 1929 3807 quibusdam,
1960 3717 2024 3809 qui
2047 3721 2254 3808 sapientiam
2282 3746 2355 3792 esse
2377 3736 2514 3814 putant,

500 3831 686 3909 Discordia
712 3825 890 3895 'Homerus
922 3815 1056 3911 inquit:
1099 3813 1211 3885 Parva
1241 3827 1338 3885 metu
1365 3816 1480 3906 primo
1532 3837 1596 3884 uec
1616 3827 1796 3898 naturam,
1817 3838 1882 3884 nec
1895 3815 2033 3888 divinas
2047 3821 2420 3906 commonefactiones,
2447 3847 2515 3894 nec

501 3961 584 4009 mox
604 3955 678 4003 sese
691 3924 789 4005 ..tollit
802 3925 841 3992 in
856 3942 978 4005 auras,
1001 3915 1268 4010 ingrediturque
1282 3917 1357 3986 solo
1374 3930 1409 3987 et
1423 3939 1481 3985 ca-
1532 3914 1700 3985 beneficia
1720 3911 1789 3985 Dei
1818 3916 2013 4007 adspicere,
2044 3920 2105 3989 sed
2133 3933 2270 3990 tantum
2295 3916 2447 4007 heluari,
2478 3937 2514 3994 et

502 4051 567 4132 put
588 4035 682 4106 inter
700 4025 824 4106 nubila
845 4020 977 4093 condit.
1026 4016 1076 4091 Et
1091 4015 1268 4087 Pindarus
1285 4017 1419 4113 iuquit:
1447 4010 1481 4085 A
1532 4015 1613 4086 aliis
1636 4017 1819 4086 obscoenis
1840 4018 2081 4110 voluptatibus
2100 4043 2173 4091 sese
2189 4023 2334 4105 dedere,
2359 4022 2437 4092 siue
2451 4045 2513 4092 or-

501 4160 610 4233 parva
629 4128 780 4204 scintilla
797 4146 897 4218 saepe
911 4136 1019 4195 totam
1032 4121 1168 4216 sylvam
1184 4118 1356 4194 comburi.
1397 4115 1481 4187 Non
1533 4117 1639 4202 dine,
1671 4116 1748 4186 sine
1775 4118 1931 4207 legibus,
1962 4117 2156 4215 Cyclopum
2183 4146 2282 4194 more
2306 4122 2442 4207 vivere,
2477 4137 2514 4194 et

501 4259 645 4336 possum
663 4232 772 4326 igitur
780 4228 861 4306 ‚sine
876 4223 1010 4315 ingenti
1025 4223 1165 4309 dolore,
1186 4236 1220 4294 et
1235 4245 1291 4306 ea,
1317 4241 1406 4315 quae
1422 4240 1482 4288 ac·
1532 4228 1652 4310 postea
1664 4211 1756 4286 hanc
1770 4218 1967 4317 barbariqm
1979 4220 2163 4294 nominare
2174 4222 2430 4310 fortitudinem,
2452 4237 2515 4295 aut

502 4343 667 4416 ciderunt
684 4330 754 4404 hoc
776 4326 964 4410 decennio,
989 4335 1024 4393 et
1044 4347 1133 4418 quae
1155 4336 1269 4394 secuta
1293 4334 1396 4403 sunt,
1420 4342 1481 4389 co·
1532 4316 1636 4391 etiam
1650 4317 1827 4410 pietatem.

502 4446 623 4534 gitare.
676 4435 747 4508 Sed
769 4445 949 4521 utrunque
972 4424 1121 4508 scimus,
1154 4437 1188 4494 et
1208 4419 1295 4493 haec
1315 4445 1388 4491 esse
1409 4421 1482 4489 fata
1633 4416 1683 4491 Ut
1701 4434 1818 4491 autem
1839 4419 1974 4513 aliquid
1992 4423 2122 4513 usitato
2141 4446 2237 4493 more
2254 4425 2298 4491 de
2313 4422 2431 4516 aliqua
2447 4446 2515 4493 no-

503 4542 611 4613 huius
636 4535 824 4627 languidae
852 4541 887 4599 et
914 4525 1046 4598 delirae
1076 4523 1202 4592 mundi
1229 4535 1406 4605 senectae,
1442 4533 1482 4589 ut
1533 4531 1625 4590 strae
1647 4519 1733 4590 artis
1756 4533 1855 4614 parte
1877 4522 2011 4606 dicam,
2035 4540 2074 4595 ut
2094 4537 2195 4594 antea
2220 4526 2265 4592 de
2283 4523 2514 4595 fabricatione

505 4639 727 4712 confusiones
756 4631 892 4724 generis
922 4622 1071 4698 humani
1100 4635 1291 4714 sequautur
1319 4621 1484 4704 maiores,
1533 4619 1655 4694 cordis,
1670 4635 1706 4692 et
1726 4618 1963 4692 thalamorum
1985 4624 2062 4693 eius
2084 4625 2176 4709 dixi,
2198 4626 2246 4695 ita
2266 4648 2361 4693 mmc
2376 4626 2419 4693 de
2433 4624 2513 4715 pnl-

504 4746 611 4835 qua'm
631 4737 776 4805 fuerunt
797 4745 918 4813 antea,
942 4741 978 4798 et
1000 4738 1118 4794 mmen
1138 4723 1231 4793 filius
1244 4719 1333 4807 Dei,
1355 4719 1482 4791 Domi·
1533 4742 1640 4790 mone
1661 4723 1760 4791 etde
1782 4722 1987 4792 discrimine
2007 4727 2155 4795 arteriae
2179 4720 2339 4795 tracheae
2362 4737 2396 4793 et
2411 4746 2515 4794 oeso-

505 4863 572 4911 nus
593 4847 714 4906 noster
733 4830 829 4903 lesus
844 4824 1027 4908 Christus,
1057 4845 1193 4915 semper
1212 4835 1390 4894 aeternam
1413 4817 1483 4892 Ec·
1533 4816 1639 4914 phagi
1661 4823 1795 4906 dicam,
1821 4824 1917 4915 qnod
1940 4838 1981 4895 ut
2003 4825 2173 4911 facerem,
2196 4827 2269 4916 ipsa
2284 4819 2434 4895 Lutheri
2457 4849 2514 4895 re-

504 4940 645 5015 clesiam
665 4933 874 5005 collecturus
895 4926 957 5010 sit,
982 4936 1017 4996 et
1030 4923 1172 5019 quidem
1188 4923 1226 4994 in
1242 4947 1283 4993 eo
1298 4935 1419 5006 coetu,
1442 4921 1482 4990 in
1533 4922 1737 4993 cordatione
1756 4937 1873 4994 motus
1895 4945 1985 4996 sum.
2035 4924 2208 4998 Distinxit
2225 4927 2323 4999 Deus
2343 4928 2435 4997 duos
2456 4949 2515 4996 ca·

505 5067 575 5138 quo
597 5064 665 5109 vox
677 5030 863 5124 Evangelii
883 5030 1090 5119 incorrupta
1112 5024 1263 5098 sonabit.
1320 5021 1421 5096 Sicut
1442 5020 1482 5091 in
1532 5023 1647 5104 nales,
1672 5048 1823 5116 quorum
1838 5024 2059 5096 altercibum
2074 5042 2109 5098 et
2124 5042 2246 5120 potum
2259 5023 2359 5100 vehit
2374 5029 2410 5096 iu
2428 5049 2514 5095 ven-

504 5141 736 5238 promissione
760 5131 960 5226 dulcissima
983 5131 1150 5221 scriptum
1174 5142 1240 5199 est:
1273 5123 1379 5196 Utin
1401 5124 1482 5192 vin·
1534 5125 1718 5204 tricolum,
1757 5124 1940 5210 videlicet,
1980 5123 2218 5219 oesophagns,
2252 5131 2342 5201 alter
2363 5126 2418 5196 cui
2443 5149 2513 5193 no-

504 5244 619 5316 demia
634 5241 744 5309 sterili
757 5262 836 5308 curn
851 5235 974 5306 vineae
990 5231 1106 5303 cultor
1121 5229 1246 5320 passim
1262 5226 1400 5296 invenit
1415 5225 1483 5295 ali·
1533 5248 1616 5291 men
1645 5239 1697 5296 est
1725 5224 1852 5295 arteria
1883 5221 2043 5312 trachea,
2074 5253 2140 5300 nec
2162 5231 2280 5300 cihum
2304 5250 2367 5295 uec
2388 5238 2513 5314 potum

504 5368 609 5440 quas,
634 5341 691 5410 sed
708 5361 833 5429 paucas
846 5358 949 5415 uvas,
972 5333 1085 5402 laetus
1099 5329 1171 5418 agit
1185 5325 1259 5396 Deo
1276 5327 1421 5415 gratias,
1448 5336 1482 5393 et
1532 5320 1647 5410 vehit,
1670 5329 1730 5395 sed
1749 5327 1848 5396 cordi
1864 5327 2050 5397 adiunctus
2067 5344 2137 5412 est,
2162 5333 2258 5400 velut
2270 5339 2389 5397 orator
2404 5325 2514 5396 Prin·
2540 5341 2542 5343 ’

503 5445 567 5517 has
593 5461 680 5515 uvas
700 5436 868 5507 custodiri
885 5436 992 5503 iubet.
1044 5427 1096 5498 lta
1113 5429 1151 5494 in
1169 5441 1342 5516 postrema
1358 5423 1482 5492 mundi
1533 5426 1616 5515 cipi.
1666 5424 1758 5495 Nam
1778 5440 1813 5497 et
1833 5426 1924 5496 ac'ris
1941 5423 2128 5521 hauriendi
2146 5446 2180 5501 et
2195 5427 2377 5499 emittendi
2395 5449 2513 5510 causa,

505 5557 660 5626 senecta,
685 5557 888 5631 quanquam
904 5527 1092 5599 horribiles
1107 5525 1329 5597 confusiones
1346 5523 1482 5616 generis
1533 5537 1567 5591 et
1590 5539 1733 5616 propter
1757 5550 1879 5599 vocem
1900 5528 2012 5600 famus
2034 5545 2096 5602 est.
2145 5527 2277 5600 Omnia
2298 5527 2337 5595 in
2359 5527 2535 5597 fabrica-.

503 5644 651 5720 humani
681 5642 821 5710 futurae
850 5643 951 5715 sunt,
987 5641 1103 5699 tamen
1127 5626 1279 5696 servabit
1297 5622 1394 5695 Deus
1414 5619 1483 5694 ali-
1533 5622 1631 5692 tione
1653 5620 1805 5698 humani
1826 5630 1985 5721 corporis
2007 5632 2111 5724 plena
2130 5643 2211 5703 snut
2232 5630 2339 5715 artis,
2371 5628 2516 5700 consilii
