6025 6775
496 755 568 827 109
1129 746 1289 822 DECL.
1332 749 1404 822 DE
1438 743 1767 824 FERMENTO
1799 767 1882 819 arc.

494 928 592 997 cium
616 922 788 993 medimni
808 920 913 991 tritici
934 919 1104 991 usitatum
1120 915 1273 991 Athenis
1296 899 1485 992 drachmae
1637 920 1707 990 Hic
1735 932 1770 991 et
1796 910 1958 989 fermenti
1982 933 2107 990 natura
2129 919 2167 989 in
2189 918 2341 1010 panibus
2362 916 2525 990 conside-

495 1028 681 1122 quinque,
713 1022 888 1111 videlicet,
920 1021 1111 1091 dimidium
1132 1020 1321 1110 Coronati,
1353 1038 1392 1094 ut
1413 1024 1485 1094 De-
1535 1025 1647 1093 randa
1669 1036 1736 1107 est,
1769 1044 1860 1113 quae
1884 1034 2029 1093 nonest
2053 1022 2188 1105 ociosa,
2212 1024 2274 1091 sed
2298 1034 2408 1090 totam
2429 1043 2525 1091 mas-

496 1123 697 1198 mostheoes
718 1137 835 1195 narrat
857 1123 896 1191 in
914 1123 1076 1193 oratione
1090 1138 1212 1194 contra
1230 1120 1484 1195 Phormionem
1535 1149 1609 1195 sam
1632 1125 1716 1195 facit
1738 1123 1930 1207 rariorem,
1962 1137 1996 1193 et
2019 1125 2162 1194 adiuvat
2184 1123 2463 1214 penetrationem
2488 1136 2525 1195 et

500 1233 547 1298 de
563 1240 690 1297 mutuo.
748 1222 851 1294 Hanc
868 1224 1088 1314 diligentiam
1104 1227 1354 1296 considerandi
1367 1241 1483 1297 vetera
1535 1228 1741 1299 coctionem.
1794 1224 1875 1293 Non
1898 1225 2075 1314 accipiunt
2096 1221 2330 1312 Evangelium
2353 1225 2431 1308 isti,
2459 1224 2524 1317 qoi

499 1328 612 1421 precia
635 1349 708 1394 non
729 1326 925 1397 existimate
944 1326 1108 1397 inutilem
1133 1350 1216 1403 csse.
1266 1326 1358 1397 Nam
1378 1341 1412 1399 et
1427 1323 1485 1397 hi·
1535 1342 1671 1399 tantum
1687 1342 1803 1417 gestus
1819 1326 2006 1395 imitantur
2021 1326 2257 1419 qualicunque
2272 1322 2463 1418 hypocrisi,
2487 1338 2523 1396 et

496 1428 623 1499 ctoriae
646 1426 738 1498 bunt
761 1429 872 1517 magis
894 1428 1115 1519 perspicuae,
1141 1441 1175 1499 et
1196 1452 1264 1498 nos
1286 1431 1429 1524 quidem
1445 1431 1484 1499 in
1534 1432 1685 1501 retinent
1712 1430 1750 1498 in
1773 1440 1891 1496 mente
1912 1427 2151 1496 dubitationes
2174 1431 2218 1497 de
2242 1428 2422 1497 voluntate
2443 1425 2524 1512 Dei,

493 1529 659 1600 remediis
674 1529 763 1598 scire
777 1553 960 1600 mensuras
973 1544 1107 1600 veteres
1122 1544 1155 1600 et
1171 1533 1329 1622 pondera
1344 1554 1483 1601 necesse
1535 1547 1569 1602 et
1592 1534 1630 1601 in
1652 1534 1758 1601 corde
1775 1528 1936 1598 fremitus
1951 1531 2118 1598 adversus
2133 1528 2264 1614 Deum,
2290 1543 2324 1599 et
2338 1551 2439 1598 verae
2455 1530 2522 1599 do-

2445 749 2518 821 110

492 1646 554 1705 est.
608 1628 677 1701 Sed
695 1654 792 1699 nunc
808 1625 974 1701 historica
990 1645 1190 1707 tractamus.

596 1729 699 1802 lubet
718 1729 815 1801 Deus
840 1733 1006 1803 collocari
1032 1734 1218 1804 duodecim
1242 1758 1349 1826 panes
1372 1759 1484 1804 novos

493 1836 532 1903 in
548 1834 650 1904 altari
674 1834 824 1921 singulis
847 1832 1023 1906 Sabbatis.
1080 1833 1154 1905 Nec
1175 1861 1333 1931 unquam
1357 1837 1485 1907 licebat

493 1935 649 2028 relinqui
672 1959 821 2004 vacuum
839 1938 966 2022 altare,
991 1937 1106 2006 voluit
1126 1938 1220 2007 enim
1245 1936 1341 2009 Deus
1364 1953 1482 2008 osten-

493 2042 577 2109 dere
600 2038 669 2106 sibi
690 2061 794 2106 curae
818 2062 911 2122 esse,
937 2052 977 2108 ut
999 2038 1229 2109 Sacerdotem
1254 2040 1407 2111 familiae
1430 2040 1484 2108 vi-

494 2156 589 2212 ctum
613 2139 848 2209 necessarium
872 2134 1057 2212 baberent.
1110 2137 1194 2209 ldeo
1212 2143 1327 2211 volu!
1342 2143 1380 2209 in
1397 2165 1483 2210 con-

493 2253 613 2332 spectu
628 2264 702 2309 esse
717 2265 825 2331 panes
840 2256 922 2312 ante
937 2259 1121 2313 venturam
1136 2243 1379 2333 septimanam.
1406 2240 1484 2311 lus-

494 2344 540 2413 sit
554 2355 671 2412 autem
686 2342 842 2431 singulos
857 2367 965 2435 panes
979 2344 1055 2413 fieri
1070 2368 1110 2412 ex
1125 2345 1247 2435 quinta
1266 2356 1363 2433 parte
1376 2337 1483 2434 Ephi,

495 2445 532 2512 id
550 2459 620 2527 est,
645 2444 826 2517 medimni.
880 2442 954 2514 lam
976 2470 1055 2515 cum
1073 2444 1247 2512 medimni
1263 2446 1420 2537 precium
1437 2446 1482 2515 sit

494 2540 682 2615 drachmae
703 2546 879 2639 quinque,
905 2546 1038 2635 singuli
1056 2568 1163 2635 panes
1179 2547 1345 2618 valebunt
1359 2548 1502 2637 singu·-

493 2647 538 2715 lis
559 2642 746 2720 drachmis.
798 2644 949 2715 Etcum
972 2648 1015 2714 ad
1038 2668 1140 2715 usum
1164 2650 1394 2719 domesticum
1417 2649 1483 2719 Sa-

493 2751 614 2817 cerdos
634 2744 801 2819 habuerit
818 2748 903 2816 tales
919 2771 1026 2838 panes
1041 2749 1246 2835 duedecim,
1271 2752 1393 2833 idest,
1419 2774 1482 2838 pa·

492 2874 554 2917 nes
581 2875 648 2941 pro
679 2848 869 2919 duodecim
899 2846 1096 2936 drachmis,
1129 2852 1318 2922 mediocris
1346 2848 1482 2919 familia

492 2952 618 3020 diebus
630 2962 763 3040 septem
783 2950 866 3019 inde
883 2952 931 3020 ali
946 2967 1093 3043 poterat,
1117 2977 1196 3023 cum
1213 2976 1323 3046 panes
1336 2946 1484 3021 haberet

492 3075 557 3140 pro
575 3052 711 3137 integro
730 3047 942 3121 loachimico
959 3067 993 3123 et
1007 3055 1169 3125 dimidio.

597 3146 705 3231 Quod
735 3164 852 3216 autem
874 3153 1054 3222 Dominus
1082 3156 1294 3224 nominatim
1325 3154 1411 3223 dicit
1438 3155 1483 3221 de

495 3245 610 3314 tribus
632 3244 715 3313 satis
741 3248 841 3331 etde
863 3250 1031 3332 muliere,
1057 3254 1216 3321 existimo
1244 3276 1324 3319 eum
1351 3252 1484 3320 intueri

493 3345 699 3414 convivium
723 3342 910 3433 Abrahae,
944 3350 1000 3418 cui
1030 3350 1104 3442 ipse
1133 3351 1313 3436 interluit,
1346 3349 1383 3421 in
1412 3375 1484 3443 quo

492 3445 640 3515 illustris
653 3448 789 3537 pictura
806 3450 1035 3539 proponitur,
1061 3452 1194 3521 vitulus
1207 3466 1396 3536 mactatur,
1422 3453 1485 3544 qui

491 3547 666 3635 significat
680 3548 858 3618 victimam
875 3547 1063 3631 Messiam,
1090 3566 1123 3618 et
1137 3553 1243 3630 Sara,
1269 3552 1306 3618 id
1324 3564 1392 3632 est,
1413 3548 1482 3618 Ec-

491 3648 596 3717 clesia
618 3671 659 3716 ex
683 3649 797 3717 tribus
811 3649 949 3716 farinae
965 3649 1048 3716 satis
1062 3672 1170 3739 panes
1183 3650 1277 3721 facit.
1327 3648 1406 3720 Hoc
1421 3666 1483 3733 est,

490 3745 647 3819 Ecclesia
678 3749 806 3838 accipit
833 3772 954 3818 vocem
976 3746 1163 3838 Evangelii
1194 3752 1309 3820 afilio
1330 3750 1417 3836 Dei,
1449 3765 1483 3821 et

493 3875 568 3921 earn
583 3851 692 3936 tradit
707 3851 946 3935 auditoribus,
966 3851 1004 3919 in
1018 3852 1147 3943 quibus
1157 3848 1392 3940 Evangelinm
1408 3877 1482 3922 non

494 3967 544 4022 cst
567 3953 684 4021 inanis
707 3953 864 4034 sonitus,
889 3955 949 4021 sed
973 3976 1011 4020 re
1026 3952 1100 4044 ipsa
1114 3968 1167 4024 est
1184 3953 1339 4043 potentia
1356 3951 1422 4023 Dei
1438 3957 1480 4023 ad

494 4055 640 4124 salutem
655 4055 754 4123 omni
770 4053 937 4126 credenti.
988 4051 1066 4124 Hac
1079 4057 1153 4147 ipsa
1168 4080 1253 4123 voce
1267 4054 1362 4123 filius
1377 4048 1485 4152 λόγος

494 4169 543 4226 est
565 4156 705 4236 efficax,
733 4169 873 4225 revocat
896 4178 937 4223 ex
959 4169 1073 4225 morte
1096 4172 1129 4228 et
1150 4157 1334 4227 doloribus
1349 4156 1483 4226 infero-

492 4281 571 4326 rum
594 4281 671 4337 eos,
699 4258 760 4350 qui
782 4251 849 4326 hac
865 4280 902 4324 se
919 4258 1160 4329 consolatione
1177 4259 1214 4327 in
1234 4258 1325 4326 veris
1340 4258 1483 4349 pavori-

493 4360 560 4428 bus
584 4372 792 4431 sustentant.
845 4355 937 4429 Cum
960 4372 1076 4429 autem
1101 4361 1335 4431 delectaretur
1356 4356 1483 4428 Domi-

494 4485 561 4531 nus
581 4462 825 4531 recordatione
842 4460 1066 4531 dulcissimae
1081 4462 1367 4546 consuetudinis,
1394 4485 1483 4555 quae

492 4562 560 4632 fuit
584 4587 663 4635 curn
680 4558 862 4632 Abraham
885 4580 919 4632 et
934 4561 1012 4631 aliis
1029 4563 1289 4652 praestantibus
1308 4564 1411 4648 viris,
1437 4564 1484 4631 li-

493 4665 618 4736 hcutcr
631 4689 672 4734 ex
687 4664 750 4733 illo
765 4663 929 4732 convivio
943 4663 1214 4734 similitudinem
1229 4666 1390 4756 sumpsit.
1441 4662 1481 4734 ld

497 4766 600 4835 etiam
628 4791 669 4836 eo
698 4766 869 4836 libentius
891 4765 992 4845 fecit,
1024 4779 1066 4836 ut
1086 4767 1297 4856 significaret
1318 4763 1483 4858 Evange-

498 4863 585 4931 lium
607 4891 679 4936 non
703 4869 916 4938 constituere
941 4892 1031 4936 nova
1056 4869 1204 4959 imperia
1233 4869 1396 4958 politica,
1421 4871 1481 4937 sed

497 4987 519 5032 a
542 4965 702 5048 muliere,
728 4969 763 5038 id
789 4984 858 5052 est,
885 4970 931 5038 ab
946 4965 1102 5039 Ecclesia
1119 4972 1287 5056 docente,
1313 4968 1483 5039 Fermen-

497 5080 595 5145 tum‚
621 5065 655 5133 id
673 5081 732 5150 est,
756 5067 989 5160 Evangelium
1004 5073 1145 5141 misceri
1161 5073 1365 5142 auditorum
1380 5097 1482 5141 men-

494 5167 594 5238 tibus
610 5182 644 5237 et
659 5172 864 5257 pectoribus.

598 5265 790 5358 Colligitur
816 5296 895 5362 ergo
917 5269 1091 5358 Ecclesia,
1127 5298 1206 5342 cum
1235 5298 1303 5341 vor
1328 5268 1482 5342 humana

494 5385 597 5441 sonat
611 5369 867 5460 Evangelium,
891 5376 995 5444 simul
1017 5389 1135 5445 autem
1153 5399 1194 5445 ea
1209 5399 1294 5444 voce
1309 5376 1404 5445 filius
1422 5367 1482 5446 λό-

492 5498 560 5571 γος
581 5474 656 5564 ipse
678 5488 729 5544 est
745 5473 877 5544 efficax.
927 5472 1094 5548 Amemus
1110 5479 1219 5567 igitur
1233 5502 1354 5547 vocem
1372 5477 1483 5545 mini·

495 5576 591 5645 sterii
601 5630 611 5661 ,
635 5588 668 5644 ct
684 5574 916 5646 Stenckfeldii
933 5576 1080 5649 fanatica
1097 5579 1327 5649 deliramenta
1345 5598 1482 5649 execre-

495 5698 596 5755 mur,
628 5677 691 5770 qui
712 5690 849 5747 mentes
869 5677 1013 5748 abducit
1033 5681 1078 5749 ah
1101 5679 1315 5769 Evangelio,
1337 5696 1372 5752 et
1395 5676 1482 5751 hor·

496 5777 616 5846 rendis
633 5778 845 5848 clamoribus
863 5781 1061 5872 contendit,
1085 5781 1202 5853 Deum
1218 5805 1254 5851 se
1269 5785 1345 5853 sine
1360 5781 1482 5854 Evan-

497 5877 580 5967 gelii
592 5879 800 5969 cogitatione
814 5882 992 5953 mentibus
1009 5884 1281 5987 communicare.

1534 1635 1667 1704 ctrinae
1685 1633 1766 1701 odia
1784 1649 1818 1701 et
1832 1631 1973 1720 piorum
1989 1629 2190 1720 parricidia.

1636 1734 1705 1805 Sed
1731 1757 1793 1802 cur
1816 1746 1885 1802 tres
1907 1754 2108 1816 mensuras,
2134 1755 2195 1799 seu
2218 1733 2284 1800 tria
2310 1747 2382 1803 sata
2403 1729 2523 1799 nomi-

1534 1836 1619 1906 nat?
1669 1832 1802 1905 Audivi
1831 1834 1947 1901 virum
1970 1834 2069 1925 pium
2091 1847 2125 1905 et
2147 1833 2345 1912 eruditum,
2379 1834 2441 1925 qui
2462 1855 2522 1901 ac-

1534 1937 1782 2008 commodabat
1803 1936 1847 2002 ad
1870 1934 1937 2005 tria
1962 1936 2087 2004 mundi
2112 1949 2285 2024 tempora:
2317 1930 2376 2003 Ad
2399 1930 2523 2003 Eccle-

1534 2040 1622 2109 siam
1646 2051 1727 2106 ante
1743 2034 1904 2114 Moisen,
1931 2034 2060 2104 deinde
2082 2038 2124 2105 ad
2142 2048 2346 2127 sequentem
2364 2047 2523 2114 aetatem,

1534 2153 1668 2231 etpost
1690 2136 1881 2229 Apostolos
1902 2138 1947 2205 ad
1968 2131 2061 2205 hanc
2083 2138 2327 2207 collectionem
2345 2134 2522 2206 Ecclesiae

1534 2267 1575 2312 ex
1591 2239 1769 2311 Gentibus
1792 2251 1824 2307 et
1843 2235 1992 2310 ludaeis.
2043 2235 2126 2306 Non
2151 2238 2332 2329 displicuit
2355 2233 2442 2306 haec
2464 2261 2523 2306 ac-

1534 2343 1790 2425 commodatio,
1817 2342 1877 2409 sed
1899 2365 1980 2410 cum
2002 2341 2046 2408 de
2062 2341 2357 2410 transmutatione
2373 2336 2524 2421 dicatur,

1534 2446 1694 2516 existimo
1709 2457 1801 2513 recte
1815 2465 1915 2533 posse
1931 2442 2189 2512 accommodari
2204 2444 2270 2511 tria
2290 2455 2361 2511 sata
2376 2440 2524 2523 farinae,

1533 2550 1578 2617 ad
1602 2563 1672 2617 tres
1693 2547 1787 2615 vires
1803 2545 1841 2613 in
1856 2544 1993 2628 anima,
2019 2545 2063 2613 ad
2077 2538 2318 2642 ἡγεμονικὸν,
2346 2544 2389 2610 ad
2404 2540 2523 2631 θυμι-

1532 2644 1620 2733 κὸν,
1647 2662 1682 2718 et
1704 2650 1747 2717 ad
1769 2641 2052 2740 ἐπὶθυμητικὸν.
2105 2644 2238 2734 Quales
2252 2644 2417 2715 tenebrae
2432 2665 2526 2710 sem-

1533 2752 1778 2840 perfuerunt,
1810 2762 1913 2832 sunt,
1944 2763 1978 2818 et
2000 2761 2104 2819 erunt
2129 2749 2166 2817 in
2186 2743 2415 2846 ἡγεμονικῷ,
2446 2744 2523 2812 sine

1534 2851 1611 2916 luce
1630 2847 1828 2936 Evangelii.
1879 2849 2065 2938 Leguntur
2085 2846 2320 2919 Ethnicorum
2344 2862 2378 2917 et
2399 2840 2524 2913 Philo-

1533 2943 1726 3039 sophorum
1749 2948 1903 3030 lurores,
1926 2952 1988 3041 qui
2011 2964 2071 3019 aut
2096 2974 2237 3040 prorsus
2254 2953 2398 3020 fuerunt
2413 2944 2523 3016 ἄθεοι

1532 3064 1574 3122 ut
1597 3047 1786 3143 Cyclopes,
1817 3060 1879 3115 aut
1905 3050 1949 3114 de
1973 3047 2049 3116 Deo
2073 3063 2178 3117 tetras
2201 3051 2388 3139 opiniones
2413 3048 2523 3116 linxe-

1534 3165 1637 3233 runt,
1667 3166 1707 3222 ut
1728 3146 1858 3225 Stoici,
1891 3145 1954 3237 qui
1978 3141 2146 3213 horribili
2167 3149 2382 3216 contumelia
2405 3146 2523 3214 Deum

1534 3251 1723 3338 adficiunt,
1758 3272 1836 3316 cum
1869 3246 2008 3338 fingunt
2038 3269 2119 3315 eum
2146 3246 2274 3314 scelera
2297 3259 2332 3315 et
2353 3245 2463 3329 velle,
2490 3260 2526 3315 et

1535 3351 1730 3420 necessario
1751 3350 1850 3418 velle.
1903 3347 2057 3441 Reliqua
2077 3348 2270 3419 multitudo
2286 3347 2388 3417 finxit
2404 3346 2525 3422 infini-

1534 3466 1606 3521 tam
1635 3454 1775 3521 turbam
1799 3448 1969 3519 Deorum.
2021 3448 2073 3519 lta
2105 3474 2201 3520 nuuc
2232 3451 2352 3542 quales
2378 3448 2525 3519 suntin

1532 3549 1744 3649 ἡγεμονικῷ
1764 3552 1938 3620 tenebrae
1953 3551 1991 3617 in
2013 3547 2285 3634 lllahometistis,
2313 3553 2353 3618 ir
2374 3548 2525 3640 Papistis

1533 3669 1566 3724 et
1591 3653 1847 3745 Anabaptistis.
1900 3649 2078 3721 Aberrant
2103 3678 2122 3722 a
2144 3678 2227 3722 vcro
2245 3653 2321 3723 Deo
2340 3647 2525 3721 Mahome-

1534 3755 1652 3837 tistac,
1678 3768 1845 3842 negantes
1869 3750 1966 3822 bunc
1982 3779 2063 3823 vere
2078 3751 2194 3824 Deum
2212 3778 2305 3840 esse,
2332 3754 2392 3848 qui
2410 3777 2445 3821 se
2462 3777 2525 3845 pa·

1533 3855 1650 3924 tefecit
1682 3855 1788 3924 misso
1817 3855 1910 3939 filio,
1942 3869 2072 3944 negant
2102 3856 2207 3926 etiam
2236 3856 2349 3925 filium
2379 3857 2524 3925 missum

1534 3969 1661 4026 esseut
1677 3957 1818 4026 victima
1836 3981 1900 4047 pro
1921 3959 2024 4025 nobis
2039 3958 2148 4028 ficret.
2200 3955 2362 4049 Papistae
2377 3957 2441 4026 etsi
2457 3981 2525 4026 no·

1533 4081 1615 4126 men
1639 4057 1702 4125 filii
1726 4059 1901 4141 retinent,
1927 4071 2046 4126 tamen
2067 4060 2347 4145 necdeclarant,
2373 4061 2459 4152 quid
2478 4059 2526 4127 sit

1534 4151 1659 4254 λόγος,
1692 4180 1757 4225 nec
1778 4158 1949 4226 beneficia
1970 4163 2181 4246 ostendunt,
2212 4175 2247 4232 et
2269 4177 2388 4253 aperte
2409 4160 2524 4229 extin-

1533 4271 1647 4348 guunt
1667 4259 1948 4342 invocationem,
1973 4284 2054 4328 cum
2072 4262 2198 4331 iubent
2216 4275 2250 4332 te
2267 4287 2403 4352 semper
2418 4260 2525 4329 dubi-

1533 4375 1624 4430 tare:
1651 4383 1697 4428 an
1713 4357 1851 4430 telleus
1867 4361 2048 4451 receperit,
2075 4376 2169 4432 etan
2187 4364 2360 4455 exaudiat.
2396 4360 2523 4431 Postea

1534 4464 1728 4532 decurrunt
1752 4464 1795 4531 ad
1820 4462 1938 4546 ldola,
1973 4461 2141 4533 invocant
2164 4458 2327 4541 homines
2353 4475 2524 4546 mortuos,

1533 4588 1614 4633 cum
1644 4564 1757 4633 sciant
1784 4589 1857 4633 non
1881 4587 1954 4633 esse
1975 4560 2150 4634 humanae
2174 4565 2351 4657 potentiae
2375 4564 2525 4655 gemitus

1533 4666 1695 4735 cordium
1722 4666 1898 4749 iudicare,
1921 4666 2027 4736 multi
2051 4668 2168 4758 palam
2191 4681 2322 4738 statuas
2344 4666 2526 4750 invocant,
2634 4739 2639 4748 ,

1533 4779 1567 4837 et
1584 4768 1770 4837 manifesta
1783 4767 1961 4860 impietate
1978 4769 2016 4836 in
2035 4770 2363 4858 circumgestatione
2380 4781 2526 4838 tuentur

1533 4863 1811 4964 ἆρτολατρείαν.
1869 4868 1992 4960 Nuper
2013 4872 2106 4942 edita
2136 4885 2188 4941 est
2211 4867 2396 4942 Austriaca
2420 4868 2525 4939 Cate-

1532 4966 1665 5056 chesis,
1691 4971 1728 5037 in
1748 4994 1816 5062 qua
1833 4994 1913 5040 cum
1928 4972 1990 5039 alii
2006 4974 2110 5043 multi
2130 4997 2268 5043 errores
2282 4971 2527 5056 stabiliuntur,

1532 5086 1607 5142 turn
1632 5096 1716 5140 vero
1738 5085 1931 5141 renovatur
1954 5073 2060 5142 etiam
2085 5075 2357 5143 deliramentum
2380 5076 2425 5144 de
2439 5071 2525 5142 Mo-

1533 5168 1729 5242 nachorum
1746 5171 1847 5242 votis.
1880 5170 2079 5244 Nominant
2092 5175 2142 5242 ibi
2154 5174 2406 5266 perlectionem
2418 5199 2526 5244 evau-

1532 5275 1700 5364 gelicam,
1725 5273 1987 5344 simulationem
2006 5278 2242 5367 paupertatis,
2265 5293 2299 5349 et
2314 5280 2403 5349 alios
2418 5298 2525 5369 quos-

1532 5378 1613 5445 dam
1635 5390 1798 5449 externos
1819 5391 1945 5466 gestus.
1998 5375 2223 5468 Impudentia
2242 5380 2425 5473 scriptoris
2441 5376 2524 5445 odio

1532 5479 1638 5569 digna
1661 5492 1730 5564 est,
1757 5479 1818 5573 qui
1842 5480 1906 5549 scit
1924 5481 2162 5569 evangelicam
2182 5485 2430 5575 perlectionem
2451 5500 2526 5547 esse

1532 5581 1748 5670 agnitionem
1770 5596 1910 5652 nostrae
1935 5582 2170 5674 infirmitatis,
2206 5600 2240 5653 et
2263 5582 2425 5651 fiduciam
2449 5603 2526 5649 me·

1532 5683 1697 5769 diatoris,
1729 5697 1764 5752 et
1789 5685 2022 5775 praesentiam
2048 5681 2117 5753 Dei
2139 5686 2177 5752 in
2202 5683 2369 5752 cordibus
2393 5681 2526 5751 nostris

1531 5786 1816 5856 transformantis
1846 5810 1932 5867 nos,
1971 5801 2011 5857 ut
2041 5786 2164 5855 fiamus
2194 5782 2329 5851 similes
2359 5783 2526 5874 imaginis

1530 5884 1618 5974 Dei,
1643 5911 1734 5982 quae
1757 5900 1809 5958 est
1830 5880 1939 5982 λόγος
1961 5884 2096 5954 aeterni
2118 5881 2239 5976 patris.
2290 5880 2389 5958 Ilaec
2412 5911 2457 5957 ne
2471 5886 2526 5955 illi
