6025 6775
938 685 944 692 ,
1044 605 1195 707 949

2162 519 2227 668 i.
2322 543 2910 665 cn'RoNlcoN
2961 574 3457 657 CARIOle.
3559 575 3814 655 PARS
3865 577 3961 657 11.

1051 775 1259 850 Gotti
1309 783 1459 845 arte
1518 767 1889 843 traxissent
1926 758 2226 834 Decium
2287 759 2371 828 in·
2423 759 2577 829 loca
2641 755 3008 852 palustria,
3052 756 3069 806 ί
3104 745 3526 820 mactatione
3552 742 4025 824 humanarum
4053 743 4469 840 hostiarum,
4512 766 4582 825 et
4614 755 5061 849 deploremus

1049 877 1239 947 filius
1283 874 1564 946 fortiter
1603 868 1950 939 dimicans
1998 864 2074 932 in
2113 861 2341 953 prima
2402 860 2552 930 acie
2597 858 3029 931 interfectus

1053 993 1178 1049 est.
1278 974 1489 1046 Pater
1533 974 1640 1040 ira
1690 981 1769 1048 et,
1801 966 2046 1036 dolore
2088 960 2371 1050 longius
2404 964 2792 1050 procedens
2820 981 3009 1027 mer·

1054 1102 1174 1149 sus
1204 1076 1414 1147 estin
1447 1073 1816 1167 paludem,
1857 1079 1925 1136 et
1953 1064 2057 1133 ibi
2083 1063 2292 1154 periit
2312 1113 2334 1147 ,
2375 1084 2536 1130 cum
2565 1062 2851 1130 vixisset
2875 1082 3009 1129 an-

1035 1185 1187 1249 ¹nos
1229 1174 1761 1272 quinquaginta.

1260 1291 1346 1362 In
1391 1287 1520 1361 hac
1570 1280 1865 1356 historia
1925 1280 2236 1370 primum
2292 1276 2667 1370 scribitur,
2750 1272 3008 1345 Gottos

1051 1395 1317 1464 bellum
1366 1389 1685 1460 intulisse
1736 1379 2127 1462 Romanis,
2193 1390 2262 1448 et
2309 1376 2497 1446 intra
2545 1375 2804 1447 limites
2851 1373 3008 1447 Ro-

1052 1494 1245 1565 mani
1277 1490 1556 1584 imperii
1587 1480 1968 1558 transiisse.
2014 1476 2160 1547 Nec
2189 1476 2487 1549 dubium
2524 1489 2665 1562 est,
2713 1477 3010 1545 eandem

898 1599 903 1604 '
1026 1606 1332 1688 ‚gentem
1369 1597 1848 1678 nuncupatam
1881 1602 2029 1648 esse
2056 1571 2289 1649 Gelas
2323 1590 2392 1649 et
2429 1576 2714 1649 Gottos:
2769 1590 2839 1647 et
2866 1575 3010 1644 lin-

1034 1699 1259 1785 'guam
1330 1714 1574 1762 eorum
1637 1680 2111 1756 Teutonicam
2175 1702 2322 1748 esse
2371 1679 2823 1749 manifestum
2883 1690 3007 1748 est.

1051 1794 1201 1869 Ubi
1252 1793 1423 1863 olim
1457 1790 1537 1859 in
1571 1784 1743 1858 Asia
1773 1782 1970 1852 sedes
2011 1779 2320 1867 fuerint,
2371 1803 2455 1850 ex
2482 1778 2850 1850 Herodoto
2883 1800 3010 1869 ap-

1057 1908 1287 1987 paret.

1263 2009 1439 2080 lnde
1472 2000 1823 2097 progressi
1853 2012 2289 2072 accesserunt
2321 1999 2410 2068 ad
2444 1993 2845 2070 Thraciam.
2914 1989 3013 2066 Et

1054 2125 1294 2206 postea
1342 2109 1634 2196 longum
1681 2114 1979 2173 tractum
2020 2125 2058 2170 a
2090 2099 2463 2170 Pannonia
2513 2123 2737 2191 usque
2767 2096 3012 2178 adlit-

1055 2227 1175 2282 tus
1230 2208 1582 2280 Balticum
1649 2216 1719 2273 et
1784 2201 2050 2272 vicinas
2117 2202 2385 2272 insulas
2452 2200 3008 2290 compleverunt.

1058 2313 1229 2381 lnde
1277 2330 1523 2380 rursus
1563 2303 1803 2387 effusi,
1851 2303 2158 2393 primum
2204 2300 2691 2384 Pannoniam,
2753 2300 3009 2370 deinde

1057 2409 1335 2483 ltaliam
1364 2415 1821 2497 occuparunt.
1920 2399 2199 2470 Nomen
2237 2399 2499 2486 Getae,
2545 2398 2819 2487 Gedid,
2867 2399 3011 2469 mi-

1054 2511 1254 2582 litem
1286 2508 1650 2601 significat.

1157 2711 1373 2781 Anno
1428 2702 1684 2776 mundi
1731 2714 1978 2795 quater
2019 2697 2441 2786 millesimo,
2507 2700 3012 2786 ducentesimo,

1464 2805 1739 2877 decimo
1769 2815 2045 2871 octavo·

1157 2909 1374 2981 Anno
1405 2906 1682 2980 Romae
1731 2901 2113 2971 millesimo
2172 2912 2388 2970 sexto.
2800 2915 2841 2954 ο

1154 3010 1373 3081 Anno
1389 3005 1657 3080 Christi
1680 3002 2160 3074 ducentesimo
2187 3000 2768 3095 quinquagesimo
2794 3014 3012 3075 sexto.

1638 3155 1643 3160 Ι
1732 3185 2340 3258 Valerianus.

1267 3334 1729 3429 Valerianus
1755 3336 2140 3428 imperator
2167 3334 2258 3404 ab
2290 3333 2599 3405 exercitu
2641 3333 2721 3401 in
2751 3326 3013 3404 Rhetia

1056 3445 1283 3514 factus
1313 3456 1418 3513 est
1451 3464 1683 3511 senex.
1784 3435 2144 3525 Regnavit
2171 3457 2399 3504 annos
2431 3447 2759 3526 quatuor,
2808 3446 3017 3501 natus

1056 3545 1134 3613 in
1175 3543 1445 3612 familia
1479 3541 1805 3614 Romana
1856 3536 2339 3617 nobilissima,
2389 3533 2717 3604 videlicet
2744 3530 3012 3602 Corne-

1057 3645 1180 3715 lia.
1278 3637 1579 3732 Propter
1642 3639 1992 3713 iusticiam
2067 3650 2136 3707 et
2182 3634 2677 3705 fortitudinem
2722 3631 3019 3704 Senatui

1059 3746 1239 3814 adeo
1282 3762 1521 3826 carus,
1570 3754 1650 3812 ut
1691 3755 1892 3812 antea
1923 3736 2196 3810 Censor
2244 3735 2843 3806 consentientibus
2876 3733 3017 3804 De-

1060 3845 1147 3914 cii
1186 3842 1641 3934 imperatoris
1674 3855 1742 3912 et
1784 3841 2086 3912 Senatus
2108 3837 2462 3927 suffragiis
2503 3838 2729 3906 factus
2778 3834 3015 3905 fuerit.

1056 3945 1308 4016 Postea
1357 3966 1520 4012 cum
1562 3941 1739 4011 alibi
1781 3940 1903 4009 alii
1957 3940 2415 4032 imperatores
2453 3939 2546 4007 ab
2596 3935 3018 4007 exercitibus

1054 4044 1269 4118 creati
1314 4056 1387 4118 et
1429 4043 1779 4115 interfecti
1807 4055 2075 4126 essent,
2123 4034 2315 4111 hunc
2346 4038 2654 4113 libenter
2687 4050 2760 4110 et
2792 4035 3017 4110 Sena-

1056 4163 1170 4218 tus
1199 4161 1264 4218 et
1297 4167 1543 4218 omnes
1580 4143 1921 4214 exercitus
1962 4156 2403 4233 receperunt.

1263 4263 1440 4334 Fuit
1480 4261 1688 4335 initio
1735 4258 1927 4330 mitis
1973 4281 2134 4350 erga
2181 4256 2665 4340 Christianos,
2714 4258 2835 4325 sed
2888 4279 3020 4346 po-

924 4346 931 4353 ’
1062 4376 1209 4436 stea
1254 4387 1292 4431 a
1321 4361 1535 4452 Mago
1561 4359 1913 4458 Aegyptio
1965 4358 2299 4429 incitatus
2328 4372 2468 4437 est,
2517 4370 2598 4426 ut
2632 4379 3019 4450 persequu-

1060 4463 1330 4536 tionem
1370 4478 1724 4549 moveret,
1791 4460 1916 4555 qui
1966 4459 2314 4551 persuasit
2359 4456 2566 4528 etiam
2616 4456 2720 4541 ei,
2773 4471 2852 4528 ut
2881 4453 3021 4528 hu-

1044 4584 1307 4653 ,manas
1339 4555 1605 4633 hostias
1628 4573 1987 4635 mactaret·
2087 4555 2254 4628 Non
2299 4559 2680 4630 diuturnus
2723 4558 2860 4628 fuit
2899 4553 3019 4629 hic

1063 4666 1293 4755 furor.
1413 4659 1775 4734 Profectus
1829 4665 2020 4735 enim
2073 4682 2263 4730 anno
2304 4674 2556 4754 quarto
2616 4659 2899 4750 imperii
2940 4659 3020 4739 in

1066 4761 1445 4837 Orientem
1479 4759 1899 4836 Valerianus
1936 4774 2182 4836 contra
2210 4758 2501 4847 Persas,
2547 4761 2776 4832 victus
2807 4775 2877 4832 et
2903 4784 3023 4831 ca-

1059 4881 1225 4958 ptus
1255 4877 1358 4935 est
1385 4889 1423 4933 a
1451 4884 1616 4953 rege
1645 4859 1922 4936 Persico
1957 4864 2259 4955 Sapore,
2308 4862 2436 4956 qui
2470 4856 2741 4954 aliquot
2771 4884 3024 4947 annos,

1058 4963 1336 5060 quoties
1381 4988 1643 5058 equum
1691 4966 2142 5047 conscendit,
2217 4964 2465 5056 pedem
2517 4961 2783 5032 cervici
2808 4960 3022 5032 Vale-

1060 5065 1249 5137 riani
1286 5065 1701 5156 imponens,
1753 5087 1883 5155 pro
1933 5066 2236 5138 scabello
2267 5088 2351 5137 eo
2385 5087 2557 5143 usus
2590 5076 2717 5138 est.
2822 5060 3024 5134 Tan·

1060 5170 1223 5239 dem
1265 5166 1343 5235 in
1390 5179 1693 5237 extrema
1743 5178 2022 5235 senecta
2065 5166 2336 5241 viventi
2391 5176 2620 5237 cutem
2667 5187 2707 5234 a
2753 5163 3024 5235 cervice

1060 5270 1153 5339 ad
1184 5268 1400 5360 pedes
1434 5267 1760 5338 detraxit.

1265 5387 1349 5457 Id
1384 5387 1659 5476 insigne
1699 5381 2099 5475 exemplum
2146 5382 2660 5459 inconstantiae
2694 5384 3024 5454 fortunae

1061 5488 1614 5560 consideremus.
1731 5484 1872 5557 Sed
1937 5479 2150 5551 simul
2209 5484 2416 5554 etiam
2482 5484 2826 5557 iudicium
2890 5481 3026 5554 Dei

1059 5610 1555 5680 agnoscamus,
1602 5588 1726 5681 qui
1769 5586 1868 5658 sic
1915 5581 2200 5675 punivit
2238 5584 2757 5666 crudelitatem,
2811 5610 3022 5679 quam

1061 5693 1399 5762 adversus
1456 5686 1846 5762 Ecclesiam
1909 5683 2253 5769 exercuit,
2329 5694 2398 5753 et
2456 5686 2890 5777 impietatem
2945 5685 3026 5755 in

3107 861 3341 922 tantos
3372 849 3646 919 furores
3677 851 3754 918 in
3788 873 4061 923 summo
4092 853 4373 945 imperii
4405 855 4710 945 fastigio.

3310 943 3488 1021 Eius
3528 963 3844 1043 tempore
3876 942 4307 1051 Cyprianus
4352 954 4430 1024 in
4470 952 4709 1029 Africa
4747 960 5061 1030 trucida-

3113 1064 3233 1123 tus
3263 1062 3391 1133 est,

3309 1146 3735 1244 Dionysius
3749 1147 4339 1243 Alexandr-Inus,
4374 1159 4499 1252 qui
4529 1159 4774 1229 multis
4800 1161 5062 1236 errori-

3112 1254 3247 1323 bus
3279 1252 3688 1322 adversatus
3726 1255 3900 1340 fuit,
3950 1281 4159 1327 senex
4187 1258 4263 1327 in
4297 1260 4586 1331 exilium
4618 1260 4864 1351 pulsus
4890 1274 5013 1334 est.

3314 1344 3717 1423 Cheremon
3744 1353 4136 1448 Episcopus
4168 1357 4245 1428 in
4280 1363 4460 1431 urbe
4491 1360 4846 1452 Nicopoli,
4898 1386 5058 1431 cum

3111 1453 3187 1520 in
3236 1453 3526 1522 exilium
3573 1455 3817 1546 pulsus
3863 1472 4040 1527 esset
4083 1484 4243 1530 cum
4292 1485 4547 1550 magna
4588 1453 5056 1532 multitudine

3108 1549 3718 1641 Christianorum,
3770 1570 3838 1627 et
3882 1572 4171 1649 propter
4220 1577 4570 1640 senectam
4607 1562 4756 1653 ipse
4794 1577 4864 1633 et
4890 1586 5062 1633 con-

3112 1654 3285 1722 iunx
3333 1656 3709 1744 procedere
3751 1680 3902 1727 non
3949 1676 4268 1749 possent,
4342 1676 4692 1753 spectante
4735 1663 5062 1735 multitu-

3113 1753 3282 1824 dine
3313 1753 3387 1821 in
3420 1754 3693 1824 coelum
3726 1759 3989 1830 sublati
4013 1773 4178 1831 sunt
4209 1757 4612 1833 Cheremon
4636 1775 4705 1834 et
4732 1765 5062 1838 coniunx.

3114 1852 3219 1927 Ita
3251 1849 3443 1925 Deus
3476 1855 3957 1926 testimonium
3992 1861 4426 1949 praesentiae
4464 1886 4631 1934 suae
4678 1863 4864 1936 inter
4894 1889 5065 1936 exu-

3112 1958 3214 2026 les
3259 1954 3590 2029 ostendit.

3313 2054 3668 2148 Tempore
3730 2053 4094 2127 Valeriani
4154 2072 4223 2131 et
4266 2056 4611 2156 Novatus
4656 2067 5059 2160 praesbyter

3109 2152 3520 2243 Romanus,
3567 2171 3766 2229 atrox
3812 2156 4183 2230 dissidium
4232 2161 4312 2248 in
4354 2160 4669 2237 Ecclesia
4714 2167 5067 2251 excitavit,

3111 2281 3374 2348 negans
3430 2257 3876 2351 recipiendos
3933 2282 4081 2329 esse
4150 2262 4418 2351 lapsos,
4487 2266 4614 2357 qui
4667 2290 4824 2336 cum
4871 2278 5066 2336 metu

3114 2359 3628 2451 suppliciorum
3656 2375 4024 2449 negassent
4049 2383 4124 2431 se
4152 2357 4597 2435 Christianos
4628 2387 4797 2451 esse,
4829 2380 5068 2457 postea

3110 2462 3202 2531 ad
3247 2460 3757 2552 poenitentiam
3801 2461 4154 2532 redibant.
4268 2460 4463 2534 Haec
4503 2462 4763 2557 species
4805 2466 5067 2544 severi·
5129 2525 5133 2529 .

3111 2561 3275 2632 tatis
3322 2563 3589 2633 multos
3633 2561 3883 2642 traxit,
3934 2575 4015 2632 ut
4039 2560 4301 2635 Novati
4346 2568 4778 2637 sententiam·
4812 2579 5067 2660 seque-

3112 2675 3379 2733 rentur.
3481 2658 3578 2731 Et
3622 2657 3796 2732 haec
3835 2662 4134 2732 durities
4179 2677 4418 2755 postea
4460 2668 4943 2738 translata.est
4975 2669 5070 2738 ad

3112 2762 3288 2832 alios
3319 2764 3576 2853 lapsus.
3681 2760 3924 2851 Quare
3953 2763 4513 2837 nominabantur
4541 2756 4889 2847 Gathar-i,
4942 2767 5069 2859 qui

3085 2885 3263 2974 ¹non
3303 2861 3739 2953 recipiebant
3766 2862 4001 2954 lapsos
4034 2864 4113 2931 in
4143 2867 4510 2936 manifesta
4559 2868 4841 2939 delicta.

3317 2959 3481 3031 Non
3512 2962 3736 3032 multo
3766 2978 3927 3054 post
3947 2960 4419 3037 Alexandriae
4442 2961 4789 3040 Miletius
4820 2967 5068 3038 eodem

3089 3064 3441 3153 'dogmate
3470 3057 3858 3132 Ecclesiam
3911 3064 4259 3142 distraxit.

3320 3162 3458 3233 Sed
3490 3163 3821 3234 refutavit
3848 3158 4039 3236 hunc
4081 3190 4389 3238 errorem
4425 3169 4846 3242 firmissimis
4874 3169 5074 3240 testi-

3118 3261 3380 3331 moniis
3424 3257 3855 3357 Dionysius
3896 3261 4499 3353 Alexandrinus,
4576 3270 4799 3343 citans
4856 3271 5071 3341 etiam

3118 3363 3432 3455 exempla
3466 3365 3910 3455 superiorum
3942 3380 4274 3447 aetatum.
4372 3366 4471 3443 Et
4512 3374 4910 3464 exemplum
4936 3369 5074 3443 Pe-

3072 3524 3073 3527 ,
3118 3465 3214 3535 tri
3255 3478 3506 3535 notum
3558 3478 3697 3547 est,
3766 3468 3856 3536 de
3900 3493 4043 3562 quo
4089 3495 4253 3542 cum
4300 3485 4505 3543 antea
4550 3474 5071 3563 dictumesset:

3115 3563 3377 3635 Beatus
3419 3589 3492 3635 es
3538 3564 3823 3637 Simon:
3885 3593 4048 3639 caro
4091 3584 4163 3644 et
4203 3573 4510 3664 sanguis·
4535 3597 4689 3645 non
4730 3572 5073 3673 revelavit

3116 3665 3292 3751 tibi,
3357 3669 3475 3736 sed
3513 3680 3712 3759 pater
3737 3691 3935 3739 meus
3963 3672 4319 3744 coelestis:
4380 3686 4617 3745 tamen
4652 3675 4803 3768 ipse
4832 3662 5072 3769 poste'a
5185 3672 5206 3769 f
5297 3678 5304 3687 '

4212 3769 4311 3846 Et
4345 3773 4632 3848 Paulus·
4652 3776 4902 3868 recipit
4929 3771 5074 3848 Co-

3119 3780 3190 3837 et
3232 3767 3468 3856 lapsus
3510 3780 3580 3838 et
3621 3783 3941 3861 receptus
3986 3786 4111 3847 est.

3118 3863 3502 3952 rinthium,
3564 3869 3689 3962 qui
3738 3884 3896 3961 post
3943 3872 4289 3945 incestum
4330 3875 4514 3946 redit
4556 3878 4646 3948 ad
4695 3877 5071 3968 poeniten-

3119 3970 3317 4043 tiam.
3406 3966 3505 4040 Et
3533 3969 3937 4040 dulcissima
3968 3997 4103 4042 vox
4132 3973 4465 4046 omnibns
4494 3989 4664 4047 nota
4693 3976 4814 4049 sit:
4869 3974 5074 4065 Quo-
5147 4052 5152 4057 ,

3120 4071 3248 4142 ties
3279 4066 3682 4139 remittam?
3728 4066 3896 4136 Non
3927 4071 4201 4161 septies,
4229 4075 4348 4145 sed
4382 4077 4770 4168 septuagies
4798 4077 5076 4169 septies.

3121 4169 3408 4260 Quibus
3438 4166 3675 4237 verbis
3703 4165 4139 4258 significatur
4166 4186 4234 4244 et
4260 4174 4509 4264 ingens
4546 4176 4957 4259 infirmitas,
5005 4190 5077 4247 et

3120 4268 3331 4342 simul
3359 4268 3790 4361 amplissima
3820 4272 4209 4345 consolatio
4238 4279 4686 4367 proponitur.
4749 4273 4848 4352 Et
4879 4276 5076 4371 &po-

3121 4371 3347 4467 calyp.
3384 4371 3455 4441 3.
3486 4370 3780 4441 dicitur:
3831 4366 3984 4461 Age
4014 4375 4559 4465 poenitentiam:
4608 4375 4794 4450 Ecce
4841 4392 4960 4450 sto.
4981 4378 5073 4449 ad

3121 4471 3415 4558 ostium,
3468 4485 3540 4542 et
3570 4472 3811 4563 pulso,
3862 4473 3922 4541 si
3960 4475 4121 4567 quis
4151 4478 4393 4551 audiet
4423 4502 4669 4550 vocem
4703 4500 4961 4564 meam,
5003 4492 5078 4552 et
5135 4480 5148 4493 '

3121 4573 3425 4664 aperiet,
3487 4570 3848 4663 ingrediar
3889 4576 3978 4643 ad
4022 4598 4208 4650 eum.
4325 4577 4697 4652 Recitatur
4745 4592 4818 4651 et
4859 4580 5074 4670 digna

3124 4674 3684 4746 consideratione
3714 4669 4008 4747 historia
4040 4678 4129 4747 de
4163 4674 4485 4751 Iohanne
4513 4677 4898 4774 Apostolo,
4948 4681 5076 4775 qui

3124 4775 3637 4847 adolescentem
3668 4799 3753 4845 ex
3786 4776 4123 4850 sodalicio
4156 4781 4722 4854 latrunculorum
4778 4782 5075 4855 reduxit.

3076 4902 3077 4905 ’
3123 4876 3374 4970 Sitque
3440 4889 3634 4967 grata
3695 4878 3833 4967 piis
3889 4873 4060 4951 haec
4102 4905 4270 4954 vera
4329 4883 4952 4966 commonefactio,
5011 4897 5081 4954 et

3123 4978 3344 5067 magis
3373 4990 3609 5048 ament
3641 4978 4077 5067 doctrinam,
4126 5006 4306 5076 quae
4338 4984 4417 5052 in
4449 4981 4789 5055 Ecclesiis
4817 4983 5081 5056 nostris

3127 5079 3217 5147 de
3249 5073 3383 5148 hac
3413 5076 3825 5170 quaestione
3849 5081 4179 5168 traditur,
4230 5107 4393 5153 cum
4416 5085 4707 5157 videant
4732 5081 5082 5157 Ecclesias

3124 5192 3404 5249 nostras
3433 5178 3832 5249 consentire
3875 5202 4034 5250 cum
4081 5182 4368 5255 iudiciis
4416 5185 4725 5259 sincerae
4774 5185 5084 5280 antiqui-

3124 5278 3317 5351 tatis.
3417 5278 3654 5368 Magis
3698 5279 3907 5353 etiam
3957 5299 4195 5356 ament
4239 5287 4458 5357 ritum
4519 5288 4835 5379 privatae
4875 5288 5084 5356 abso-

3126 5381 3459 5465 lutioniS,
3509 5381 3675 5474 quia
3725 5394 3991 5452 veteres
4035 5387 4244 5455 etiam
4298 5382 4490 5458 hunc
4523 5389 4738 5460 ritum
4775 5389 5086 5456 citarunt

3126 5497 3460 5573 tanquam
3493 5482 3974 5552 testimonium
4006 5486 4093 5554 de
4127 5488 4550 5579 recipiendis
4581 5488 4818 5577 lapsis.
4893 5483 5082 5555 Nota

3129 5583 3224 5653 sit
3260 5597 3492 5654 autem
3541 5583 3810 5674 integra
3879 5586 4249 5676 explicatio
4312 5587 4830 5660 controversiae
4870 5579 5087 5655 huius

3130 5683 3307 5755 alibi
3363 5684 3658 5771 tradita,
3735 5700 3815 5757 ut
3878 5686 4019 5759 sint
4077 5688 4511 5779 praemuniti
4569 5686 4808 5756 animi·
4843 5697 5088 5759 contra

4914 584 5068 661 950
5171 566 5202 617 ²⁵
