<?xml version="1.0" encoding="UTF-8"?>
<!DOCTYPE html PUBLIC "-//W3C//DTD XHTML 1.0 Transitional//EN"
    "http://www.w3.org/TR/xhtml1/DTD/xhtml1-transitional.dtd">
<html xmlns="http://www.w3.org/1999/xhtml" xml:lang="en" lang="en">
 <head>
  <title>
</title>
<meta http-equiv="Content-Type" content="text/html;charset=utf-8" />
  <meta name='ocr-system' content='tesseract 3.04.00' />
  <meta name='ocr-capabilities' content='ocr_page ocr_carea ocr_par ocr_line ocrx_word'/>
</head>
<body>
  <div class='ocr_page' id='page_1' title='image "./philippimelanth12melagoog/philippimelanth12melagoog_0236.png"; bbox 0 0 6025 6775; ppageno 0'>
   <div class='ocr_carea' id='block_1_1' title="bbox 497 539 2528 665">
    <p class='ocr_par' dir='ltr' id='par_1_1' title="bbox 497 539 2528 665">
     <span class='ocr_line' id='line_1_1' title="bbox 497 539 2528 665; baseline 0.004 -29"><span class='ocrx_word' id='word_1_1' title='bbox 497 575 575 657; x_wconf 53' lang='grc' dir='ltr'><strong>ω.</strong></span> <span class='ocrx_word' id='word_1_2' title='bbox 678 657 683 665; x_wconf 10' lang='lat' dir='ltr'><strong>p</strong></span> <span class='ocrx_word' id='word_1_3' title='bbox 1258 557 1746 645; x_wconf 82' lang='lat' dir='ltr'><strong>nrsrurarronrs</strong></span> <span class='ocrx_word' id='word_1_4' title='bbox 2235 586 2239 592; x_wconf 95' lang='lat'>·</span> <span class='ocrx_word' id='word_1_5' title='bbox 2347 539 2350 544; x_wconf 83' lang='grc'>’</span> <span class='ocrx_word' id='word_1_6' title='bbox 2445 581 2528 664; x_wconf 64' lang='lat' dir='ltr'><strong>aa,</strong></span> 
     </span>
    </p>
   </div>
   <div class='ocr_carea' id='block_1_2' title="bbox 501 735 2537 2348">
    <p class='ocr_par' dir='ltr' id='par_1_2' title="bbox 501 735 2533 942">
     <span class='ocr_line' id='line_1_2' title="bbox 501 735 2533 838; baseline 0.003 -17"><span class='ocrx_word' id='word_1_7' title='bbox 501 745 625 821; x_wconf 81' lang='lat' dir='ltr'><strong>minus</strong></span> <span class='ocrx_word' id='word_1_8' title='bbox 646 743 817 820; x_wconf 86' lang='lat' dir='ltr'><strong>novitatis</strong></span> <span class='ocrx_word' id='word_1_9' title='bbox 839 738 1072 835; x_wconf 78' lang='lat' dir='ltr'><strong>conspicitur,</strong></span> <span class='ocrx_word' id='word_1_10' title='bbox 1102 746 1211 833; x_wconf 75' lang='lat' dir='ltr'><strong>quain</strong></span> <span class='ocrx_word' id='word_1_11' title='bbox 1230 758 1313 811; x_wconf 83' lang='lat' dir='ltr'><strong>snm</strong></span> <span class='ocrx_word' id='word_1_12' title='bbox 1335 738 1489 812; x_wconf 72' lang='lat' dir='ltr'><strong>manime</strong></span> <span class='ocrx_word' id='word_1_13' title='bbox 1540 738 1639 832; x_wconf 86' lang='lat' dir='ltr'><strong>qnod</strong></span> <span class='ocrx_word' id='word_1_14' title='bbox 1668 750 1764 811; x_wconf 88' lang='lat' dir='ltr'><strong>certo</strong></span> <span class='ocrx_word' id='word_1_15' title='bbox 1791 735 1878 812; x_wconf 84' lang='lat' dir='ltr'><strong>iusti</strong></span> <span class='ocrx_word' id='word_1_16' title='bbox 1900 739 2014 813; x_wconf 85' lang='lat' dir='ltr'><strong>simus</strong></span> <span class='ocrx_word' id='word_1_17' title='bbox 2035 739 2147 833; x_wconf 73' lang='lat' dir='ltr'><strong>gratis</strong></span> <span class='ocrx_word' id='word_1_18' title='bbox 2167 767 2232 838; x_wconf 78' lang='lat' dir='ltr'><strong>per</strong></span> <span class='ocrx_word' id='word_1_19' title='bbox 2250 748 2533 830; x_wconf 73' lang='lat' dir='ltr'><strong>miserimdiam</strong></span> 
     </span>
     <span class='ocr_line' id='line_1_3' title="bbox 503 834 2290 942; baseline -0.008 -19"><span class='ocrx_word' id='word_1_20' title='bbox 503 848 649 942; x_wconf 88' lang='lat' dir='ltr'><strong>angitur</strong></span> <span class='ocrx_word' id='word_1_21' title='bbox 665 844 891 919; x_wconf 86' lang='lat' dir='ltr'><strong>conscientia.</strong></span> <span class='ocrx_word' id='word_1_22' title='bbox 1541 852 1687 932; x_wconf 92' lang='lat' dir='ltr'><strong>propter</strong></span> <span class='ocrx_word' id='word_1_23' title='bbox 1698 834 1883 911; x_wconf 74' lang='lat' dir='ltr'><strong>Christum</strong></span> <span class='ocrx_word' id='word_1_24' title='bbox 1900 841 1983 918; x_wconf 87' lang='lat' dir='ltr'><strong>lide.</strong></span> <span class='ocrx_word' id='word_1_25' title='bbox 2286 925 2290 931; x_wconf 87' lang='lat'>.</span> 
     </span>
    </p>

    <p class='ocr_par' dir='ltr' id='par_1_3' title="bbox 504 935 2535 1344">
     <span class='ocr_line' id='line_1_4' title="bbox 610 935 2532 1042; baseline 0.003 -23"><span class='ocrx_word' id='word_1_26' title='bbox 610 946 672 1023; x_wconf 84' lang='grc'><strong>19.</strong></span> <span class='ocrx_word' id='word_1_27' title='bbox 703 945 781 1017; x_wconf 86' lang='lat' dir='ltr'><strong>¹llla</strong></span> <span class='ocrx_word' id='word_1_28' title='bbox 803 958 857 1016; x_wconf 83' lang='lat' dir='ltr'><strong>eat</strong></span> <span class='ocrx_word' id='word_1_29' title='bbox 878 954 971 1015; x_wconf 90' lang='lat' dir='ltr'><strong>recta</strong></span> <span class='ocrx_word' id='word_1_30' title='bbox 991 943 1072 1029; x_wconf 87' lang='lat' dir='ltr'><strong>via,</strong></span> <span class='ocrx_word' id='word_1_31' title='bbox 1109 939 1224 1014; x_wconf 87' lang='lat' dir='ltr'><strong>ordiri</strong></span> <span class='ocrx_word' id='word_1_32' title='bbox 1244 965 1265 1013; x_wconf 88' lang='lat' dir='ltr'><strong>a</strong></span> <span class='ocrx_word' id='word_1_33' title='bbox 1287 941 1416 1029; x_wconf 88' lang='lat' dir='ltr'><strong>verbo,</strong></span> <span class='ocrx_word' id='word_1_34' title='bbox 1455 954 1490 1012; x_wconf 91' lang='lat' dir='ltr'><strong>et</strong></span> <span class='ocrx_word' id='word_1_35' title='bbox 1645 937 1707 1013; x_wconf 72' lang='grc'><strong>82.</strong></span> <span class='ocrx_word' id='word_1_36' title='bbox 1740 938 1852 1013; x_wconf 81' lang='lat' dir='ltr'>Recte</span> <span class='ocrx_word' id='word_1_37' title='bbox 1872 941 1960 1012; x_wconf 91' lang='lat' dir='ltr'><strong>dicit</strong></span> <span class='ocrx_word' id='word_1_38' title='bbox 1983 935 2212 1028; x_wconf 80' lang='lat' dir='ltr'><strong>Aristoteles,</strong></span> <span class='ocrx_word' id='word_1_39' title='bbox 2235 969 2299 1022; x_wconf 85' lang='lat' dir='ltr'><strong>sua</strong></span> <span class='ocrx_word' id='word_1_40' title='bbox 2315 969 2440 1042; x_wconf 85' lang='lat' dir='ltr'><strong>sponte</strong></span> <span class='ocrx_word' id='word_1_41' title='bbox 2461 951 2532 1027; x_wconf 90' lang='lat' dir='ltr'><strong>ho-</strong></span> 
     </span>
     <span class='ocr_line' id='line_1_5' title="bbox 504 1038 2531 1146; baseline 0 -32"><span class='ocrx_word' id='word_1_42' title='bbox 504 1068 674 1146; x_wconf 77' lang='lat' dir='ltr'><strong>qmerere</strong></span> <span class='ocrx_word' id='word_1_43' title='bbox 697 1046 738 1114; x_wconf 94' lang='lat' dir='ltr'><strong>in</strong></span> <span class='ocrx_word' id='word_1_44' title='bbox 759 1047 869 1117; x_wconf 81' lang='lat' dir='ltr'><strong>verbo</strong></span> <span class='ocrx_word' id='word_1_45' title='bbox 891 1044 1177 1116; x_wconf 71' lang='lat' dir='ltr'><strong>consolationem.</strong></span> <span class='ocrx_word' id='word_1_46' title='bbox 1214 1042 1289 1115; x_wconf 87' lang='lat' dir='ltr'><strong>Nec</strong></span> <span class='ocrx_word' id='word_1_47' title='bbox 1309 1042 1491 1116; x_wconf 88' lang='lat' dir='ltr'><strong>somnian-</strong></span> <span class='ocrx_word' id='word_1_48' title='bbox 1541 1038 1656 1111; x_wconf 90' lang='lat' dir='ltr'><strong>mines</strong></span> <span class='ocrx_word' id='word_1_49' title='bbox 1669 1042 1766 1111; x_wconf 91' lang='lat' dir='ltr'><strong>bona</strong></span> <span class='ocrx_word' id='word_1_50' title='bbox 1782 1040 2070 1131; x_wconf 82' lang='lat' dir='ltr'><strong>etmalafacere,</strong></span> <span class='ocrx_word' id='word_1_51' title='bbox 2092 1058 2130 1120; x_wconf 88' lang='lat' dir='ltr'><strong>et</strong></span> <span class='ocrx_word' id='word_1_52' title='bbox 2148 1059 2271 1120; x_wconf 81' lang='lat' dir='ltr'><strong>tamen</strong></span> <span class='ocrx_word' id='word_1_53' title='bbox 2292 1073 2416 1123; x_wconf 76' lang='lat' dir='ltr'><strong>verum</strong></span> <span class='ocrx_word' id='word_1_54' title='bbox 2436 1056 2531 1128; x_wconf 72' lang='lat' dir='ltr'><strong>illud</strong></span> 
     </span>
     <span class='ocr_line' id='line_1_6' title="bbox 505 1140 2533 1240; baseline 0.002 -16"><span class='ocrx_word' id='word_1_55' title='bbox 505 1154 595 1224; x_wconf 89' lang='lat' dir='ltr'><strong>dum</strong></span> <span class='ocrx_word' id='word_1_56' title='bbox 616 1161 692 1233; x_wconf 89' lang='lat' dir='ltr'><strong>est,</strong></span> <span class='ocrx_word' id='word_1_57' title='bbox 723 1148 820 1240; x_wconf 87' lang='lat' dir='ltr'><strong>quod</strong></span> <span class='ocrx_word' id='word_1_58' title='bbox 850 1145 991 1219; x_wconf 88' lang='lat' dir='ltr'><strong>novitas</strong></span> <span class='ocrx_word' id='word_1_59' title='bbox 1016 1147 1197 1218; x_wconf 80' lang='lat' dir='ltr'><strong>snteoedat</strong></span> <span class='ocrx_word' id='word_1_60' title='bbox 1227 1148 1395 1233; x_wconf 84' lang='lat' dir='ltr'><strong>verbum,</strong></span> <span class='ocrx_word' id='word_1_61' title='bbox 1428 1145 1491 1215; x_wconf 90' lang='lat' dir='ltr'><strong>sed</strong></span> <span class='ocrx_word' id='word_1_62' title='bbox 1542 1153 1615 1228; x_wconf 89' lang='lat' dir='ltr'><strong>est,</strong></span> <span class='ocrx_word' id='word_1_63' title='bbox 1641 1143 1737 1234; x_wconf 89' lang='lat' dir='ltr'><strong>quod</strong></span> <span class='ocrx_word' id='word_1_64' title='bbox 1754 1141 1804 1213; x_wconf 90' lang='lat' dir='ltr'><strong>ait</strong></span> <span class='ocrx_word' id='word_1_65' title='bbox 1817 1140 1922 1215; x_wconf 87' lang='lat' dir='ltr'><strong>Plato</strong></span> <span class='ocrx_word' id='word_1_66' title='bbox 1936 1141 2160 1219; x_wconf 79' lang='lat' dir='ltr'><strong>in&#39;l&#39;irnaeos</strong></span> <span class='ocrx_word' id='word_1_67' title='bbox 2183 1146 2299 1221; x_wconf 82' lang='grc' dir='ltr'>Νιιο</span> <span class='ocrx_word' id='word_1_68' title='bbox 2319 1153 2444 1226; x_wconf 78' lang='lat' dir='ltr'><strong>volem</strong></span> <span class='ocrx_word' id='word_1_69' title='bbox 2455 1180 2533 1229; x_wconf 89' lang='lat' dir='ltr'><strong>ma·</strong></span> 
     </span>
     <span class='ocr_line' id='line_1_7' title="bbox 506 1243 2535 1344; baseline 0 -23"><span class='ocrx_word' id='word_1_70' title='bbox 506 1251 710 1332; x_wconf 82' lang='lat' dir='ltr'><strong>sciendum,</strong></span> <span class='ocrx_word' id='word_1_71' title='bbox 735 1248 832 1340; x_wconf 91' lang='lat' dir='ltr'><strong>quod</strong></span> <span class='ocrx_word' id='word_1_72' title='bbox 848 1260 1016 1341; x_wconf 89' lang='lat' dir='ltr'><strong>seqnatnr</strong></span> <span class='ocrx_word' id='word_1_73' title='bbox 1026 1248 1174 1319; x_wconf 88' lang='lat' dir='ltr'><strong>verbum</strong></span> <span class='ocrx_word' id='word_1_74' title='bbox 1191 1257 1225 1318; x_wconf 91' lang='lat' dir='ltr'><strong>et</strong></span> <span class='ocrx_word' id='word_1_75' title='bbox 1237 1246 1354 1321; x_wconf 86' lang='lat' dir='ltr'><strong>fidem.</strong></span> <span class='ocrx_word' id='word_1_76' title='bbox 1543 1243 1600 1311; x_wconf 89' lang='lat' dir='ltr'><strong>lus</strong></span> <span class='ocrx_word' id='word_1_77' title='bbox 1624 1254 1695 1326; x_wconf 88' lang='lat' dir='ltr'><strong>est,</strong></span> <span class='ocrx_word' id='word_1_78' title='bbox 1719 1243 1781 1312; x_wconf 90' lang='lat' dir='ltr'><strong>sed</strong></span> <span class='ocrx_word' id='word_1_79' title='bbox 1802 1243 1891 1314; x_wconf 90' lang='lat' dir='ltr'><strong>mali</strong></span> <span class='ocrx_word' id='word_1_80' title='bbox 1910 1243 2002 1318; x_wconf 88' lang='lat' dir='ltr'><strong>liunt</strong></span> <span class='ocrx_word' id='word_1_81' title='bbox 2019 1246 2107 1320; x_wconf 84' lang='lat' dir='ltr'><strong>tales</strong></span> <span class='ocrx_word' id='word_1_82' title='bbox 2127 1262 2277 1341; x_wconf 88' lang='lat' dir='ltr'><strong>propter</strong></span> <span class='ocrx_word' id='word_1_83' title='bbox 2287 1275 2442 1344; x_wconf 85' lang='lat' dir='ltr'><strong>pravum</strong></span> <span class='ocrx_word' id='word_1_84' title='bbox 2452 1279 2535 1328; x_wconf 78' lang='lat' dir='ltr'><strong>cor-</strong></span> 
     </span>
    </p>

    <p class='ocr_par' dir='ltr' id='par_1_4' title="bbox 506 1337 2535 1945">
     <span class='ocr_line' id='line_1_8' title="bbox 609 1337 2535 1442; baseline 0.001 -18"><span class='ocrx_word' id='word_1_85' title='bbox 609 1351 672 1424; x_wconf 78' lang='grc'><strong>20.</strong></span> <span class='ocrx_word' id='word_1_86' title='bbox 695 1346 779 1418; x_wconf 88' lang='lat' dir='ltr'><strong>Non</strong></span> <span class='ocrx_word' id='word_1_87' title='bbox 793 1348 902 1439; x_wconf 90' lang='lat' dir='ltr'><strong>igitur</strong></span> <span class='ocrx_word' id='word_1_88' title='bbox 915 1348 1074 1420; x_wconf 89' lang='lat' dir='ltr'><strong>tollimus</strong></span> <span class='ocrx_word' id='word_1_89' title='bbox 1086 1371 1207 1442; x_wconf 89' lang='lat' dir='ltr'><strong>opera,</strong></span> <span class='ocrx_word' id='word_1_90' title='bbox 1221 1360 1360 1421; x_wconf 86' lang='lat' dir='ltr'><strong>tantum</strong></span> <span class='ocrx_word' id='word_1_91' title='bbox 1372 1356 1494 1418; x_wconf 86' lang='lat' dir='ltr'><strong>osten·</strong></span> <span class='ocrx_word' id='word_1_92' title='bbox 1544 1341 1643 1435; x_wconf 90' lang='lat' dir='ltr'><strong>poris</strong></span> <span class='ocrx_word' id='word_1_93' title='bbox 1668 1337 1832 1415; x_wconf 92' lang='lat' dir='ltr'><strong>habitum</strong></span> <span class='ocrx_word' id='word_1_94' title='bbox 1854 1357 1890 1415; x_wconf 90' lang='lat' dir='ltr'><strong>et</strong></span> <span class='ocrx_word' id='word_1_95' title='bbox 1907 1346 2075 1418; x_wconf 70' lang='lat' dir='ltr'><strong>etiamen</strong></span> <span class='ocrx_word' id='word_1_96' title='bbox 2098 1349 2370 1440; x_wconf 75' lang='lat' dir='ltr'><strong>educationem,</strong></span> <span class='ocrx_word' id='word_1_97' title='bbox 2410 1353 2535 1440; x_wconf 66' lang='lat' dir='ltr'><strong>nost,</strong></span> 
     </span>
     <span class='ocr_line' id='line_1_9' title="bbox 510 1436 2533 1547; baseline 0.001 -25"><span class='ocrx_word' id='word_1_98' title='bbox 510 1457 647 1535; x_wconf 85' lang='lat' dir='ltr'><strong>dimus,</strong></span> <span class='ocrx_word' id='word_1_99' title='bbox 672 1448 770 1518; x_wconf 90' lang='lat' dir='ltr'><strong>unde</strong></span> <span class='ocrx_word' id='word_1_100' title='bbox 784 1450 1019 1521; x_wconf 88' lang='lat' dir='ltr'><strong>conscientiae</strong></span> <span class='ocrx_word' id='word_1_101' title='bbox 1040 1450 1128 1522; x_wconf 86' lang='lat' dir='ltr'><strong>fiant</strong></span> <span class='ocrx_word' id='word_1_102' title='bbox 1148 1464 1280 1531; x_wconf 88' lang='lat' dir='ltr'><strong>certae,</strong></span> <span class='ocrx_word' id='word_1_103' title='bbox 1306 1447 1379 1519; x_wconf 88' lang='lat' dir='ltr'><strong>imo</strong></span> <span class='ocrx_word' id='word_1_104' title='bbox 1396 1469 1493 1517; x_wconf 87' lang='lat' dir='ltr'><strong>sum·</strong></span> <span class='ocrx_word' id='word_1_105' title='bbox 1542 1436 1615 1537; x_wconf 73' lang='grc' dir='ltr'><strong>μὲν</strong></span> <span class='ocrx_word' id='word_1_106' title='bbox 1628 1436 1705 1540; x_wconf 73' lang='grc' dir='ltr'><strong>γὰρ</strong></span> <span class='ocrx_word' id='word_1_107' title='bbox 1720 1439 1818 1517; x_wconf 75' lang='grc' dir='ltr'><strong>ἑκὼν</strong></span> <span class='ocrx_word' id='word_1_108' title='bbox 1832 1439 1953 1526; x_wconf 76' lang='grc' dir='ltr'><strong><em>οὐδεὶς</em></strong></span> <span class='ocrx_word' id='word_1_109' title='bbox 1964 1441 2029 1520; x_wconf 78' lang='lat' dir='ltr'><strong>tut</strong></span> <span class='ocrx_word' id='word_1_110' title='bbox 2043 1440 2086 1520; x_wconf 74' lang='lat' dir='ltr'><strong>(id</strong></span> <span class='ocrx_word' id='word_1_111' title='bbox 2100 1446 2447 1547; x_wconf 73' lang='grc' dir='ltr'><strong><em>πονηρὰνὲξιντινᾶ</em></strong></span> <span class='ocrx_word' id='word_1_112' title='bbox 2461 1462 2533 1532; x_wconf 76' lang='grc' dir='ltr'><strong>τοῦ</strong></span> 
     </span>
     <span class='ocr_line' id='line_1_10' title="bbox 507 1535 2535 1648; baseline 0.002 -28"><span class='ocrx_word' id='word_1_113' title='bbox 507 1576 568 1625; x_wconf 85' lang='lat' dir='ltr'><strong>ma</strong></span> <span class='ocrx_word' id='word_1_114' title='bbox 588 1564 624 1621; x_wconf 91' lang='lat' dir='ltr'><strong>et</strong></span> <span class='ocrx_word' id='word_1_115' title='bbox 643 1548 842 1620; x_wconf 86' lang='lat' dir='ltr'><strong>diflicilima</strong></span> <span class='ocrx_word' id='word_1_116' title='bbox 863 1574 970 1644; x_wconf 86' lang='lat' dir='ltr'><strong>opera</strong></span> <span class='ocrx_word' id='word_1_117' title='bbox 992 1551 1238 1645; x_wconf 86' lang='lat' dir='ltr'><strong>praecipimus.</strong></span> <span class='ocrx_word' id='word_1_118' title='bbox 1290 1547 1383 1620; x_wconf 88' lang='lat' dir='ltr'><strong>Nam</strong></span> <span class='ocrx_word' id='word_1_119' title='bbox 1405 1542 1493 1615; x_wconf 92' lang='lat' dir='ltr'><strong>haec</strong></span> <span class='ocrx_word' id='word_1_120' title='bbox 1545 1535 1737 1634; x_wconf 80' lang='grc' dir='ltr'><strong><em>σώματος,</em></strong></span> <span class='ocrx_word' id='word_1_121' title='bbox 1756 1540 1821 1618; x_wconf 78' lang='grc' dir='ltr'><strong>καὶ</strong></span> <span class='ocrx_word' id='word_1_122' title='bbox 1835 1541 2061 1622; x_wconf 75' lang='grc' dir='ltr'><em>ἀπαίδευτον</em></span> <span class='ocrx_word' id='word_1_123' title='bbox 2074 1548 2232 1648; x_wconf 72' lang='grc' dir='ltr'><strong>τροφὴν.</strong></span> <span class='ocrx_word' id='word_1_124' title='bbox 2288 1553 2401 1627; x_wconf 81' lang='lat' dir='ltr'><strong>Nocet</strong></span> <span class='ocrx_word' id='word_1_125' title='bbox 2421 1557 2535 1648; x_wconf 78' lang='lat' dir='ltr'><strong>igitur</strong></span> 
     </span>
     <span class='ocr_line' id='line_1_11' title="bbox 507 1644 2365 1743; baseline 0.003 -20"><span class='ocrx_word' id='word_1_126' title='bbox 507 1651 639 1723; x_wconf 86' lang='lat' dir='ltr'><strong>fiducia</strong></span> <span class='ocrx_word' id='word_1_127' title='bbox 653 1673 728 1719; x_wconf 93' lang='lat' dir='ltr'><strong>non</strong></span> <span class='ocrx_word' id='word_1_128' title='bbox 743 1664 795 1722; x_wconf 92' lang='lat' dir='ltr'><strong>est</strong></span> <span class='ocrx_word' id='word_1_129' title='bbox 810 1652 939 1743; x_wconf 88' lang='lat' dir='ltr'><strong>frigida</strong></span> <span class='ocrx_word' id='word_1_130' title='bbox 953 1652 1103 1738; x_wconf 82' lang='lat' dir='ltr'><strong>noticia,</strong></span> <span class='ocrx_word' id='word_1_131' title='bbox 1127 1654 1187 1723; x_wconf 86' lang='lat' dir='ltr'><strong>sed</strong></span> <span class='ocrx_word' id='word_1_132' title='bbox 1206 1663 1259 1721; x_wconf 88' lang='lat' dir='ltr'><strong>est</strong></span> <span class='ocrx_word' id='word_1_133' title='bbox 1273 1670 1373 1740; x_wconf 91' lang='lat' dir='ltr'><strong>opus,</strong></span> <span class='ocrx_word' id='word_1_134' title='bbox 1397 1647 1494 1739; x_wconf 90' lang='lat' dir='ltr'><strong>quod</strong></span> <span class='ocrx_word' id='word_1_135' title='bbox 1545 1644 1706 1715; x_wconf 86' lang='lat' dir='ltr'><strong>moribus</strong></span> <span class='ocrx_word' id='word_1_136' title='bbox 1718 1645 1903 1717; x_wconf 87' lang='lat' dir='ltr'><strong>barbarica</strong></span> <span class='ocrx_word' id='word_1_137' title='bbox 1919 1647 2094 1738; x_wconf 87' lang='lat' dir='ltr'><strong>ingluvies</strong></span> <span class='ocrx_word' id='word_1_138' title='bbox 2109 1647 2217 1723; x_wconf 85' lang='lat' dir='ltr'><strong>huius</strong></span> <span class='ocrx_word' id='word_1_139' title='bbox 2232 1654 2365 1728; x_wconf 82' lang='lat' dir='ltr'><strong>aetatis.</strong></span> 
     </span>
     <span class='ocr_line' id='line_1_12' title="bbox 506 1742 2533 1844; baseline 0.005 -22"><span class='ocrx_word' id='word_1_140' title='bbox 506 1763 680 1844; x_wconf 89' lang='lat' dir='ltr'><strong>perpetuo</strong></span> <span class='ocrx_word' id='word_1_141' title='bbox 697 1752 851 1823; x_wconf 90' lang='lat' dir='ltr'><strong>luctatur</strong></span> <span class='ocrx_word' id='word_1_142' title='bbox 867 1777 947 1824; x_wconf 85' lang='lat' dir='ltr'><strong>curn</strong></span> <span class='ocrx_word' id='word_1_143' title='bbox 962 1753 1185 1838; x_wconf 84' lang='lat' dir='ltr'><strong>dubitatione</strong></span> <span class='ocrx_word' id='word_1_144' title='bbox 1198 1764 1233 1821; x_wconf 91' lang='lat' dir='ltr'><strong>et</strong></span> <span class='ocrx_word' id='word_1_145' title='bbox 1251 1748 1495 1822; x_wconf 78' lang='lat' dir='ltr'><strong>imbecillitate</strong></span> <span class='ocrx_word' id='word_1_146' title='bbox 1647 1745 1709 1819; x_wconf 75' lang='grc'><strong>88.</strong></span> <span class='ocrx_word' id='word_1_147' title='bbox 1732 1742 2092 1822; x_wconf 83' lang='lat' dir='ltr'><strong>Heraclitusin-hanc</strong></span> <span class='ocrx_word' id='word_1_148' title='bbox 2106 1753 2315 1824; x_wconf 87' lang='lat' dir='ltr'><strong>sententiam</strong></span> <span class='ocrx_word' id='word_1_149' title='bbox 2327 1779 2409 1829; x_wconf 83' lang='lat' dir='ltr'><strong>vere</strong></span> <span class='ocrx_word' id='word_1_150' title='bbox 2421 1759 2533 1832; x_wconf 82' lang='lat' dir='ltr'><strong>dixit:</strong></span> 
     </span>
     <span class='ocr_line' id='line_1_13' title="bbox 506 1838 2535 1945; baseline 0.004 -22"><span class='ocrx_word' id='word_1_151' title='bbox 506 1868 653 1933; x_wconf 89' lang='lat' dir='ltr'><strong>nostra,</strong></span> <span class='ocrx_word' id='word_1_152' title='bbox 679 1876 745 1922; x_wconf 92' lang='lat' dir='ltr'><strong>nec</strong></span> <span class='ocrx_word' id='word_1_153' title='bbox 762 1853 878 1924; x_wconf 84' lang='lat' dir='ltr'><strong>existit</strong></span> <span class='ocrx_word' id='word_1_154' title='bbox 894 1853 965 1923; x_wconf 87' lang='lat' dir='ltr'><strong>nisi</strong></span> <span class='ocrx_word' id='word_1_155' title='bbox 979 1854 1018 1922; x_wconf 90' lang='lat' dir='ltr'><strong>in</strong></span> <span class='ocrx_word' id='word_1_156' title='bbox 1032 1850 1262 1945; x_wconf 86' lang='lat' dir='ltr'><strong>poenitentia.</strong></span> <span class='ocrx_word' id='word_1_157' title='bbox 1362 1881 1371 1896; x_wconf 90' lang='lat'><strong>·</strong></span> <span class='ocrx_word' id='word_1_158' title='bbox 1544 1838 1634 1939; x_wconf 77' lang='grc' dir='ltr'><strong>ξηρὴ</strong></span> <span class='ocrx_word' id='word_1_159' title='bbox 1655 1841 1760 1941; x_wconf 74' lang='grc' dir='ltr'><em>ψυχὴ</em></span> <span class='ocrx_word' id='word_1_160' title='bbox 1782 1841 1983 1944; x_wconf 73' lang='grc' dir='ltr'><em>σοφωτάτη</em></span> <span class='ocrx_word' id='word_1_161' title='bbox 1989 1887 2007 1936; x_wconf 88' lang='lat'><strong>,·</strong></span> <span class='ocrx_word' id='word_1_162' title='bbox 2035 1849 2128 1924; x_wconf 82' lang='lat' dir='ltr'><strong>Nam</strong></span> <span class='ocrx_word' id='word_1_163' title='bbox 2151 1853 2192 1923; x_wconf 91' lang='lat' dir='ltr'><strong>in</strong></span> <span class='ocrx_word' id='word_1_164' title='bbox 2212 1848 2305 1926; x_wconf 91' lang='lat' dir='ltr'><strong>hanc</strong></span> <span class='ocrx_word' id='word_1_165' title='bbox 2323 1862 2535 1931; x_wconf 86' lang='lat' dir='ltr'><strong>sententiam</strong></span> 
     </span>
    </p>

    <p class='ocr_par' dir='ltr' id='par_1_5' title="bbox 505 1940 2537 2246">
     <span class='ocr_line' id='line_1_14' title="bbox 610 1940 2537 2055; baseline 0.003 -31"><span class='ocrx_word' id='word_1_166' title='bbox 610 1952 672 2027; x_wconf 76' lang='lat' dir='ltr'><strong>at,</strong></span> <span class='ocrx_word' id='word_1_167' title='bbox 705 1948 953 2027; x_wconf 80' lang='lat' dir='ltr'><strong>EtChristiani</strong></span> <span class='ocrx_word' id='word_1_168' title='bbox 967 1953 1099 2037; x_wconf 88' lang='lat' dir='ltr'><strong>sciant,</strong></span> <span class='ocrx_word' id='word_1_169' title='bbox 1124 1973 1160 2021; x_wconf 88' lang='lat' dir='ltr'><strong>se</strong></span> <span class='ocrx_word' id='word_1_170' title='bbox 1175 1946 1268 2021; x_wconf 89' lang='lat' dir='ltr'><strong>hanc</strong></span> <span class='ocrx_word' id='word_1_171' title='bbox 1283 1950 1389 2019; x_wconf 87' lang='lat' dir='ltr'><strong>fidem</strong></span> <span class='ocrx_word' id='word_1_172' title='bbox 1405 1970 1495 2042; x_wconf 90' lang='lat' dir='ltr'><strong>quo-</strong></span> <span class='ocrx_word' id='word_1_173' title='bbox 1548 1940 1761 2016; x_wconf 88' lang='lat' dir='ltr'><strong>Plutarchus</strong></span> <span class='ocrx_word' id='word_1_174' title='bbox 1776 1948 2046 2040; x_wconf 85' lang='lat' dir='ltr'><strong>interpretatur.</strong></span> <span class='ocrx_word' id='word_1_175' title='bbox 2083 1951 2261 2047; x_wconf 86' lang='lat' dir='ltr'><strong>Quodque</strong></span> <span class='ocrx_word' id='word_1_176' title='bbox 2270 1953 2429 2030; x_wconf 89' lang='lat' dir='ltr'><strong>Galenus</strong></span> <span class='ocrx_word' id='word_1_177' title='bbox 2441 1956 2537 2055; x_wconf 88' lang='lat' dir='ltr'><strong>phy-</strong></span> 
     </span>
     <span class='ocr_line' id='line_1_15' title="bbox 508 2046 2537 2152; baseline 0.003 -24"><span class='ocrx_word' id='word_1_178' title='bbox 508 2055 599 2128; x_wconf 87' lang='lat' dir='ltr'><strong>tidie</strong></span> <span class='ocrx_word' id='word_1_179' title='bbox 620 2055 660 2123; x_wconf 92' lang='lat' dir='ltr'><strong>in</strong></span> <span class='ocrx_word' id='word_1_180' title='bbox 684 2052 782 2124; x_wconf 92' lang='lat' dir='ltr'><strong>omni</strong></span> <span class='ocrx_word' id='word_1_181' title='bbox 805 2054 1045 2137; x_wconf 87' lang='lat' dir='ltr'><strong>invocatione,</strong></span> <span class='ocrx_word' id='word_1_182' title='bbox 1075 2052 1115 2121; x_wconf 92' lang='lat' dir='ltr'><strong>in</strong></span> <span class='ocrx_word' id='word_1_183' title='bbox 1139 2051 1307 2123; x_wconf 89' lang='lat' dir='ltr'><strong>omnihus</strong></span> <span class='ocrx_word' id='word_1_184' title='bbox 1328 2050 1495 2143; x_wconf 89' lang='lat' dir='ltr'><strong>periculis</strong></span> <span class='ocrx_word' id='word_1_185' title='bbox 1546 2046 1615 2115; x_wconf 86' lang='lat' dir='ltr'><strong>sice</strong></span> <span class='ocrx_word' id='word_1_186' title='bbox 1635 2047 1770 2116; x_wconf 87' lang='lat' dir='ltr'><strong>dietum</strong></span> <span class='ocrx_word' id='word_1_187' title='bbox 1793 2049 1936 2135; x_wconf 85' lang='lat' dir='ltr'><strong>scribit,</strong></span> <span class='ocrx_word' id='word_1_188' title='bbox 1976 2075 2053 2122; x_wconf 91' lang='lat' dir='ltr'><strong>non</strong></span> <span class='ocrx_word' id='word_1_189' title='bbox 2074 2052 2256 2145; x_wconf 89' lang='lat' dir='ltr'><strong>displicet,</strong></span> <span class='ocrx_word' id='word_1_190' title='bbox 2296 2082 2406 2152; x_wconf 82' lang='lat' dir='ltr'><strong>quare</strong></span> <span class='ocrx_word' id='word_1_191' title='bbox 2428 2061 2537 2135; x_wconf 85' lang='lat' dir='ltr'><strong>etiam</strong></span> 
     </span>
     <span class='ocr_line' id='line_1_16' title="bbox 505 2141 2284 2246; baseline 0.008 -32"><span class='ocrx_word' id='word_1_192' title='bbox 505 2154 827 2243; x_wconf 55' lang='lat' dir='ltr'><strong>agema-edebam.</strong></span> <span class='ocrx_word' id='word_1_193' title='bbox 1546 2141 1689 2240; x_wconf 85' lang='lat' dir='ltr'><strong>physice</strong></span> <span class='ocrx_word' id='word_1_194' title='bbox 1705 2148 1921 2221; x_wconf 89' lang='lat' dir='ltr'><strong>intellectum</strong></span> <span class='ocrx_word' id='word_1_195' title='bbox 1938 2174 2013 2222; x_wconf 93' lang='lat' dir='ltr'><strong>non</strong></span> <span class='ocrx_word' id='word_1_196' title='bbox 2027 2151 2284 2246; x_wconf 78' lang='lat' dir='ltr'><strong>improbamus.</strong></span> 
     </span>
    </p>

    <p class='ocr_par' dir='ltr' id='par_1_6' title="bbox 612 2248 1628 2348">
     <span class='ocr_line' id='line_1_17' title="bbox 612 2248 1628 2348; baseline -0.003 -22"><span class='ocrx_word' id='word_1_197' title='bbox 612 2257 675 2329; x_wconf 85' lang='grc'><strong>22.</strong></span> <span class='ocrx_word' id='word_1_198' title='bbox 712 2248 846 2348; x_wconf 78' lang='lat' dir='ltr'><strong>Estque</strong></span> <span class='ocrx_word' id='word_1_199' title='bbox 868 2277 958 2348; x_wconf 89' lang='lat' dir='ltr'><strong>opus</strong></span> <span class='ocrx_word' id='word_1_200' title='bbox 976 2254 1164 2347; x_wconf 84' lang='lat' dir='ltr'><strong>praecipue</strong></span> <span class='ocrx_word' id='word_1_201' title='bbox 1183 2250 1422 2336; x_wconf 88' lang='lat' dir='ltr'><strong>meritorium,</strong></span> <span class='ocrx_word' id='word_1_202' title='bbox 1461 2264 1497 2324; x_wconf 89' lang='lat' dir='ltr'><strong>et</strong></span> <span class='ocrx_word' id='word_1_203' title='bbox 1621 2325 1628 2334; x_wconf 70' lang='grc'><strong>,</strong></span> 
     </span>
    </p>
   </div>
   <div class='ocr_carea' id='block_1_3' title="bbox 509 2352 2534 2478">
    <p class='ocr_par' dir='ltr' id='par_1_7' title="bbox 509 2352 2534 2478">
     <span class='ocr_line' id='line_1_18' title="bbox 509 2352 2534 2478; baseline 0.008 -49"><span class='ocrx_word' id='word_1_204' title='bbox 509 2373 632 2430; x_wconf 66' lang='lat' dir='ltr'><strong>nmen</strong></span> <span class='ocrx_word' id='word_1_205' title='bbox 648 2354 792 2425; x_wconf 78' lang='lat' dir='ltr'><strong>existere</strong></span> <span class='ocrx_word' id='word_1_206' title='bbox 806 2369 841 2427; x_wconf 90' lang='lat' dir='ltr'><strong>et</strong></span> <span class='ocrx_word' id='word_1_207' title='bbox 857 2358 1011 2426; x_wconf 82' lang='lat' dir='ltr'><strong>exerceri</strong></span> <span class='ocrx_word' id='word_1_208' title='bbox 1025 2378 1099 2425; x_wconf 91' lang='lat' dir='ltr'><strong>non</strong></span> <span class='ocrx_word' id='word_1_209' title='bbox 1114 2367 1249 2444; x_wconf 86' lang='lat' dir='ltr'><strong>posset,</strong></span> <span class='ocrx_word' id='word_1_210' title='bbox 1275 2352 1307 2422; x_wconf 88' lang='lat' dir='ltr'><strong>si</strong></span> <span class='ocrx_word' id='word_1_211' title='bbox 1326 2353 1496 2443; x_wconf 86' lang='lat' dir='ltr'><strong>penderet</strong></span> <span class='ocrx_word' id='word_1_212' title='bbox 1548 2380 1654 2477; x_wconf 46' lang='grc' dir='ltr'><strong>(Ιχ.)</strong></span> <span class='ocrx_word' id='word_1_213' title='bbox 1680 2385 1790 2455; x_wconf 62' lang='lat' dir='ltr'><strong>Alpa</strong></span> <span class='ocrx_word' id='word_1_214' title='bbox 1819 2382 2111 2478; x_wconf 55' lang='lat' dir='ltr'><strong>gggpugaggo,</strong></span> <span class='ocrx_word' id='word_1_215' title='bbox 2129 2387 2179 2460; x_wconf 56' lang='lat' dir='ltr'><strong>a,</strong></span> <span class='ocrx_word' id='word_1_216' title='bbox 2200 2398 2392 2468; x_wconf 57' lang='lat' dir='ltr'><strong>,emma</strong></span> <span class='ocrx_word' id='word_1_217' title='bbox 2417 2395 2534 2472; x_wconf 52' lang='lat' dir='ltr'><strong>dmg,</strong></span> 
     </span>
    </p>
   </div>
   <div class='ocr_carea' id='block_1_4' title="bbox 510 2456 2530 2650">
    <p class='ocr_par' dir='ltr' id='par_1_8' title="bbox 510 2456 2530 2650">
     <span class='ocr_line' id='line_1_19' title="bbox 510 2456 2530 2585; baseline -0.006 -57"><span class='ocrx_word' id='word_1_218' title='bbox 510 2482 554 2528; x_wconf 85' lang='lat' dir='ltr'><strong>er</strong></span> <span class='ocrx_word' id='word_1_219' title='bbox 567 2456 770 2528; x_wconf 88' lang='lat' dir='ltr'><strong>conditione</strong></span> <span class='ocrx_word' id='word_1_220' title='bbox 783 2456 966 2547; x_wconf 80' lang='lat' dir='ltr'><strong>dignitatis</strong></span> <span class='ocrx_word' id='word_1_221' title='bbox 980 2466 1133 2527; x_wconf 88' lang='lat' dir='ltr'><strong>nostrae.</strong></span> <span class='ocrx_word' id='word_1_222' title='bbox 1171 2552 1181 2570; x_wconf 40' lang='lat'><strong>·</strong></span> <span class='ocrx_word' id='word_1_223' title='bbox 1598 2483 1689 2557; x_wconf 58' lang='lat' dir='ltr'><strong>pide</strong></span> <span class='ocrx_word' id='word_1_224' title='bbox 1714 2482 1980 2583; x_wconf 45' lang='lat' dir='ltr'><strong>panificum·</strong></span> <span class='ocrx_word' id='word_1_225' title='bbox 2030 2490 2132 2575; x_wconf 42' lang='lat' dir='ltr'><strong>(opp.</strong></span> <span class='ocrx_word' id='word_1_226' title='bbox 2148 2492 2245 2561; x_wconf 44' lang='grc' dir='ltr'><strong>Μ.</strong></span> <span class='ocrx_word' id='word_1_227' title='bbox 2259 2495 2317 2565; x_wconf 37' lang='lat' dir='ltr'><strong>m·</strong></span> <span class='ocrx_word' id='word_1_228' title='bbox 2343 2524 2374 2585; x_wconf 40' lang='lat' dir='ltr'><strong>p·</strong></span> <span class='ocrx_word' id='word_1_229' title='bbox 2392 2503 2485 2585; x_wconf 38' lang='lat'>3⁰7.)</span> <span class='ocrx_word' id='word_1_230' title='bbox 2510 2491 2530 2516; x_wconf 90' lang='lat'><strong>·.</strong></span> 
     </span>
     <span class='ocr_line' id='line_1_20' title="bbox 613 2553 1496 2650; baseline -0.006 -22"><span class='ocrx_word' id='word_1_231' title='bbox 613 2558 675 2629; x_wconf 78' lang='grc'><strong>23.</strong></span> <span class='ocrx_word' id='word_1_232' title='bbox 708 2558 823 2650; x_wconf 87' lang='lat' dir='ltr'><strong>quue</strong></span> <span class='ocrx_word' id='word_1_233' title='bbox 837 2569 912 2627; x_wconf 93' lang='lat' dir='ltr'><strong>tum</strong></span> <span class='ocrx_word' id='word_1_234' title='bbox 927 2553 1130 2624; x_wconf 88' lang='lat' dir='ltr'><strong>consolatur</strong></span> <span class='ocrx_word' id='word_1_235' title='bbox 1143 2575 1221 2644; x_wconf 87' lang='lat' dir='ltr'><strong>pras</strong></span> <span class='ocrx_word' id='word_1_236' title='bbox 1242 2564 1394 2638; x_wconf 87' lang='lat' dir='ltr'><strong>mentes,</strong></span> <span class='ocrx_word' id='word_1_237' title='bbox 1419 2567 1496 2624; x_wconf 93' lang='lat' dir='ltr'><strong>tum</strong></span> 
     </span>
    </p>
   </div>
   <div class='ocr_carea' id='block_1_5' title="bbox 503 2629 2537 3869">
    <p class='ocr_par' dir='ltr' id='par_1_9' title="bbox 503 2629 2537 3869">
     <span class='ocr_line' id='line_1_21' title="bbox 503 2629 2537 2748; baseline -0.002 -17"><span class='ocrx_word' id='word_1_238' title='bbox 503 2654 723 2744; x_wconf 24' lang='lat' dir='ltr'><strong>,adhortatur</strong></span> <span class='ocrx_word' id='word_1_239' title='bbox 739 2658 784 2727; x_wconf 93' lang='lat' dir='ltr'><strong>ad</strong></span> <span class='ocrx_word' id='word_1_240' title='bbox 799 2676 840 2723; x_wconf 88' lang='lat' dir='ltr'><strong>ea</strong></span> <span class='ocrx_word' id='word_1_241' title='bbox 854 2675 961 2743; x_wconf 86' lang='lat' dir='ltr'><strong>opera</strong></span> <span class='ocrx_word' id='word_1_242' title='bbox 978 2655 1179 2727; x_wconf 82' lang='lat' dir='ltr'><strong>exercenda.</strong></span> <span class='ocrx_word' id='word_1_243' title='bbox 1545 2629 1694 2716; x_wconf 78' lang='lat' dir='ltr'><strong>lustitia</strong></span> <span class='ocrx_word' id='word_1_244' title='bbox 1711 2644 1864 2716; x_wconf 87' lang='lat' dir='ltr'><strong>civiliter</strong></span> <span class='ocrx_word' id='word_1_245' title='bbox 1879 2648 2054 2737; x_wconf 85' lang='lat' dir='ltr'><strong>significat</strong></span> <span class='ocrx_word' id='word_1_246' title='bbox 2067 2649 2306 2724; x_wconf 87' lang='lat' dir='ltr'><strong>obedientiam</strong></span> <span class='ocrx_word' id='word_1_247' title='bbox 2327 2677 2408 2744; x_wconf 84' lang='lat' dir='ltr'><strong>erga</strong></span> <span class='ocrx_word' id='word_1_248' title='bbox 2429 2669 2537 2748; x_wconf 86' lang='lat' dir='ltr'><strong>supe&#39;-</strong></span> 
     </span>
     <span class='ocr_line' id='line_1_22' title="bbox 612 2743 2535 2843; baseline 0.011 -38"><span class='ocrx_word' id='word_1_249' title='bbox 612 2759 677 2835; x_wconf 56' lang='lat'><strong>24·</strong></span> <span class='ocrx_word' id='word_1_250' title='bbox 701 2757 740 2829; x_wconf 72' lang='lat' dir='ltr'><strong>Si</strong></span> <span class='ocrx_word' id='word_1_251' title='bbox 754 2755 906 2824; x_wconf 56' lang='lat' dir='ltr'><strong>secunda</strong></span> <span class='ocrx_word' id='word_1_252' title='bbox 922 2752 1221 2843; x_wconf 62' lang='lat' dir='ltr'><strong>opiniotpangsert</strong></span> <span class='ocrx_word' id='word_1_253' title='bbox 1235 2753 1398 2826; x_wconf 73' lang='lat' dir='ltr'><strong>fiduciam</strong></span> <span class='ocrx_word' id='word_1_254' title='bbox 1414 2766 1495 2824; x_wconf 71' lang='lat' dir='ltr'><strong>tan.</strong></span> <span class='ocrx_word' id='word_1_255' title='bbox 1547 2748 1700 2824; x_wconf 84' lang='lat' dir='ltr'><strong>riorem,</strong></span> <span class='ocrx_word' id='word_1_256' title='bbox 1723 2759 1764 2818; x_wconf 82' lang='lat' dir='ltr'><strong>ut</strong></span> <span class='ocrx_word' id='word_1_257' title='bbox 1786 2747 1825 2815; x_wconf 83' lang='lat' dir='ltr'><strong>in</strong></span> <span class='ocrx_word' id='word_1_258' title='bbox 1838 2743 1978 2820; x_wconf 75' lang='lat' dir='ltr'><strong>Elhltls</strong></span> <span class='ocrx_word' id='word_1_259' title='bbox 2000 2760 2101 2834; x_wconf 66' lang='lat' dir='ltr'><strong>rethe,</strong></span> <span class='ocrx_word' id='word_1_260' title='bbox 2115 2764 2150 2823; x_wconf 66' lang='lat' dir='ltr'><strong>ei</strong></span> <span class='ocrx_word' id='word_1_261' title='bbox 2169 2754 2305 2823; x_wconf 58' lang='lat' dir='ltr'><strong>erudiit</strong></span> <span class='ocrx_word' id='word_1_262' title='bbox 2325 2755 2429 2826; x_wconf 69' lang='lat' dir='ltr'><strong>docel</strong></span> <span class='ocrx_word' id='word_1_263' title='bbox 2443 2755 2535 2828; x_wconf 69' lang='lat' dir='ltr'><strong>Al&#39;l·</strong></span> 
     </span>
     <span class='ocr_line' id='line_1_23' title="bbox 509 2847 1700 2949; baseline -0.008 -17"><span class='ocrx_word' id='word_1_264' title='bbox 509 2875 589 2932; x_wconf 87' lang='lat' dir='ltr'><strong>tum</strong></span> <span class='ocrx_word' id='word_1_265' title='bbox 602 2863 648 2931; x_wconf 93' lang='lat' dir='ltr'><strong>ad</strong></span> <span class='ocrx_word' id='word_1_266' title='bbox 660 2852 956 2935; x_wconf 89' lang='lat' dir='ltr'><strong>misericordiam,</strong></span> <span class='ocrx_word' id='word_1_267' title='bbox 981 2877 1057 2924; x_wconf 90' lang='lat' dir='ltr'><strong>non</strong></span> <span class='ocrx_word' id='word_1_268' title='bbox 1078 2856 1122 2925; x_wconf 89' lang='lat' dir='ltr'><strong>ad</strong></span> <span class='ocrx_word' id='word_1_269' title='bbox 1140 2868 1261 2926; x_wconf 86' lang='lat' dir='ltr'><strong>nostra</strong></span> <span class='ocrx_word' id='word_1_270' title='bbox 1282 2879 1407 2949; x_wconf 91' lang='lat' dir='ltr'><strong>opera,</strong></span> <span class='ocrx_word' id='word_1_271' title='bbox 1436 2854 1496 2922; x_wconf 91' lang='lat' dir='ltr'><strong>in·</strong></span> <span class='ocrx_word' id='word_1_272' title='bbox 1547 2847 1700 2921; x_wconf 75' lang='lat' dir='ltr'><strong>stottles·</strong></span> 
     </span>
     <span class='ocr_line' id='line_1_24' title="bbox 510 2942 2532 3049; baseline 0 -19"><span class='ocrx_word' id='word_1_273' title='bbox 510 2960 664 3034; x_wconf 82' lang='lat' dir='ltr'><strong>flectitur</strong></span> <span class='ocrx_word' id='word_1_274' title='bbox 675 2951 818 3049; x_wconf 90' lang='lat' dir='ltr'><strong>quidem</strong></span> <span class='ocrx_word' id='word_1_275' title='bbox 830 2954 875 3025; x_wconf 91' lang='lat' dir='ltr'><strong>ad</strong></span> <span class='ocrx_word' id='word_1_276' title='bbox 890 2967 1045 3026; x_wconf 89' lang='lat' dir='ltr'><strong>nostram</strong></span> <span class='ocrx_word' id='word_1_277' title='bbox 1061 2956 1283 3042; x_wconf 89' lang='lat' dir='ltr'><strong>sententiam,</strong></span> <span class='ocrx_word' id='word_1_278' title='bbox 1301 2958 1362 3027; x_wconf 89' lang='lat' dir='ltr'><strong>sed</strong></span> <span class='ocrx_word' id='word_1_279' title='bbox 1379 2969 1495 3026; x_wconf 88' lang='lat' dir='ltr'><strong>tamen</strong></span> <span class='ocrx_word' id='word_1_280' title='bbox 1649 2951 1686 3021; x_wconf 74' lang='lat'><strong>2.</strong></span> <span class='ocrx_word' id='word_1_281' title='bbox 1720 2942 1771 3017; x_wconf 81' lang='lat' dir='ltr'><strong>Et</strong></span> <span class='ocrx_word' id='word_1_282' title='bbox 1797 2947 1936 3017; x_wconf 72' lang='lat' dir='ltr'><strong>iusticia</strong></span> <span class='ocrx_word' id='word_1_283' title='bbox 1964 2948 2015 3017; x_wconf 73' lang='lat' dir='ltr'><strong>sic</strong></span> <span class='ocrx_word' id='word_1_284' title='bbox 2041 2963 2158 3022; x_wconf 79' lang='lat' dir='ltr'><strong>sumta</strong></span> <span class='ocrx_word' id='word_1_285' title='bbox 2179 2952 2348 3044; x_wconf 75' lang='lat' dir='ltr'><strong>significat</strong></span> <span class='ocrx_word' id='word_1_286' title='bbox 2371 2968 2532 3030; x_wconf 81' lang='lat' dir='ltr'><strong>nostram</strong></span> 
     </span>
     <span class='ocr_line' id='line_1_25' title="bbox 507 3047 2094 3154; baseline -0.005 -22"><span class='ocrx_word' id='word_1_287' title='bbox 507 3063 595 3154; x_wconf 86' lang='lat' dir='ltr'><strong>quia</strong></span> <span class='ocrx_word' id='word_1_288' title='bbox 616 3059 756 3129; x_wconf 88' lang='lat' dir='ltr'><strong>videtur</strong></span> <span class='ocrx_word' id='word_1_289' title='bbox 777 3077 916 3127; x_wconf 85' lang='lat' dir='ltr'><strong>assuere</strong></span> <span class='ocrx_word' id='word_1_290' title='bbox 933 3057 1192 3144; x_wconf 88' lang='lat' dir='ltr'><strong>conditionem,</strong></span> <span class='ocrx_word' id='word_1_291' title='bbox 1217 3070 1361 3127; x_wconf 91' lang='lat' dir='ltr'><strong>manent</strong></span> <span class='ocrx_word' id='word_1_292' title='bbox 1378 3056 1496 3125; x_wconf 89' lang='lat' dir='ltr'><strong>incer·</strong></span> <span class='ocrx_word' id='word_1_293' title='bbox 1547 3047 1769 3148; x_wconf 68' lang='lat' dir='ltr'><strong>qualitatem,</strong></span> <span class='ocrx_word' id='word_1_294' title='bbox 1795 3058 1831 3117; x_wconf 89' lang='lat' dir='ltr'><strong>et</strong></span> <span class='ocrx_word' id='word_1_295' title='bbox 1843 3058 1963 3116; x_wconf 80' lang='lat' dir='ltr'><strong>nostra</strong></span> <span class='ocrx_word' id='word_1_296' title='bbox 1977 3069 2094 3137; x_wconf 86' lang='lat' dir='ltr'><strong>opera.</strong></span> 
     </span>
     <span class='ocr_line' id='line_1_26' title="bbox 508 3140 2536 3252; baseline 0.01 -40"><span class='ocrx_word' id='word_1_297' title='bbox 508 3175 567 3234; x_wconf 60' lang='lat' dir='ltr'><strong>ta,</strong></span> <span class='ocrx_word' id='word_1_298' title='bbox 582 3154 826 3232; x_wconf 62' lang='lat' dir='ltr'><strong>conscientiae,</strong></span> <span class='ocrx_word' id='word_1_299' title='bbox 1302 3156 1304 3160; x_wconf 82' lang='lat'>&#39;</span> <span class='ocrx_word' id='word_1_300' title='bbox 1647 3146 1684 3217; x_wconf 79' lang='grc'><strong>8.</strong></span> <span class='ocrx_word' id='word_1_301' title='bbox 1742 3140 1792 3216; x_wconf 86' lang='lat' dir='ltr'><strong>Et</strong></span> <span class='ocrx_word' id='word_1_302' title='bbox 1831 3145 2077 3238; x_wconf 86' lang='lat' dir='ltr'><strong>complectitur</strong></span> <span class='ocrx_word' id='word_1_303' title='bbox 2120 3148 2362 3228; x_wconf 86' lang='lat' dir='ltr'><strong>obedientiam</strong></span> <span class='ocrx_word' id='word_1_304' title='bbox 2402 3160 2536 3252; x_wconf 86' lang='lat' dir='ltr'><strong>pariter</strong></span> 
     </span>
     <span class='ocr_line' id='line_1_27' title="bbox 609 3246 1989 3346; baseline -0.001 -15"><span class='ocrx_word' id='word_1_305' title='bbox 609 3255 671 3333; x_wconf 76' lang='lat'><strong>25.</strong></span> <span class='ocrx_word' id='word_1_306' title='bbox 710 3253 941 3330; x_wconf 80' lang='lat' dir='ltr'><strong>Manifestum</strong></span> <span class='ocrx_word' id='word_1_307' title='bbox 957 3273 1029 3346; x_wconf 88' lang='lat' dir='ltr'><strong>est,</strong></span> <span class='ocrx_word' id='word_1_308' title='bbox 1053 3257 1206 3330; x_wconf 91' lang='lat' dir='ltr'><strong>Paulum</strong></span> <span class='ocrx_word' id='word_1_309' title='bbox 1228 3259 1272 3328; x_wconf 93' lang='lat' dir='ltr'><strong>de</strong></span> <span class='ocrx_word' id='word_1_310' title='bbox 1290 3255 1416 3328; x_wconf 87' lang='lat' dir='ltr'><strong>fiducia</strong></span> <span class='ocrx_word' id='word_1_311' title='bbox 1439 3259 1495 3327; x_wconf 89' lang='lat' dir='ltr'><strong>lo·</strong></span> <span class='ocrx_word' id='word_1_312' title='bbox 1546 3246 1708 3319; x_wconf 73' lang='lat' dir='ltr'><strong>omnium</strong></span> <span class='ocrx_word' id='word_1_313' title='bbox 1727 3247 1989 3323; x_wconf 67' lang='lat' dir='ltr'><strong>mandatotum·</strong></span> 
     </span>
     <span class='ocr_line' id='line_1_28' title="bbox 511 3345 2537 3457; baseline 0.002 -27"><span class='ocrx_word' id='word_1_314' title='bbox 511 3361 594 3457; x_wconf 87' lang='lat' dir='ltr'><strong>qui,</strong></span> <span class='ocrx_word' id='word_1_315' title='bbox 616 3357 751 3429; x_wconf 92' lang='lat' dir='ltr'><strong>nonde</strong></span> <span class='ocrx_word' id='word_1_316' title='bbox 767 3359 898 3430; x_wconf 85' lang='lat' dir='ltr'><strong>noticia</strong></span> <span class='ocrx_word' id='word_1_317' title='bbox 914 3353 1094 3436; x_wconf 86' lang='lat' dir='ltr'><strong>historiae.</strong></span> <span class='ocrx_word' id='word_1_318' title='bbox 1129 3356 1359 3431; x_wconf 82' lang='lat' dir='ltr'><strong>Manifestum</strong></span> <span class='ocrx_word' id='word_1_319' title='bbox 1379 3373 1412 3431; x_wconf 95' lang='lat' dir='ltr'><strong>et</strong></span> <span class='ocrx_word' id='word_1_320' title='bbox 1426 3354 1496 3430; x_wconf 92' lang='lat' dir='ltr'><strong>hoc</strong></span> <span class='ocrx_word' id='word_1_321' title='bbox 1647 3346 1685 3424; x_wconf 82' lang='lat'><strong>4·</strong></span> <span class='ocrx_word' id='word_1_322' title='bbox 1715 3345 1819 3421; x_wconf 72' lang='lat' dir='ltr'><strong>Hanc</strong></span> <span class='ocrx_word' id='word_1_323' title='bbox 1848 3349 2139 3441; x_wconf 64' lang='lat' dir='ltr'><strong>significationem</strong></span> <span class='ocrx_word' id='word_1_324' title='bbox 2158 3350 2337 3446; x_wconf 79' lang='lat' dir='ltr'><strong>Theologi</strong></span> <span class='ocrx_word' id='word_1_325' title='bbox 2362 3359 2537 3454; x_wconf 69' lang='lat' dir='ltr'><strong>intempe:</strong></span> 
     </span>
     <span class='ocr_line' id='line_1_29' title="bbox 508 3445 2535 3546; baseline 0.007 -28"><span class='ocrx_word' id='word_1_326' title='bbox 508 3475 581 3542; x_wconf 64' lang='lat' dir='ltr'><strong>eat,</strong></span> <span class='ocrx_word' id='word_1_327' title='bbox 605 3456 755 3529; x_wconf 79' lang='lat' dir='ltr'><strong>Paulum</strong></span> <span class='ocrx_word' id='word_1_328' title='bbox 779 3461 952 3529; x_wconf 76' lang='lat' dir='ltr'><strong>anteferre</strong></span> <span class='ocrx_word' id='word_1_329' title='bbox 975 3460 1140 3531; x_wconf 67' lang='lat' dir='ltr'><strong>fiduciam</strong></span> <span class='ocrx_word' id='word_1_330' title='bbox 1162 3482 1237 3529; x_wconf 83' lang='lat' dir='ltr'><strong>non</strong></span> <span class='ocrx_word' id='word_1_331' title='bbox 1260 3461 1375 3530; x_wconf 75' lang='lat' dir='ltr'><strong>solum</strong></span> <span class='ocrx_word' id='word_1_332' title='bbox 1400 3484 1495 3530; x_wconf 77' lang='lat' dir='ltr'><strong>cere.</strong></span> <span class='ocrx_word' id='word_1_333' title='bbox 1548 3449 1637 3522; x_wconf 71' lang='lat' dir='ltr'><strong>silve</strong></span> <span class='ocrx_word' id='word_1_334' title='bbox 1651 3445 1942 3543; x_wconf 73' lang='lat' dir='ltr'><strong>philosophantes</strong></span> <span class='ocrx_word' id='word_1_335' title='bbox 1964 3456 2224 3529; x_wconf 63' lang='lat' dir='ltr'><strong>transtulerunt</strong></span> <span class='ocrx_word' id='word_1_336' title='bbox 2246 3460 2285 3528; x_wconf 73' lang='lat' dir='ltr'><strong>in</strong></span> <span class='ocrx_word' id='word_1_337' title='bbox 2299 3458 2467 3546; x_wconf 69' lang='lat' dir='ltr'><strong>Paulum,</strong></span> <span class='ocrx_word' id='word_1_338' title='bbox 2498 3477 2535 3535; x_wconf 73' lang='lat' dir='ltr'><strong>et</strong></span> 
     </span>
     <span class='ocr_line' id='line_1_30' title="bbox 507 3551 2534 3655; baseline 0.009 -28"><span class='ocrx_word' id='word_1_339' title='bbox 507 3557 660 3650; x_wconf 83' lang='lat' dir='ltr'><strong>moniis,</strong></span> <span class='ocrx_word' id='word_1_340' title='bbox 684 3559 866 3629; x_wconf 86' lang='lat' dir='ltr'><strong>sedetiam</strong></span> <span class='ocrx_word' id='word_1_341' title='bbox 880 3559 1076 3630; x_wconf 88' lang='lat' dir='ltr'><strong>moralibus</strong></span> <span class='ocrx_word' id='word_1_342' title='bbox 1094 3561 1277 3653; x_wconf 87' lang='lat' dir='ltr'><strong>operibns,</strong></span> <span class='ocrx_word' id='word_1_343' title='bbox 1303 3560 1341 3630; x_wconf 92' lang='lat' dir='ltr'><strong>id</strong></span> <span class='ocrx_word' id='word_1_344' title='bbox 1363 3560 1393 3629; x_wconf 89' lang='lat' dir='ltr'><strong>si</strong></span> <span class='ocrx_word' id='word_1_345' title='bbox 1414 3562 1495 3655; x_wconf 90' lang='lat' dir='ltr'><strong>quis</strong></span> <span class='ocrx_word' id='word_1_346' title='bbox 1547 3552 1817 3624; x_wconf 63' lang='lat' dir='ltr'><strong>somniaverunt</strong></span> <span class='ocrx_word' id='word_1_347' title='bbox 1838 3575 1859 3623; x_wconf 65' lang='grc' dir='ltr'><strong>ὃ</strong></span> <span class='ocrx_word' id='word_1_348' title='bbox 1877 3551 1990 3624; x_wconf 89' lang='lat' dir='ltr'><strong>Paulo</strong></span> <span class='ocrx_word' id='word_1_349' title='bbox 2012 3554 2124 3628; x_wconf 68' lang='lat' dir='ltr'><strong>5⁰⁸l⁰⁸</strong></span> <span class='ocrx_word' id='word_1_350' title='bbox 2144 3558 2235 3645; x_wconf 66' lang='lat' dir='ltr'><strong>diti,</strong></span> <span class='ocrx_word' id='word_1_351' title='bbox 2264 3559 2350 3652; x_wconf 86' lang='lat' dir='ltr'><strong>quia</strong></span> <span class='ocrx_word' id='word_1_352' title='bbox 2377 3555 2534 3635; x_wconf 65' lang='lat' dir='ltr'><strong>htbttsst</strong></span> 
     </span>
     <span class='ocr_line' id='line_1_31' title="bbox 508 3652 2410 3754; baseline 0.003 -28"><span class='ocrx_word' id='word_1_353' title='bbox 508 3660 634 3749; x_wconf 80' lang='lat' dir='ltr'><strong>negat,</strong></span> <span class='ocrx_word' id='word_1_354' title='bbox 658 3661 740 3752; x_wconf 88' lang='lat' dir='ltr'><strong>plns</strong></span> <span class='ocrx_word' id='word_1_355' title='bbox 756 3682 863 3752; x_wconf 91' lang='lat' dir='ltr'><strong>quam</strong></span> <span class='ocrx_word' id='word_1_356' title='bbox 877 3652 1136 3754; x_wconf 74' lang='grc' dir='ltr'><em>τετυφώμεγος</em></span> <span class='ocrx_word' id='word_1_357' title='bbox 1153 3673 1214 3735; x_wconf 86' lang='lat' dir='ltr'><strong>est.</strong></span> <span class='ocrx_word' id='word_1_358' title='bbox 1547 3653 1735 3747; x_wconf 87' lang='lat' dir='ltr'><strong>qualitates</strong></span> <span class='ocrx_word' id='word_1_359' title='bbox 1749 3678 1791 3725; x_wconf 92' lang='lat' dir='ltr'><strong>ac</strong></span> <span class='ocrx_word' id='word_1_360' title='bbox 1806 3652 1974 3740; x_wconf 89' lang='lat' dir='ltr'><strong>virtutes,</strong></span> <span class='ocrx_word' id='word_1_361' title='bbox 1998 3656 2130 3749; x_wconf 84' lang='lat' dir='ltr'><strong>quibus</strong></span> <span class='ocrx_word' id='word_1_362' title='bbox 2142 3658 2215 3748; x_wconf 91' lang='lat' dir='ltr'><strong>legi</strong></span> <span class='ocrx_word' id='word_1_363' title='bbox 2228 3659 2410 3735; x_wconf 85' lang='lat' dir='ltr'><strong>obediant.</strong></span> 
     </span>
     <span class='ocr_line' id='line_1_32' title="bbox 611 3750 2535 3869; baseline 0.004 -18"><span class='ocrx_word' id='word_1_364' title='bbox 611 3779 674 3851; x_wconf 85' lang='lat'><strong>26.</strong></span> <span class='ocrx_word' id='word_1_365' title='bbox 712 3774 796 3847; x_wconf 88' lang='lat' dir='ltr'><strong>Non</strong></span> <span class='ocrx_word' id='word_1_366' title='bbox 816 3774 925 3865; x_wconf 82' lang='lat' dir='ltr'><strong>igitur</strong></span> <span class='ocrx_word' id='word_1_367' title='bbox 948 3775 987 3845; x_wconf 92' lang='lat' dir='ltr'><strong>id</strong></span> <span class='ocrx_word' id='word_1_368' title='bbox 1010 3777 1082 3865; x_wconf 93' lang='lat' dir='ltr'><strong>agit</strong></span> <span class='ocrx_word' id='word_1_369' title='bbox 1103 3789 1241 3848; x_wconf 89' lang='lat' dir='ltr'><strong>tantum</strong></span> <span class='ocrx_word' id='word_1_370' title='bbox 1265 3776 1416 3869; x_wconf 89' lang='lat' dir='ltr'><strong>Paulus,</strong></span> <span class='ocrx_word' id='word_1_371' title='bbox 1442 3777 1495 3850; x_wconf 84' lang='lat' dir='ltr'><strong>¹nt</strong></span> <span class='ocrx_word' id='word_1_372' title='bbox 1647 3750 1683 3822; x_wconf 75' lang='lat'><strong>⁵·</strong></span> <span class='ocrx_word' id='word_1_373' title='bbox 1717 3753 1759 3822; x_wconf 72' lang='lat' dir='ltr'><strong>ld</strong></span> <span class='ocrx_word' id='word_1_374' title='bbox 1776 3777 1859 3824; x_wconf 56' lang='grc' dir='ltr'><strong>ΜΟ</strong></span> <span class='ocrx_word' id='word_1_375' title='bbox 1877 3768 1928 3826; x_wconf 72' lang='lat'><strong>⁰⁸¹</strong></span> <span class='ocrx_word' id='word_1_376' title='bbox 1943 3756 2069 3827; x_wconf 59' lang='lat' dir='ltr'><strong>‘¹⁰⁰⁶oe</strong></span> <span class='ocrx_word' id='word_1_377' title='bbox 2085 3757 2251 3832; x_wconf 59' lang='lat' dir='ltr'><strong>fiduciam</strong></span> <span class='ocrx_word' id='word_1_378' title='bbox 2266 3763 2432 3856; x_wconf 68' lang='lat' dir='ltr'><strong>1¹¹thtiae</strong></span> <span class='ocrx_word' id='word_1_379' title='bbox 2447 3787 2535 3858; x_wconf 70' lang='lat'>‘1¹¹⁸-</span> 
     </span>
    </p>
   </div>
   <div class='ocr_carea' id='block_1_6' title="bbox 500 3850 2125 3966">
    <p class='ocr_par' dir='ltr' id='par_1_10' title="bbox 500 3850 2125 3966">
     <span class='ocr_line' id='line_1_33' title="bbox 500 3850 2125 3966; baseline 0 -18"><span class='ocrx_word' id='word_1_380' title='bbox 500 3875 725 3948; x_wconf 65' lang='lat' dir='ltr'><strong>eeremontas</strong></span> <span class='ocrx_word' id='word_1_381' title='bbox 764 3877 930 3966; x_wconf 80' lang='lat' dir='ltr'><strong>abroget,</strong></span> <span class='ocrx_word' id='word_1_382' title='bbox 981 3878 1042 3946; x_wconf 72' lang='lat' dir='ltr'><strong>sea</strong></span> <span class='ocrx_word' id='word_1_383' title='bbox 1079 3876 1303 3949; x_wconf 63' lang='lat' dir='ltr'><strong>,altinonam</strong></span> <span class='ocrx_word' id='word_1_384' title='bbox 1340 3878 1495 3951; x_wconf 70' lang='lat' dir='ltr'><strong>instruit</strong></span> <span class='ocrx_word' id='word_1_385' title='bbox 1545 3850 1656 3925; x_wconf 70' lang='lat' dir='ltr'><strong>nuit,</strong></span> <span class='ocrx_word' id='word_1_386' title='bbox 1670 3874 1710 3923; x_wconf 58' lang='grc' dir='ltr'>π</span> <span class='ocrx_word' id='word_1_387' title='bbox 1724 3855 1950 3946; x_wconf 67' lang='lat' dir='ltr'><strong>atoariorum</strong></span> <span class='ocrx_word' id='word_1_388' title='bbox 1964 3880 2125 3949; x_wconf 58' lang='lat' dir='ltr'><strong>orarum·</strong></span> 
     </span>
    </p>
   </div>
   <div class='ocr_carea' id='block_1_7' title="bbox 422 3949 2533 4170">
    <p class='ocr_par' dir='ltr' id='par_1_11' title="bbox 422 3949 2533 4170">
     <span class='ocr_line' id='line_1_34' title="bbox 505 3949 2533 4079; baseline -0.005 -32"><span class='ocrx_word' id='word_1_389' title='bbox 505 3977 669 4048; x_wconf 87' lang='lat' dir='ltr'><strong>omnium</strong></span> <span class='ocrx_word' id='word_1_390' title='bbox 695 4000 860 4069; x_wconf 89' lang='lat' dir='ltr'><strong>operum,</strong></span> <span class='ocrx_word' id='word_1_391' title='bbox 892 3977 1077 4049; x_wconf 83' lang='lat' dir='ltr'><strong>seutotius</strong></span> <span class='ocrx_word' id='word_1_392' title='bbox 1097 3978 1203 4070; x_wconf 89' lang='lat' dir='ltr'><strong>legis,</strong></span> <span class='ocrx_word' id='word_1_393' title='bbox 1237 3992 1271 4051; x_wconf 89' lang='lat' dir='ltr'><strong>et</strong></span> <span class='ocrx_word' id='word_1_394' title='bbox 1289 3979 1366 4050; x_wconf 87' lang='lat' dir='ltr'><strong>eius</strong></span> <span class='ocrx_word' id='word_1_395' title='bbox 1385 3980 1495 4051; x_wconf 88' lang='lat' dir='ltr'><strong>bene·</strong></span> <span class='ocrx_word' id='word_1_396' title='bbox 1646 3949 1683 4024; x_wconf 68' lang='lat'><strong>⁶·</strong></span> <span class='ocrx_word' id='word_1_397' title='bbox 1722 3950 1783 4042; x_wconf 67' lang='lat' dir='ltr'><strong>Ad</strong></span> <span class='ocrx_word' id='word_1_398' title='bbox 1811 3956 1963 4075; x_wconf 57' lang='lat' dir='ltr'><strong>⁰9¹1th</strong></span> <span class='ocrx_word' id='word_1_399' title='bbox 1991 3961 2139 4077; x_wconf 77' lang='lat' dir='ltr'><strong>modum</strong></span> <span class='ocrx_word' id='word_1_400' title='bbox 2168 3954 2378 4036; x_wconf 79' lang='lat' dir='ltr'><strong>vocabulum</strong></span> <span class='ocrx_word' id='word_1_401' title='bbox 2399 3963 2533 4079; x_wconf 70' lang='lat' dir='ltr'><strong>gratiae</strong></span> 
     </span>
     <span class='ocr_line' id='line_1_35' title="bbox 422 4056 2533 4170; baseline 0 -36"><span class='ocrx_word' id='word_1_402' title='bbox 422 4104 427 4111; x_wconf 91' lang='lat'><strong>·</strong></span> <span class='ocrx_word' id='word_1_403' title='bbox 506 4075 597 4163; x_wconf 67' lang='lat' dir='ltr'><strong>ficti,</strong></span> <span class='ocrx_word' id='word_1_404' title='bbox 624 4079 721 4170; x_wconf 70' lang='lat' dir='ltr'><strong>quod</strong></span> <span class='ocrx_word' id='word_1_405' title='bbox 737 4077 850 4148; x_wconf 62' lang='lat' dir='ltr'><strong>,dfert</strong></span> <span class='ocrx_word' id='word_1_406' title='bbox 867 4072 1040 4150; x_wconf 50' lang='lat' dir='ltr'><strong>christu„</strong></span> <span class='ocrx_word' id='word_1_407' title='bbox 1546 4056 1752 4146; x_wconf 85' lang='lat' dir='ltr'><strong>depravant,</strong></span> <span class='ocrx_word' id='word_1_408' title='bbox 1777 4080 1840 4149; x_wconf 85' lang='lat' dir='ltr'><strong>qur</strong></span> <span class='ocrx_word' id='word_1_409' title='bbox 1851 4071 1998 4146; x_wconf 78' lang='lat' dir='ltr'><strong>gratiam</strong></span> <span class='ocrx_word' id='word_1_410' title='bbox 2013 4061 2231 4153; x_wconf 77' lang='lat' dir='ltr'><strong>intelligunt,</strong></span> <span class='ocrx_word' id='word_1_411' title='bbox 2243 4088 2316 4136; x_wconf 91' lang='lat' dir='ltr'><strong>non</strong></span> <span class='ocrx_word' id='word_1_412' title='bbox 2330 4063 2475 4133; x_wconf 79' lang='lat' dir='ltr'><strong>relative</strong></span> <span class='ocrx_word' id='word_1_413' title='bbox 2484 4065 2533 4135; x_wconf 92' lang='lat' dir='ltr'><strong>de</strong></span> 
     </span>
    </p>
   </div>
   <div class='ocr_carea' id='block_1_8' title="bbox 610 4154 2532 4289">
    <p class='ocr_par' dir='ltr' id='par_1_12' title="bbox 610 4154 2532 4289">
     <span class='ocr_line' id='line_1_36' title="bbox 610 4154 2532 4289; baseline -0.005 -27"><span class='ocrx_word' id='word_1_414' title='bbox 610 4190 673 4269; x_wconf 83' lang='grc'><strong>27.</strong></span> <span class='ocrx_word' id='word_1_415' title='bbox 704 4190 759 4264; x_wconf 90' lang='lat' dir='ltr'><strong>Ita</strong></span> <span class='ocrx_word' id='word_1_416' title='bbox 779 4191 888 4282; x_wconf 90' lang='lat' dir='ltr'><strong>igitur</strong></span> <span class='ocrx_word' id='word_1_417' title='bbox 911 4196 1079 4275; x_wconf 82' lang='lat' dir='ltr'><strong>antefert,</strong></span> <span class='ocrx_word' id='word_1_418' title='bbox 1110 4216 1175 4266; x_wconf 89' lang='lat' dir='ltr'><strong>nos</strong></span> <span class='ocrx_word' id='word_1_419' title='bbox 1197 4194 1310 4267; x_wconf 89' lang='lat' dir='ltr'><strong>iustos</strong></span> <span class='ocrx_word' id='word_1_420' title='bbox 1331 4220 1494 4289; x_wconf 89' lang='lat' dir='ltr'><strong>pronun·</strong></span> <span class='ocrx_word' id='word_1_421' title='bbox 1546 4154 1788 4227; x_wconf 40' lang='lat' dir='ltr'>muerimrdia</span> <span class='ocrx_word' id='word_1_422' title='bbox 1803 4179 1867 4227; x_wconf 68' lang='lat'><strong>⁸⁹¹¹</strong></span> <span class='ocrx_word' id='word_1_423' title='bbox 1881 4158 2035 4247; x_wconf 55' lang='lat' dir='ltr'><strong>&amp;ramim</strong></span> <span class='ocrx_word' id='word_1_424' title='bbox 2050 4162 2188 4249; x_wconf 47' lang='grc' dir='ltr'><strong>(ποῖον</strong></span> <span class='ocrx_word' id='word_1_425' title='bbox 2212 4167 2271 4234; x_wconf 65' lang='lat' dir='ltr'><strong>“d</strong></span> <span class='ocrx_word' id='word_1_426' title='bbox 2285 4166 2330 4233; x_wconf 73' lang='lat' dir='ltr'><strong>d‘</strong></span> <span class='ocrx_word' id='word_1_427' title='bbox 2345 4163 2532 4256; x_wconf 59' lang='lat' dir='ltr'><strong>‘immiti‘-</strong></span> 
     </span>
    </p>
   </div>
   <div class='ocr_carea' id='block_1_9' title="bbox 501 4253 2532 4935">
    <p class='ocr_par' dir='ltr' id='par_1_13' title="bbox 501 4253 2532 4935">
     <span class='ocr_line' id='line_1_37' title="bbox 501 4253 2531 4392; baseline 0.012 -31"><span class='ocrx_word' id='word_1_428' title='bbox 501 4291 596 4365; x_wconf 86' lang='lat' dir='ltr'><strong>&#39;ciari</strong></span> <span class='ocrx_word' id='word_1_429' title='bbox 616 4305 762 4387; x_wconf 90' lang='lat' dir='ltr'><strong>propter</strong></span> <span class='ocrx_word' id='word_1_430' title='bbox 778 4292 989 4366; x_wconf 78' lang='lat' dir='ltr'><strong>beneficium</strong></span> <span class='ocrx_word' id='word_1_431' title='bbox 1003 4288 1155 4379; x_wconf 88' lang='lat' dir='ltr'><strong>Christi,</strong></span> <span class='ocrx_word' id='word_1_432' title='bbox 1181 4320 1255 4369; x_wconf 89' lang='lat' dir='ltr'><strong>non</strong></span> <span class='ocrx_word' id='word_1_433' title='bbox 1277 4311 1423 4392; x_wconf 91' lang='lat' dir='ltr'><strong>propter</strong></span> <span class='ocrx_word' id='word_1_434' title='bbox 1442 4298 1494 4369; x_wconf 90' lang='lat' dir='ltr'><strong>le·</strong></span> <span class='ocrx_word' id='word_1_435' title='bbox 1647 4254 1684 4328; x_wconf 73' lang='lat'><strong>7⁰</strong></span> <span class='ocrx_word' id='word_1_436' title='bbox 1716 4253 1808 4371; x_wconf 51' lang='lat' dir='ltr'><strong>qum</strong></span> <span class='ocrx_word' id='word_1_437' title='bbox 1829 4258 1973 4376; x_wconf 44' lang='lat' dir='ltr'><strong>{ficuum</strong></span> <span class='ocrx_word' id='word_1_438' title='bbox 1999 4258 2173 4381; x_wconf 57' lang='lat' dir='ltr'>Hf’mm</span> <span class='ocrx_word' id='word_1_439' title='bbox 2195 4286 2260 4354; x_wconf 53' lang='grc' dir='ltr'><strong>μ’</strong></span> <span class='ocrx_word' id='word_1_440' title='bbox 2277 4265 2426 4383; x_wconf 59' lang='lat' dir='ltr'><strong>imim</strong></span> <span class='ocrx_word' id='word_1_441' title='bbox 2450 4262 2531 4383; x_wconf 49' lang='grc' dir='ltr'><strong>Ῥω</strong></span> 
     </span>
     <span class='ocr_line' id='line_1_38' title="bbox 503 4358 2532 4490; baseline 0.01 -26"><span class='ocrx_word' id='word_1_442' title='bbox 503 4414 605 4484; x_wconf 81' lang='lat' dir='ltr'><strong>gem,</strong></span> <span class='ocrx_word' id='word_1_443' title='bbox 629 4396 714 4490; x_wconf 88' lang='lat' dir='ltr'><strong>quia</strong></span> <span class='ocrx_word' id='word_1_444' title='bbox 728 4392 800 4485; x_wconf 88' lang='lat' dir='ltr'><strong>legi</strong></span> <span class='ocrx_word' id='word_1_445' title='bbox 813 4418 919 4467; x_wconf 92' lang='lat' dir='ltr'><strong>nemo</strong></span> <span class='ocrx_word' id='word_1_446' title='bbox 931 4394 1111 4472; x_wconf 85' lang='lat' dir='ltr'><strong>satisfacit.</strong></span> <span class='ocrx_word' id='word_1_447' title='bbox 1544 4359 1700 4478; x_wconf 39' lang='grc' dir='ltr'>μαῖς’</span> <span class='ocrx_word' id='word_1_448' title='bbox 1724 4358 1933 4478; x_wconf 57' lang='lat' dir='ltr'><strong>mi‘u&#39;iunt</strong></span> <span class='ocrx_word' id='word_1_449' title='bbox 1953 4376 2121 4453; x_wconf 41' lang='grc' dir='ltr'><strong>βψω</strong></span> <span class='ocrx_word' id='word_1_450' title='bbox 2150 4384 2224 4433; x_wconf 73' lang='lat'>¹¹⁰⁰</span> <span class='ocrx_word' id='word_1_451' title='bbox 2245 4367 2532 4437; x_wconf 57' lang='lat' dir='ltr'><strong>mmmmm</strong></span> 
     </span>
     <span class='ocr_line' id='line_1_39' title="bbox 1544 4459 2525 4549; baseline 0.01 -19"><span class='ocrx_word' id='word_1_452' title='bbox 1544 4460 1635 4549; x_wconf 83' lang='lat' dir='ltr'><strong>Des,</strong></span> <span class='ocrx_word' id='word_1_453' title='bbox 1659 4459 1721 4529; x_wconf 88' lang='lat' dir='ltr'><strong>sed</strong></span> <span class='ocrx_word' id='word_1_454' title='bbox 1737 4459 1963 4532; x_wconf 78' lang='lat' dir='ltr'><strong>dilectionem</strong></span> <span class='ocrx_word' id='word_1_455' title='bbox 1983 4476 2147 4537; x_wconf 77' lang='lat' dir='ltr'><strong>nostrata.</strong></span> <span class='ocrx_word' id='word_1_456' title='bbox 2521 4504 2525 4511; x_wconf 96' lang='lat'>·</span> 
     </span>
     <span class='ocr_line' id='line_1_40' title="bbox 1647 4558 2530 4659; baseline 0.017 -30"><span class='ocrx_word' id='word_1_457' title='bbox 1647 4561 1683 4630; x_wconf 84' lang='grc'><strong>8.</strong></span> <span class='ocrx_word' id='word_1_458' title='bbox 1723 4558 1766 4629; x_wconf 91' lang='lat' dir='ltr'><strong>ld</strong></span> <span class='ocrx_word' id='word_1_459' title='bbox 1794 4585 1936 4655; x_wconf 90' lang='lat' dir='ltr'><strong>quoque</strong></span> <span class='ocrx_word' id='word_1_460' title='bbox 1963 4575 2014 4635; x_wconf 83' lang='lat' dir='ltr'><strong>est</strong></span> <span class='ocrx_word' id='word_1_461' title='bbox 2045 4565 2171 4634; x_wconf 83' lang='lat' dir='ltr'><strong>docere</strong></span> <span class='ocrx_word' id='word_1_462' title='bbox 2189 4565 2368 4659; x_wconf 74' lang='lat' dir='ltr'><strong>tfiduciam</strong></span> <span class='ocrx_word' id='word_1_463' title='bbox 2389 4580 2530 4643; x_wconf 70' lang='lat' dir='ltr'><strong>nostrae</strong></span> 
     </span>
     <span class='ocr_line' id='line_1_41' title="bbox 1545 4660 2216 4756; baseline 0.016 -27"><span class='ocrx_word' id='word_1_464' title='bbox 1545 4660 1743 4756; x_wconf 87' lang='lat' dir='ltr'><strong>qualitatis,</strong></span> <span class='ocrx_word' id='word_1_465' title='bbox 1768 4683 1828 4733; x_wconf 86' lang='lat' dir='ltr'><strong>seu</strong></span> <span class='ocrx_word' id='word_1_466' title='bbox 1842 4686 1990 4755; x_wconf 88' lang='lat' dir='ltr'><strong>operum</strong></span> <span class='ocrx_word' id='word_1_467' title='bbox 2001 4675 2216 4740; x_wconf 80' lang='lat' dir='ltr'><strong>nostrorum.</strong></span> 
     </span>
     <span class='ocr_line' id='line_1_42' title="bbox 1646 4759 2530 4862; baseline 0.014 -31"><span class='ocrx_word' id='word_1_468' title='bbox 1646 4761 1682 4832; x_wconf 88' lang='lat'><strong>9.</strong></span> <span class='ocrx_word' id='word_1_469' title='bbox 1709 4759 1807 4834; x_wconf 87' lang='lat' dir='ltr'><strong>Haec</strong></span> <span class='ocrx_word' id='word_1_470' title='bbox 1822 4763 2025 4858; x_wconf 87' lang='lat' dir='ltr'><strong>depravatio</strong></span> <span class='ocrx_word' id='word_1_471' title='bbox 2039 4787 2169 4838; x_wconf 84' lang='lat' dir='ltr'><strong>vocum</strong></span> <span class='ocrx_word' id='word_1_472' title='bbox 2184 4767 2349 4862; x_wconf 85' lang='lat' dir='ltr'><strong>inprimis</strong></span> <span class='ocrx_word' id='word_1_473' title='bbox 2361 4772 2530 4843; x_wconf 87' lang='lat' dir='ltr'><strong>obscurat</strong></span> 
     </span>
     <span class='ocr_line' id='line_1_43' title="bbox 1634 4886 1710 4935; baseline 0.026 -2"><span class='ocrx_word' id='word_1_474' title='bbox 1634 4886 1710 4935; x_wconf 88' lang='lat' dir='ltr'><strong>um.</strong></span> 
     </span>
    </p>
   </div>
   <div class='ocr_carea' id='block_1_10' title="bbox 1648 4930 2530 5068">
    <p class='ocr_par' dir='ltr' id='par_1_14' title="bbox 1648 4930 2530 5068">
     <span class='ocr_line' id='line_1_44' title="bbox 1648 4930 2530 5068; baseline 0.01 -29"><span class='ocrx_word' id='word_1_475' title='bbox 1648 4969 1708 5040; x_wconf 88' lang='lat'><strong>10.</strong></span> <span class='ocrx_word' id='word_1_476' title='bbox 1743 4964 1868 5063; x_wconf 88' lang='lat' dir='ltr'><strong>Itaque</strong></span> <span class='ocrx_word' id='word_1_477' title='bbox 1886 4991 1968 5041; x_wconf 90' lang='lat' dir='ltr'><strong>cum</strong></span> <span class='ocrx_word' id='word_1_478' title='bbox 1989 4930 2035 5041; x_wconf 86' lang='lat' dir='ltr'><strong>de</strong></span> <span class='ocrx_word' id='word_1_479' title='bbox 2053 4968 2300 5044; x_wconf 82' lang='lat' dir='ltr'><strong>iustificatione</strong></span> <span class='ocrx_word' id='word_1_480' title='bbox 2315 4971 2530 5068; x_wconf 88' lang='lat' dir='ltr'><strong>disputatur,</strong></span> 
     </span>
    </p>
   </div>
   <div class='ocr_carea' id='block_1_11' title="bbox 502 4506 1494 4787">
    <p class='ocr_par' dir='ltr' id='par_1_15' title="bbox 502 4506 1494 4787">
     <span class='ocr_line' id='line_1_45' title="bbox 607 4506 1492 4606; baseline -0.005 -20"><span class='ocrx_word' id='word_1_481' title='bbox 607 4512 671 4593; x_wconf 84' lang='grc'><strong>28.</strong></span> <span class='ocrx_word' id='word_1_482' title='bbox 712 4506 877 4586; x_wconf 83' lang='lat' dir='ltr'><strong>Secunda</strong></span> <span class='ocrx_word' id='word_1_483' title='bbox 897 4511 1039 4604; x_wconf 90' lang='lat' dir='ltr'><strong>opinio,</strong></span> <span class='ocrx_word' id='word_1_484' title='bbox 1080 4511 1180 4586; x_wconf 90' lang='lat' dir='ltr'><strong>iubet</strong></span> <span class='ocrx_word' id='word_1_485' title='bbox 1200 4509 1363 4584; x_wconf 89' lang='lat' dir='ltr'><strong>homines</strong></span> <span class='ocrx_word' id='word_1_486' title='bbox 1385 4536 1492 4606; x_wconf 89' lang='lat' dir='ltr'><strong>quam</strong></span> 
     </span>
     <span class='ocr_line' id='line_1_46' title="bbox 502 4611 1494 4702; baseline 0.001 -20"><span class='ocrx_word' id='word_1_487' title='bbox 502 4614 694 4684; x_wconf 89' lang='lat' dir='ltr'><strong>minimum</strong></span> <span class='ocrx_word' id='word_1_488' title='bbox 706 4614 862 4686; x_wconf 89' lang='lat' dir='ltr'><strong>tribuere</strong></span> <span class='ocrx_word' id='word_1_489' title='bbox 879 4634 963 4685; x_wconf 88' lang='lat' dir='ltr'><strong>suae</strong></span> <span class='ocrx_word' id='word_1_490' title='bbox 977 4611 1160 4702; x_wconf 81' lang='lat' dir='ltr'><strong>dignitati,</strong></span> <span class='ocrx_word' id='word_1_491' title='bbox 1183 4612 1332 4702; x_wconf 90' lang='lat' dir='ltr'><strong>scilicet,</strong></span> <span class='ocrx_word' id='word_1_492' title='bbox 1355 4638 1399 4685; x_wconf 89' lang='lat' dir='ltr'><strong>ne</strong></span> <span class='ocrx_word' id='word_1_493' title='bbox 1413 4614 1494 4685; x_wconf 90' lang='lat' dir='ltr'><strong>ani-</strong></span> 
     </span>
     <span class='ocr_line' id='line_1_47' title="bbox 502 4710 1086 4787; baseline 0.012 -8"><span class='ocrx_word' id='word_1_494' title='bbox 502 4712 572 4781; x_wconf 87' lang='lat' dir='ltr'><strong>rnis</strong></span> <span class='ocrx_word' id='word_1_495' title='bbox 586 4710 713 4783; x_wconf 84' lang='lat' dir='ltr'><strong>fiducia</strong></span> <span class='ocrx_word' id='word_1_496' title='bbox 727 4710 862 4785; x_wconf 89' lang='lat' dir='ltr'><strong>Christi</strong></span> <span class='ocrx_word' id='word_1_497' title='bbox 880 4713 1086 4787; x_wconf 84' lang='lat' dir='ltr'><strong>excutiatur.</strong></span> 
     </span>
    </p>
   </div>
   <div class='ocr_carea' id='block_1_12' title="bbox 505 4822 1633 5022">
    <p class='ocr_par' dir='ltr' id='par_1_16' title="bbox 505 4822 1633 5022">
     <span class='ocr_line' id='line_1_48' title="bbox 607 4822 1633 4936; baseline 0.008 -43"><span class='ocrx_word' id='word_1_498' title='bbox 607 4824 681 4896; x_wconf 84' lang='grc'><strong>29.·</strong></span> <span class='ocrx_word' id='word_1_499' title='bbox 702 4824 848 4914; x_wconf 87' lang='lat' dir='ltr'><strong>Quanto</strong></span> <span class='ocrx_word' id='word_1_500' title='bbox 865 4827 974 4915; x_wconf 91' lang='lat' dir='ltr'><strong>igitur</strong></span> <span class='ocrx_word' id='word_1_501' title='bbox 987 4826 1097 4917; x_wconf 81' lang='lat' dir='ltr'><strong>magis</strong></span> <span class='ocrx_word' id='word_1_502' title='bbox 1111 4822 1179 4899; x_wconf 89' lang='lat' dir='ltr'><strong>hoc</strong></span> <span class='ocrx_word' id='word_1_503' title='bbox 1195 4826 1292 4901; x_wconf 90' lang='lat' dir='ltr'><strong>iuvat</strong></span> <span class='ocrx_word' id='word_1_504' title='bbox 1309 4832 1491 4915; x_wconf 83' lang='lat' dir='ltr'><strong>conscien-</strong></span> <span class='ocrx_word' id='word_1_505' title='bbox 1543 4862 1633 4936; x_wconf 56' lang='lat' dir='ltr'><strong>paul</strong></span> 
     </span>
     <span class='ocr_line' id='line_1_49' title="bbox 505 4924 1490 5022; baseline 0.006 -25"><span class='ocrx_word' id='word_1_506' title='bbox 505 4924 573 4997; x_wconf 90' lang='lat' dir='ltr'><strong>tias</strong></span> <span class='ocrx_word' id='word_1_507' title='bbox 587 4924 694 5012; x_wconf 88' lang='lat' dir='ltr'><strong>scire,</strong></span> <span class='ocrx_word' id='word_1_508' title='bbox 720 4928 817 5021; x_wconf 88' lang='lat' dir='ltr'><strong>quod</strong></span> <span class='ocrx_word' id='word_1_509' title='bbox 834 4949 916 4995; x_wconf 87' lang='lat' dir='ltr'><strong>vere</strong></span> <span class='ocrx_word' id='word_1_510' title='bbox 929 4928 1036 5015; x_wconf 88' lang='lat' dir='ltr'><strong>gratis</strong></span> <span class='ocrx_word' id='word_1_511' title='bbox 1048 4928 1180 5022; x_wconf 85' lang='lat' dir='ltr'><strong>accepti</strong></span> <span class='ocrx_word' id='word_1_512' title='bbox 1196 4930 1322 5017; x_wconf 91' lang='lat' dir='ltr'><strong>simus,</strong></span> <span class='ocrx_word' id='word_1_513' title='bbox 1348 4929 1389 5003; x_wconf 92' lang='lat' dir='ltr'><strong>ld</strong></span> <span class='ocrx_word' id='word_1_514' title='bbox 1406 4955 1490 5003; x_wconf 92' lang='lat' dir='ltr'><strong>vero</strong></span> 
     </span>
    </p>
   </div>
   <div class='ocr_carea' id='block_1_13' title="bbox 504 5028 2528 5166">
    <p class='ocr_par' dir='ltr' id='par_1_17' title="bbox 504 5028 2528 5166">
     <span class='ocr_line' id='line_1_50' title="bbox 504 5028 2528 5166; baseline 0.018 -71"><span class='ocrx_word' id='word_1_515' title='bbox 504 5037 679 5119; x_wconf 88' lang='lat' dir='ltr'><strong>quantum</strong></span> <span class='ocrx_word' id='word_1_516' title='bbox 695 5028 903 5100; x_wconf 89' lang='lat' dir='ltr'><strong>accenderet</strong></span> <span class='ocrx_word' id='word_1_517' title='bbox 919 5028 1031 5100; x_wconf 89' lang='lat' dir='ltr'><strong>bonas</strong></span> <span class='ocrx_word' id='word_1_518' title='bbox 1046 5045 1199 5118; x_wconf 89' lang='lat' dir='ltr'><strong>mentes,</strong></span> <span class='ocrx_word' id='word_1_519' title='bbox 1225 5032 1254 5103; x_wconf 89' lang='lat' dir='ltr'><strong>si</strong></span> <span class='ocrx_word' id='word_1_520' title='bbox 1280 5033 1427 5120; x_wconf 89' lang='lat' dir='ltr'><strong>scirent,</strong></span> <span class='ocrx_word' id='word_1_521' title='bbox 1452 5055 1490 5105; x_wconf 88' lang='lat' dir='ltr'><strong>se</strong></span> <span class='ocrx_word' id='word_1_522' title='bbox 1541 5066 1697 5158; x_wconf 58' lang='lat' dir='ltr'><strong>primum</strong></span> <span class='ocrx_word' id='word_1_523' title='bbox 1726 5090 1893 5159; x_wconf 62' lang='lat' dir='ltr'><strong>german,</strong></span> <span class='ocrx_word' id='word_1_524' title='bbox 1923 5084 1960 5144; x_wconf 57' lang='lat' dir='ltr'><strong>ep</strong></span> <span class='ocrx_word' id='word_1_525' title='bbox 1989 5071 2139 5165; x_wconf 59' lang='lat' dir='ltr'><strong>simpl„</strong></span> <span class='ocrx_word' id='word_1_526' title='bbox 2169 5097 2296 5145; x_wconf 64' lang='lat' dir='ltr'><strong>vocum</strong></span> <span class='ocrx_word' id='word_1_527' title='bbox 2320 5072 2528 5166; x_wconf 55' lang='lat' dir='ltr'><strong>,tgnffimip</strong></span> 
     </span>
    </p>
   </div>
   <div class='ocr_carea' id='block_1_14' title="bbox 501 5121 2528 5347">
    <p class='ocr_par' dir='ltr' id='par_1_18' title="bbox 501 5121 2528 5347">
     <span class='ocr_line' id='line_1_51' title="bbox 501 5121 2528 5269; baseline 0.012 -50"><span class='ocrx_word' id='word_1_528' title='bbox 501 5121 571 5197; x_wconf 65' lang='lat'><strong>¹¹⁰⁰</strong></span> <span class='ocrx_word' id='word_1_529' title='bbox 586 5140 737 5201; x_wconf 59' lang='lat' dir='ltr'><strong>mlum</strong></span> <span class='ocrx_word' id='word_1_530' title='bbox 751 5131 891 5204; x_wconf 55' lang='lat' dir='ltr'><strong>delmi·</strong></span> <span class='ocrx_word' id='word_1_531' title='bbox 1541 5170 1664 5261; x_wconf 90' lang='lat' dir='ltr'><strong>quaeri</strong></span> <span class='ocrx_word' id='word_1_532' title='bbox 1680 5170 1803 5259; x_wconf 73' lang='lat' dir='ltr'><strong>debet,</strong></span> <span class='ocrx_word' id='word_1_533' title='bbox 1828 5174 2193 5269; x_wconf 77' lang='lat' dir='ltr'><strong>quemadmodumin</strong></span> <span class='ocrx_word' id='word_1_534' title='bbox 2217 5174 2383 5248; x_wconf 87' lang='lat' dir='ltr'><strong>omnihus</strong></span> <span class='ocrx_word' id='word_1_535' title='bbox 2401 5175 2528 5267; x_wconf 88' lang='lat' dir='ltr'><strong>dispu-</strong></span> 
     </span>
     <span class='ocr_line' id='line_1_52' title="bbox 604 5243 2151 5347; baseline 0.013 -30"><span class='ocrx_word' id='word_1_536' title='bbox 604 5246 665 5323; x_wconf 78' lang='lat'><strong>30.</strong></span> <span class='ocrx_word' id='word_1_537' title='bbox 697 5243 747 5319; x_wconf 86' lang='lat' dir='ltr'><strong>Et</strong></span> <span class='ocrx_word' id='word_1_538' title='bbox 767 5243 861 5317; x_wconf 92' lang='lat' dir='ltr'><strong>nihil</strong></span> <span class='ocrx_word' id='word_1_539' title='bbox 882 5260 933 5319; x_wconf 90' lang='lat' dir='ltr'><strong>est</strong></span> <span class='ocrx_word' id='word_1_540' title='bbox 953 5246 1104 5341; x_wconf 90' lang='lat' dir='ltr'><strong>periculi</strong></span> <span class='ocrx_word' id='word_1_541' title='bbox 1125 5245 1309 5321; x_wconf 89' lang='lat' dir='ltr'><strong>detrahere</strong></span> <span class='ocrx_word' id='word_1_542' title='bbox 1323 5249 1489 5323; x_wconf 85' lang='lat' dir='ltr'><strong>fiduciam</strong></span> <span class='ocrx_word' id='word_1_543' title='bbox 1541 5270 1735 5344; x_wconf 58' lang='lat' dir='ltr'><strong>[monibus</strong></span> <span class='ocrx_word' id='word_1_544' title='bbox 1748 5272 1852 5342; x_wconf 73' lang='lat' dir='ltr'><strong>initio</strong></span> <span class='ocrx_word' id='word_1_545' title='bbox 1867 5275 2071 5346; x_wconf 65' lang='lat' dir='ltr'><strong>faciendum</strong></span> <span class='ocrx_word' id='word_1_546' title='bbox 2088 5289 2151 5347; x_wconf 67' lang='lat' dir='ltr'><strong>est.</strong></span> 
     </span>
    </p>
   </div>
   <div class='ocr_carea' id='block_1_15' title="bbox 499 5347 2530 5473">
    <p class='ocr_par' dir='ltr' id='par_1_19' title="bbox 499 5347 2530 5473">
     <span class='ocr_line' id='line_1_53' title="bbox 499 5347 2530 5473; baseline 0.01 -58"><span class='ocrx_word' id='word_1_547' title='bbox 499 5347 670 5438; x_wconf 88' lang='lat' dir='ltr'><strong>operibus</strong></span> <span class='ocrx_word' id='word_1_548' title='bbox 694 5350 864 5434; x_wconf 91' lang='lat' dir='ltr'><strong>omnino,</strong></span> <span class='ocrx_word' id='word_1_549' title='bbox 898 5373 979 5420; x_wconf 89' lang='lat' dir='ltr'><strong>cnm</strong></span> <span class='ocrx_word' id='word_1_550' title='bbox 1002 5365 1120 5423; x_wconf 71' lang='lat' dir='ltr'><strong>umen</strong></span> <span class='ocrx_word' id='word_1_551' title='bbox 1142 5349 1217 5440; x_wconf 89' lang='lat' dir='ltr'><strong>ipsa</strong></span> <span class='ocrx_word' id='word_1_552' title='bbox 1240 5374 1345 5441; x_wconf 89' lang='lat' dir='ltr'><strong>opera</strong></span> <span class='ocrx_word' id='word_1_553' title='bbox 1366 5354 1487 5447; x_wconf 82' lang='lat' dir='ltr'><strong>requi·</strong></span> <span class='ocrx_word' id='word_1_554' title='bbox 1645 5372 1702 5444; x_wconf 63' lang='lat'><strong>11,</strong></span> <span class='ocrx_word' id='word_1_555' title='bbox 1737 5371 1971 5445; x_wconf 60' lang='lat' dir='ltr'><strong>Verifflmum</strong></span> <span class='ocrx_word' id='word_1_556' title='bbox 1994 5376 2090 5445; x_wconf 63' lang='lat' dir='ltr'><strong>enim</strong></span> <span class='ocrx_word' id='word_1_557' title='bbox 2111 5376 2203 5448; x_wconf 76' lang='lat' dir='ltr'><strong>fflud</strong></span> <span class='ocrx_word' id='word_1_558' title='bbox 2228 5390 2298 5461; x_wconf 53' lang='grc' dir='ltr'><strong>θη,</strong></span> <span class='ocrx_word' id='word_1_559' title='bbox 2320 5379 2417 5473; x_wconf 72' lang='lat' dir='ltr'>quod</span> <span class='ocrx_word' id='word_1_560' title='bbox 2441 5373 2530 5449; x_wconf 64' lang='lat' dir='ltr'>Ari.</span> 
     </span>
    </p>
   </div>
   <div class='ocr_carea' id='block_1_16' title="bbox 497 5461 2529 5673">
    <p class='ocr_par' dir='ltr' id='par_1_20' title="bbox 497 5461 2529 5673">
     <span class='ocr_line' id='line_1_54' title="bbox 497 5461 2529 5570; baseline 0.005 -28"><span class='ocrx_word' id='word_1_561' title='bbox 497 5461 638 5519; x_wconf 58' lang='lat' dir='ltr'><strong>famus·</strong></span> <span class='ocrx_word' id='word_1_562' title='bbox 1226 5535 1228 5539; x_wconf 95' lang='lat'>.</span> <span class='ocrx_word' id='word_1_563' title='bbox 1540 5473 1679 5543; x_wconf 88' lang='lat' dir='ltr'><strong>stotcles</strong></span> <span class='ocrx_word' id='word_1_564' title='bbox 1705 5474 1839 5569; x_wconf 91' lang='lat' dir='ltr'><strong>inquit,</strong></span> <span class='ocrx_word' id='word_1_565' title='bbox 1882 5471 1948 5546; x_wconf 85' lang='lat' dir='ltr'><strong>hos</strong></span> <span class='ocrx_word' id='word_1_566' title='bbox 1974 5476 2038 5570; x_wconf 92' lang='lat' dir='ltr'><strong>qui</strong></span> <span class='ocrx_word' id='word_1_567' title='bbox 2060 5477 2137 5547; x_wconf 82' lang='lat' dir='ltr'><strong>vim</strong></span> <span class='ocrx_word' id='word_1_568' title='bbox 2160 5503 2287 5551; x_wconf 90' lang='lat' dir='ltr'><strong>vocum</strong></span> <span class='ocrx_word' id='word_1_569' title='bbox 2308 5503 2384 5551; x_wconf 92' lang='lat' dir='ltr'><strong>non</strong></span> <span class='ocrx_word' id='word_1_570' title='bbox 2404 5494 2529 5553; x_wconf 88' lang='lat' dir='ltr'><strong>tenent</strong></span> 
     </span>
     <span class='ocr_line' id='line_1_55' title="bbox 610 5560 2529 5673; baseline 0.008 -36"><span class='ocrx_word' id='word_1_571' title='bbox 610 5564 671 5640; x_wconf 75' lang='grc'><strong>81.</strong></span> <span class='ocrx_word' id='word_1_572' title='bbox 699 5560 843 5663; x_wconf 82' lang='lat' dir='ltr'><strong>ltaque,</strong></span> <span class='ocrx_word' id='word_1_573' title='bbox 874 5580 916 5647; x_wconf 85' lang='lat' dir='ltr'><strong>ut</strong></span> <span class='ocrx_word' id='word_1_574' title='bbox 934 5578 1117 5636; x_wconf 67' lang='lat' dir='ltr'><strong>tenemm</strong></span> <span class='ocrx_word' id='word_1_575' title='bbox 1138 5575 1267 5636; x_wconf 84' lang='lat' dir='ltr'><strong>certam</strong></span> <span class='ocrx_word' id='word_1_576' title='bbox 1289 5580 1327 5640; x_wconf 89' lang='lat' dir='ltr'><strong>et</strong></span> <span class='ocrx_word' id='word_1_577' title='bbox 1350 5568 1487 5639; x_wconf 82' lang='lat' dir='ltr'><strong>linnarn</strong></span> <span class='ocrx_word' id='word_1_578' title='bbox 1538 5571 1687 5664; x_wconf 87' lang='lat' dir='ltr'><strong>perinde</strong></span> <span class='ocrx_word' id='word_1_579' title='bbox 1700 5576 1834 5666; x_wconf 91' lang='lat' dir='ltr'><strong>decipi,</strong></span> <span class='ocrx_word' id='word_1_580' title='bbox 1859 5590 1903 5649; x_wconf 89' lang='lat' dir='ltr'><strong>ut&#39;</strong></span> <span class='ocrx_word' id='word_1_581' title='bbox 1915 5577 2091 5650; x_wconf 91' lang='lat' dir='ltr'><strong>falluntur</strong></span> <span class='ocrx_word' id='word_1_582' title='bbox 2104 5578 2144 5647; x_wconf 93' lang='lat' dir='ltr'><strong>in</strong></span> <span class='ocrx_word' id='word_1_583' title='bbox 2157 5583 2398 5672; x_wconf 90' lang='lat' dir='ltr'><strong>computando</strong></span> <span class='ocrx_word' id='word_1_584' title='bbox 2414 5583 2529 5673; x_wconf 86' lang='lat' dir='ltr'><strong>impe-</strong></span> 
     </span>
    </p>
   </div>
   <div class='ocr_carea' id='block_1_17' title="bbox 489 5649 2530 5782">
    <p class='ocr_par' dir='ltr' id='par_1_21' title="bbox 489 5649 2530 5782">
     <span class='ocr_line' id='line_1_56' title="bbox 489 5649 2530 5782; baseline 0.013 -44"><span class='ocrx_word' id='word_1_585' title='bbox 489 5649 789 5759; x_wconf 70' lang='lat' dir='ltr'><strong>cexoculationum,</strong></span> <span class='ocrx_word' id='word_1_586' title='bbox 833 5664 1076 5753; x_wconf 86' lang='lat' dir='ltr'><strong>defendimus,</strong></span> <span class='ocrx_word' id='word_1_587' title='bbox 1121 5670 1352 5774; x_wconf 82' lang='lat' dir='ltr'><strong>statuendum</strong></span> <span class='ocrx_word' id='word_1_588' title='bbox 1387 5692 1478 5760; x_wconf 86' lang='lat' dir='ltr'><strong>esse,</strong></span> <span class='ocrx_word' id='word_1_589' title='bbox 1538 5669 1879 5777; x_wconf 76' lang='lat' dir='ltr'><strong>ritiArithntetices:</strong></span> <span class='ocrx_word' id='word_1_590' title='bbox 1896 5674 2232 5782; x_wconf 64' lang='lat' dir='ltr'><strong>‘ilonsp-atixeiros</strong></span> <span class='ocrx_word' id='word_1_591' title='bbox 2254 5678 2310 5781; x_wconf 75' lang='grc' dir='ltr'><strong>μὴ</strong></span> <span class='ocrx_word' id='word_1_592' title='bbox 2331 5679 2448 5760; x_wconf 74' lang='grc' dir='ltr'><em>δεινοὶ</em></span> <span class='ocrx_word' id='word_1_593' title='bbox 2459 5678 2530 5764; x_wconf 76' lang='lat' dir='ltr'><strong>sols</strong></span> 
     </span>
    </p>
   </div>
   <div class='ocr_carea' id='block_1_18' title="bbox 0 0 3019 6772">
    <p class='ocr_par' dir='ltr' id='par_1_22' title="bbox 0 0 3019 6772">
     <span class='ocr_line' id='line_1_57' title="bbox 0 0 3019 6772; baseline 0 0"><span class='ocrx_word' id='word_1_594' title='bbox 0 0 3019 6772; x_wconf 95' lang='lat' dir='ltr'><strong> </strong></span> 
     </span>
    </p>
   </div>
  </div>
 </body>
</html>
