6025 6775
506 686 581 763 288
990 681 1150 762 DECL.
1186 678 1263 759 DE
1293 678 1570 759 ERNESTO
1602 678 1758 759 DUCE
1788 678 2033 760 BRUNSV.
2439 688 2516 760 234

504 856 600 947 cipes
622 852 851 937 iudicarunt,
883 821 1096 947 quorum‘oe
1126 855 1203 949 ipso
1229 879 1408 928 sermones
1431 881 1488 926 re·
1536 877 1635 924 mum
1652 853 1705 923 rei
1720 852 1895 938 militaris,
1920 854 1983 947 qui
1998 856 2082 925 etin
2097 856 2158 927 illa
2170 877 2449 948 magnapugna,
2475 858 2515 927 in

504 978 648 1028 censere
676 976 828 1046 possem.
877 951 947 1026 Sed
975 958 1130 1027 ostendit
1152 958 1192 1027 in
1221 958 1317 1029 bello
1350 957 1488 1027 difficili
1537 980 1605 1047 qua
1620 951 1698 1026 Rex
1714 951 1852 1024 Galliae
1869 957 2073 1027 Franciscus
2096 960 2140 1027 ad
2164 956 2409 1028 Mediolanum
2429 957 2515 1030 vicit

503 1068 680 1152 quantum
701 1054 866 1139 consilio,
888 1056 1132 1145 magnitudine
1153 1059 1284 1144 animi,
1305 1071 1340 1129 et
1363 1060 1488 1128 mode·
1535 1055 1718 1126 Helvetios
1738 1055 1777 1124 in
1797 1057 1912 1146 prima
1934 1057 2008 1127 acie
2028 1058 2161 1142 fuerat,
2200 1073 2232 1129 et
2256 1082 2376 1129 recens
2397 1059 2514 1130 iuerat

503 1158 647 1228 ratione
671 1155 812 1225 valeret.
863 1153 959 1227 Vicit
975 1158 1070 1227 enim
1091 1182 1219 1250 magno
1240 1160 1374 1252 praelio
1390 1183 1486 1248 exer·
1535 1159 1662 1227 ductor
1683 1156 1821 1246 paterni
1836 1158 2024 1242 exercitus,
2050 1172 2085 1229 et
2098 1156 2355 1231 Cancellarium
2368 1157 2515 1230 Furste-

506 1258 623 1329 citum
650 1256 800 1324 duorum
828 1270 1038 1345 agnatorum
1058 1256 1157 1331 Erici
1189 1275 1223 1331 et
1244 1260 1414 1345 Henrici,
1445 1285 1485 1331 ac
1534 1282 1627 1330 rum.
1679 1254 1818 1325 Horum
1845 1259 2003 1329 consiliis
2025 1274 2058 1331 et
2077 1260 2146 1329 tide
2167 1260 2321 1350 primum
2342 1262 2513 1331 etdome·

505 1354 652 1428 Ericum
673 1354 747 1424 acie
769 1368 928 1447 captum,
952 1383 1033 1430 cum
1048 1383 1166 1431 secum
1180 1360 1316 1432 Cellam
1330 1361 1486 1432 duxisset
1533 1360 1620 1430 stica
1640 1358 1828 1428 concordia
1843 1360 2031 1430 constituta
2047 1374 2119 1441 est,
2146 1375 2181 1432 et
2203 1384 2271 1451 pax
2292 1384 2371 1430 cum
2384 1361 2512 1431 vicinis

505 1453 699 1527 honorilice
716 1466 925 1544 tractatum,
951 1474 1032 1550 post
1046 1485 1175 1553 paucos
1190 1464 1265 1534 dies
1286 1463 1484 1566 pacejacta
1532 1461 1623 1530 faeta
1645 1472 1713 1543 est,
1739 1483 1808 1551 qua
1832 1461 1872 1529 in
1888 1484 1926 1531 re
1947 1462 2100 1532 multum
2124 1462 2265 1531 adiutus
2284 1473 2335 1530 est
2355 1461 2513 1532 consiliis

502 1555 650 1640 dimisit,
674 1555 782 1649 quiet
796 1557 871 1648 ipse
887 1581 1007 1649 parem
1022 1562 1164 1634 laudern
1177 1564 1397 1656 prudentiae,
1410 1564 1484 1633 sor·
1533 1574 1567 1632 et
1587 1561 1773 1630 autoritate
1804 1562 2061 1632 avunculorum
2085 1561 2259 1631 Friderici
2283 1559 2458 1631 Eleutetis
2478 1574 2514 1631 et

500 1655 667 1731 titudinis
683 1670 719 1727 et
732 1659 984 1733 moderationis
999 1662 1126 1736 victori
1148 1666 1286 1739 tribuit.
1337 1661 1393 1734 Ex
1416 1659 1484 1733 hoc
1533 1655 1703 1731 Iohannis
1716 1659 1855 1732 Ducum
1873 1661 2058 1733 Saxoniae.
2107 1661 2269 1756 Cumque
2291 1661 2394 1731 initio
2416 1674 2515 1731 tran-

501 1770 604 1851 patre
616 1769 722 1827 natus
739 1771 791 1829 2³1
804 1756 975 1832 Erneatua
991 1763 1029 1832 in
1044 1767 1174 1858 oppido
1192 1765 1358 1861 Ulyssea,
1383 1766 1422 1833 in
1444 1788 1483 1834 ea
1519 1759 1690 1854 ¹quillitas
1704 1775 1884 1855 utcunque
1899 1765 2088 1836 constituta
2101 1777 2211 1849 esset,
2236 1776 2271 1834 et
2291 1762 2361 1832 iam
2386 1762 2514 1851 guber·

504 1860 613 1930 domo
637 1881 727 1952 quac
749 1882 847 1929 nnnc
868 1875 919 1931 est
943 1864 1070 1936 domus
1090 1863 1247 1954 scholae,
1270 1867 1309 1937 in
1331 1891 1401 1961 qua
1421 1866 1483 1953 ,vir
1530 1860 1629 1932 natio
1649 1861 1783 1951 patriae
1804 1864 2002 1933 ordinanda
2023 1879 2130 1951 esset,
2162 1866 2335 1958 sciretque
2347 1860 2427 1933 Dux
2444 1858 2515 1933 Er·
2568 1904 2570 1907 ·

505 1957 706 2031 eruditione
736 1972 770 2030 et
797 1960 929 2032 virtute
953 1967 1123 2038 excellens
1144 1968 1349 2041 Bernardus
1371 1965 1482 2037 Bom·
1531 1973 1651 2032 nestus
1666 1958 1825 2053 Principi
1841 1986 2001 2033 normam
2017 1965 2281 2055 gubernationis
2296 1988 2368 2035 esse
2383 1963 2512 2033 debere

504 2073 709 2152 gannerus,
741 2062 844 2131 docet
870 2062 1027 2155 linguam
1049 2066 1214 2142 Latinam
1243 2085 1277 2143 et
1300 2067 1484 2152 Graecam,
1530 2077 1706 2156 utranque
1729 2062 1885 2152 decalogi
1908 2064 2085 2149 tabulam,
2111 2078 2145 2136 et
2166 2066 2322 2158 primum
2337 2087 2515 2159 quaeren-

500 2174 538 2233 et
556 2160 755 2231 doctrinam
776 2157 970 2247 Ecclesiae,
1001 2168 1100 2240 cuius
1129 2172 1267 2244 labores
1296 2169 1418 2241 multis
1442 2169 1481 2236 in
1531 2165 1617 2233 dum
1641 2184 1714 2232 esse
1733 2185 1882 2253 regnum
1907 2164 1993 2248 Dei,
2015 2166 2085 2236 fuit
2112 2160 2198 2235 haec
2215 2167 2329 2257 prima
2342 2189 2426 2236 cura
2442 2160 2513 2234 Ec-

499 2282 629 2352 magna
641 2272 741 2353 parte
760 2278 918 2353 prosunt.
957 2263 1006 2340 Et
1019 2270 1191 2344 divinitus
1209 2274 1257 2342 ita
1273 2272 1483 2353 factumest,
1532 2264 1653 2349 clesias
1669 2277 1762 2333 recte
1778 2265 2029 2351 constituendi,
2045 2289 2135 2359 quae
2153 2268 2246 2339 etde
2261 2267 2422 2336 doctrina
2438 2265 2513 2334 dis·

499 2374 543 2434 ut
565 2362 642 2432 eius
664 2360 840 2455 Principis
868 2367 966 2438 locus
988 2372 1116 2442 natalis
1137 2372 1337 2443 studiorum
1359 2381 1394 2438 et
1416 2370 1482 2439 do·
1530 2365 1748 2450 sentiebant,
1774 2379 1808 2437 et
1828 2366 1914 2436 belli
1935 2367 2194 2438 calamitatibus
2216 2368 2383 2438 adflectae
2400 2378 2513 2441 erant.

500 2462 636 2534 'ctrinae
649 2463 868 2535 domicilium
884 2468 997 2539 factus
1012 2472 1071 2555 sit,
1086 2473 1148 2565 qui
1164 2472 1282 2542 studia
1297 2471 1480 2541 literarum
1531 2464 1654 2559 ltaque
1669 2465 1875 2555 gravissima
1889 2468 2144 2560 deliberatione
2163 2468 2323 2539 omnium
2344 2466 2513 2538 ordinum

500 2559 722 2635 etEsclesias
736 2564 773 2633 in
787 2569 908 2657 'patria
924 2570 1060 2660 primus
1074 2572 1238 2643 restituit.
1263 2570 1481 2643 Adolescen-
1531 2567 1710 2638 decretum
1734 2580 1802 2652 eat,
1836 2582 1877 2639 ut
1899 2593 1986 2662 pura
2005 2565 2193 2659 Evangelii
2213 2568 2395 2641 doctrinae
2415 2570 2513 2639 iuxta

500 2677 552 2735 tes
572 2664 696 2735 fratres
719 2660 904 2738 Othonem
933 2682 970 2739 et
991 2664 1181 2744 Ernestum
1202 2671 1284 2746 Dux
1308 2672 1481 2746 Saxoniae
1528 2662 1679 2741 Lutheri
1711 2668 1860 2761 scripta,
1894 2671 1971 2741 sine
2000 2671 2218 2742 dissensione
2240 2683 2511 2763 proponeretur,

498 2762 700 2837 fridericus
730 2763 895 2853 Elector,
934 2773 1149 2856 avunculus,
1179 2775 1314 2846 erudiri
1345 2770 1483 2843 curavit
1530 2781 1565 2838 et
1579 2778 1619 2837 ut
1634 2763 1811 2838 Ecclesiae
1825 2771 2100 2863 inspicerentur,
2126 2785 2379 2866 quaererentur
2390 2769 2513 2841 idonei

498 2865 539 2935 in
553 2862 743 2937 Academia
764 2866 1049 2961 Wittcbergensi
1068 2900 1088 2947 a
1111 2873 1267 2968 Georgia
1283 2872 1482 2969 Spalatino,
1529 2865 1705 2950 Pastores,
1720 2868 1889 2940 darentur
1903 2872 2090 2962 stipendia,
2112 2869 2327 2944 sarcirentur
2339 2871 2511 2955 aedilicia,

497 2965 561 3060 qui
574 2981 609 3038 et
625 2969 735 3037 latine
747 2966 900 3040 disertus
915 2986 1009 3055 erat,
1035 2990 1069 3049 et
1085 2999 1222 3047 summa
1237 2978 1306 3047 fide
1322 2971 1481 3064 discipu·
1530 2964 1683 3058 populus
1703 2966 1747 3034 ad
1770 2963 1972 3059 κατήχησιν
1999 2985 2034 3041 et
2063 2971 2107 3039 ad
2136 2972 2361 3061 disciplinam
2383 2972 2511 3039 adsue·

494 3067 550 3138 los
574 3068 718 3137 erudiit.
768 3064 928 3166 Cumque
958 3076 1101 3156 valeret
1122 3078 1269 3170 ingenio
1295 3075 1483 3157 Ernestus,
1529 3066 1649 3153 tieret,
1674 3078 1709 3136 ct
1729 3064 1768 3132 in
1794 3066 1934 3156 oppidis
1955 3069 2073 3137 studia
2086 3070 2269 3154 literarum
2284 3067 2513 3139 institueren-

496 3167 658 3253 linguam
671 3165 834 3238 Latinam
848 3172 896 3242 ita
912 3175 1047 3261 didicit,
1062 3191 1103 3246 ut
1117 3178 1291 3248 sermonis
1302 3175 1407 3246 latini
1421 3198 1482 3243 co·
1529 3184 1599 3241 tur.
1648 3163 1726 3236 Hae
1739 3189 1796 3235 res
1809 3166 1979 3236 salutares
1992 3166 2112 3236 statim
2128 3166 2231 3236 initio
2247 3167 2513 3255 gubernationis

495 3266 557 3354 pia
574 3264 606 3330 ei
623 3286 696 3332 non
713 3266 856 3352 deesset,
871 3293 952 3338 cnm
967 3274 1006 3340 in
1020 3274 1219 3367 colloquiis,
1245 3291 1322 3346 tum
1338 3276 1378 3341 in
1395 3272 1481 3342 scri·
1523 3289 1549 3335 a
1565 3267 1665 3338 Duce
1677 3261 1830 3336 Ernesto
1844 3261 2029 3336 inchoatae
2040 3277 2137 3350 sunt,
2161 3278 2196 3335 et
2209 3266 2374 3356 inspectis
2389 3263 2514 3337 Eccle-

494 3363 628 3434 bendo.
679 3358 836 3436 Auditor
848 3369 953 3440 etiam
969 3372 1039 3443 iuit
1056 3372 1301 3445 iurisconsulti
1318 3370 1482 3445 Doctoris
1531 3367 1592 3437 siis
1606 3366 1686 3459 pius
1702 3390 1893 3438 consensus
1911 3366 1950 3436 in
1966 3367 2128 3439 doctrina
2151 3368 2362 3439 constitutus
2384 3379 2453 3454 est,
2477 3382 2513 3440 et

497 3460 698 3553 Henningi.
757 3463 830 3537 Nec
852 3484 971 3561 postea
993 3473 1103 3545 latine
1134 3476 1281 3569 scriptas
1303 3469 1481 3562 historias,
1530 3469 1721 3539 attributus
1735 3469 1849 3540 victus
1862 3468 2083 3539 docentibus.
2133 3465 2296 3562 Cumque
2317 3470 2422 3541 sciret
2436 3475 2512 3540 non

499 3577 536 3634 et
550 3562 662 3634 libros
683 3562 911 3657 propheticos
933 3585 967 3643 et
983 3575 1215 3664 apostolicos,
1240 3591 1274 3646 et
1294 3575 1363 3646 alia
1378 3573 1480 3644 utilia
1531 3570 1615 3640 satis
1634 3590 1708 3637 esse
1729 3563 1794 3636 has
1818 3581 1932 3640 tantas
1953 3592 2009 3639 res
2038 3565 2224 3655 inchoare,
2257 3571 2317 3639 sed
2348 3584 2512 3662 oportere

497 3680 729 3736 monumenta
752 3669 868 3756 legere
892 3671 1007 3742 desiit.
1060 3673 1211 3761 Quoties
1232 3675 1301 3745 iter
1319 3674 1481 3756 faciebat,
1530 3682 1734 3764 perpetuam
1754 3691 1828 3739 esse
1849 3670 2068 3759 diligentiam
2091 3684 2184 3742 recte
2208 3666 2374 3741 inchoata
2386 3671 2512 3743 tuendi

495 3764 669 3835 sarcinam
692 3779 869 3837 certorum
889 3770 1065 3842 librorum
1093 3795 1211 3845 secum
1237 3770 1407 3857 vehebat,
1439 3785 1479 3843 ut
1530 3785 1565 3842 et
1586 3769 1781 3855 sarciendi,
1820 3784 1940 3862 postea
1969 3773 2160 3865 quotamis
2189 3771 2316 3861 inspici
2335 3767 2512 3843 Ecclesias

494 3865 626 3936 multos
658 3865 788 3937 vidisse
803 3867 889 3944 scio.
963 3867 1136 3963 Egressus
1169 3897 1211 3945 ex
1243 3872 1480 3944 adolescentia
1530 3871 1685 3956 curavit,
1712 3883 1746 3941 et
1759 3872 1900 3952 sarciri,
1926 3872 1990 3942 ubi
2004 3873 2138 3967 aliquid
2153 3873 2402 3943 labefactatum
2425 3887 2512 3948 erat.

483 3966 581 4038 'vixit
606 3965 791 4054 Luteciae,
814 3971 879 4040 ubi
903 3971 1011 4042 simul
1031 3985 1066 4045 et
1091 3974 1130 4043 in
1146 3971 1275 4046 Latina
1297 3975 1419 4064 lingua
1433 3995 1480 4054 ase
1531 3974 1612 4065 Qua
1636 3973 1676 4041 in
1699 3994 1738 4042 re
1760 3967 1827 4043 hoc
1852 3974 1929 4042 eius
1949 3975 2138 4045 consilium
2158 3970 2337 4062 singulare
2358 3973 2445 4061 tute,
2477 3988 2512 4045 et

494 4068 667 4154 menis,
691 4082 726 4140 et
747 4067 922 4142 Gallicam
944 4073 1089 4162 didicit,
1112 4088 1147 4147 et
1169 4076 1333 4146 ordinem
1355 4072 1479 4144 iudicii
1530 4068 1748 4166 πολίτευμα,
1764 4072 2011 4160 dignissimum
2023 4069 2225 4146 Christiano
2239 4072 2416 4166 Principe,
2430 4099 2512 4147 cunr

492 4168 601 4260 regii,
625 4193 696 4264 quo
720 4171 863 4244 nullum
884 4185 936 4244 est
952 4175 1079 4247 melius
1101 4176 1333 4248 constitutum
1349 4174 1387 4244 in
1404 4186 1479 4267 toto
1531 4174 1635 4243 sciret
1656 4172 1817 4242 Pastores
1839 4193 1941 4261 saepe
1965 4174 2097 4262 negligi
2123 4198 2143 4243 a
2170 4175 2415 4268 questoribus,
2441 4177 2511 4262 [aut

493 4291 622 4361 grume
651 4267 830 4359 humano,
867 4274 1058 4366 diligenter
1084 4278 1332 4364 consideravit.
1382 4272 1480 4344 Haec
1532 4274 1638 4344 etiam
1667 4294 1793 4363 parum
1816 4272 2005 4343 clementer
2027 4275 2189 4359 tractari,
2213 4275 2366 4347 edictum
2391 4273 2513 4366 publi-

493 4371 668 4467 tyrocinia
681 4397 763 4444 cum
779 4369 980 4462 habuisset,
1005 4378 1111 4450 rediit
1132 4379 1172 4448 in
1196 4379 1357 4470 patriam,
1382 4377 1480 4446 unde
1531 4399 1612 4447 cum
1626 4372 1759 4456 edidit,
1782 4397 1853 4465 quo
1868 4375 2064 4463 praecepit,
2089 4389 2129 4446 ut
2145 4373 2305 4446 Pastores
2326 4396 2407 4445 suas
2423 4397 2512 4468 quc·

493 4496 576 4545 sum
603 4487 705 4564 mter
733 4477 889 4562 abesset,
922 4500 968 4548 ne
994 4502 1086 4550 nova
1116 4481 1210 4553 bella
1242 4490 1480 4562 moverentur,
1530 4477 1621 4547 relas
1635 4475 1830 4558 deferrent,
1852 4496 1928 4544 non
1943 4476 1986 4544 ad
2003 4474 2234 4565 Quaestorca,
2266 4475 2327 4545 sed
2353 4488 2445 4546 recta
2465 4478 2514 4546 ad

493 4575 725 4649 credemibus
738 4577 859 4648 amicis
875 4591 909 4649 et
925 4578 1107 4652 voluntate
1119 4582 1230 4674 patris
1250 4579 1479 4670 gubernatio·
1530 4575 1754 4667 Principem,
1780 4588 1815 4645 et
1836 4577 1990 4646 ostendit
2013 4577 2083 4648 sibi
2104 4599 2209 4647 curae
2231 4576 2328 4656 fore,
2353 4597 2399 4645 ne
2422 4577 2514 4647 iusta

493 4698 581 4747 nem
593 4676 736 4769 accepit,
750 4676 789 4747 in
804 4703 872 4771 qua
887 4680 1033 4752 fuerunt
1046 4679 1149 4754 initia
1163 4682 1374 4765 difficiliora,
1395 4678 1480 4773 quia
1530 4678 1688 4750 defensio
1702 4677 1834 4746 deesset
1843 4673 2055 4750 Pastoribus
2083 4675 2252 4750 Secutmn
2266 4689 2318 4746 est
2329 4675 2512 4769 aliquanto

491 4791 643 4868 propter
664 4800 787 4850 recens
809 4780 966 4868 bellum,
990 4806 1066 4853 non
1086 4784 1201 4854 solum
1223 4784 1359 4854 reditus
1379 4793 1480 4852 erant
1530 4791 1610 4874 post
1641 4774 1727 4848 haec
1758 4777 1880 4861 initia,
1920 4773 2060 4869 tempus
2079 4776 2280 4868 Augustani
2302 4792 2510 4864 conventus,

496 4877 729 4966 angustiores,
744 4881 805 4949 sed
822 4881 928 4953 etiam
943 4883 984 4954 in
998 4884 1120 4956 multis
1134 4885 1329 4956 reverentia
1345 4886 1479 4973 legum,
1531 4880 1594 4975 qui
1615 4879 1684 4950 suit
1704 4901 1799 4948 anno
1823 4878 2033 4963 millesimo,
2067 4877 2374 4973 quingentesimo,
2403 4878 2511 4949 trice-

493 4973 733 5064 iudiciorum,
757 4992 794 5051 ct
807 4982 1014 5075 disciplinae
1026 4986 1231 5059 labefactata
1246 4998 1332 5057 erat.
1383 4974 1479 5073 Quia
1527 4984 1639 5067 simo,
1662 4981 1793 5073 inquo
1818 5001 1897 5049 cum
1913 4975 2063 5050 Carolus
2083 4979 2278 5072 imperator
2291 4977 2381 5048 scire
2396 4980 2515 5065 vellet,
2554 5002 2556 5006 ’

492 5096 583 5146 vero
598 5071 681 5145 Dux
697 5073 867 5154 Erncstus
888 5100 994 5159 norat
1023 5082 1120 5158 hunc
1132 5088 1315 5172 ordinem,
1340 5097 1380 5154 ut
1392 5083 1478 5154 certi
1529 5084 1710 5176 quodnam
1734 5103 1810 5149 esse
1834 5090 1947 5150 toturn
1970 5080 2154 5151 doctrinae
2177 5100 2305 5167 corpus
2324 5078 2364 5147 in
2387 5076 2514 5151 Eccle-

494 5176 571 5247 sint
591 5175 862 5268 gubernatores,
885 5181 953 5256 Dei
975 5212 1064 5283 opus
1082 5211 1174 5270 esse,
1200 5200 1234 5258 et
1250 5210 1288 5257 se
1301 5186 1400 5256 nulla
1416 5174 1480 5254 cu-'
1528 5185 1591 5253 siis
1613 5179 1763 5265 nostris,
1795 5193 1837 5250 ut
1858 5178 1988 5273 quibus
2006 5179 2052 5249 de
2078 5182 2184 5250 rebus
2212 5179 2385 5250 dissensio
2416 5193 2515 5263 esset,

493 5275 643 5369 piditate
666 5279 864 5352 difficilimo
880 5296 1035 5379 ternpore
1062 5292 1106 5361 ad
1119 5291 1307 5381 regendam
1327 5286 1479 5380 patriam
1528 5283 1781 5366 consideraret,
1795 5279 1966 5351 confessio
1982 5280 2165 5352 doctrinae
2181 5275 2338 5352 exhibita
2356 5295 2408 5353 est
2423 5304 2514 5374 quae

495 5380 697 5465 accessisse,
720 5377 839 5451 Deum
853 5384 1057 5477 invocabat,
1080 5414 1122 5462 ac
1134 5392 1274 5486 petebat
1290 5390 1335 5461 ab
1348 5412 1392 5459 eo
1405 5386 1478 5476 regi
1528 5397 1632 5461 extat.
1682 5379 1727 5452 ln
1740 5378 1807 5453 hac
1830 5380 2049 5452 confessione
2074 5404 2138 5453 nec
2156 5381 2253 5467 odia,
2276 5405 2342 5453 nec
2357 5381 2513 5474 pericula

496 5491 532 5550 et
552 5480 669 5553 iuvari
691 5505 817 5553 omnes
838 5484 1119 5565 deliberationes.
1168 5487 1223 5564 Ac
1247 5513 1303 5561 res
1323 5488 1479 5561 ostendit
1527 5485 1673 5576 defugit,
1698 5484 1759 5553 sed
1774 5495 1978 5555 constanter
1992 5495 2027 5553 et
2041 5483 2199 5553 nominis
2214 5482 2270 5553 sui
2282 5480 2514 5570 subscriptio·

496 5580 530 5649 ei
544 5576 841 5656 Deumadfuisses·
887 5584 996 5660 lnitio
1011 5592 1105 5662 enim
1121 5593 1350 5665 consiliorum
1364 5589 1479 5661 socios
1526 5611 1572 5659 ne
1594 5585 1749 5658 ostendit
1778 5607 1816 5655 se
1843 5585 1882 5654 id
1911 5583 2095 5654 doctrinae
2123 5605 2234 5675 genus
2262 5580 2443 5668 amplecti,
2477 5593 2514 5650 ct

495 5680 582 5753 tales
597 5685 694 5754 viros
708 5685 741 5754 ei
753 5687 935 5768 adiunxit,
962 5689 1072 5784 quiet
1092 5692 1262 5785 sapientia
1281 5705 1318 5764 et
1339 5691 1481 5763 autori·¹
1526 5711 1701 5783 nusquam
1728 5687 1865 5779 optimo
1888 5683 2047 5775 Principi
2070 5683 2163 5755 Duri
2184 5676 2335 5777 Iohanni
2354 5675 2515 5750 Electori

493 5792 566 5852 tata
590 5786 847 5862 antecellebant
868 5783 1064 5866 Ascanium
1089 5790 1273 5868 Cmmium
1304 5793 1478 5888 peritissl-
1524 5791 1659 5879 defuit,
1683 5812 1755 5886 quo
1778 5801 1935 5881 tempore
1957 5786 2089 5858 scimus
2107 5778 2336 5870 etPrincipes
2353 5777 2451 5873 ipsos
2472 5779 2513 5851 in
