6025 6775
500 580 574 668 215
982 581 1137 662 DECL.
1171 581 1245 659 DE
1274 584 1433 660 CURA
1473 584 1667 661 RECTE
1700 584 2022 678 LOQUENDI.
2073 663 2075 668 ,
2428 600 2504 672 sto

503 764 706 835 nevolentia
731 763 893 834 delector.
945 755 997 829 Ac
1017 755 1132 848 recepi
1155 752 1223 826 hoc
1237 757 1388 826 docendi
1403 781 1482 832 mu·
1510 750 1513 757 ’
1630 752 1703 823 Nec
1719 756 1761 823 de
1777 755 1839 824 illa
1855 759 2039 832 excellenti
2054 761 2252 856 eloquentia
2267 765 2391 850 dicam,
2414 789 2504 858 quae

486 861 573 937 'nus
585 890 626 935 eo
644 864 800 944 facilius,
827 862 999 955 quianon
1020 861 1062 927 ad
1079 860 1155 927 dira
1181 871 1217 928 et
1236 858 1392 941 crudelia
1415 852 1482 926 ho·
1531 870 1583 926 est
1597 855 1774 944 singulare
1797 880 1886 946 opus
1899 858 1966 927 Dei
1988 862 2024 927 in
2040 865 2184 933 summis
2202 866 2504 952 gubernatoribus,

487 954 587 1036 ‚mm
611 979 809 1054 temporum
825 960 1013 1030 certamina
1029 983 1153 1040 vocor,
1179 958 1239 1026 sed
1256 960 1301 1027 ad
1318 957 1482 1027 dulcissi-
1531 956 1645 1047 qualis
1675 956 1744 1026 fuit
1776 957 1921 1026 fortasse
1947 959 2128 1043 Nestoris,¹
2164 962 2314 1057 Ulyssis‚
2349 966 2503 1046 Solonis,

492 1063 597 1134 'mam
623 1065 807 1134 lectionem
828 1061 1019 1130 latinorum
1048 1072 1081 1127 et
1103 1081 1306 1148 graecorum
1333 1060 1482 1150 scripto·
1529 1053 1695 1141 Periclis,
1720 1056 1905 1149 inquibus
1928 1082 2006 1127 curn
2033 1085 2158 1150 magna
2172 1065 2340 1154 sapientia
2354 1066 2503 1134 coniun-

505 1191 605 1250 rum,
631 1165 729 1236 etad
753 1187 791 1231 ea
816 1160 953 1241 studia,
980 1160 1228 1253 aquibusnec
1245 1172 1391 1245 natura,
1416 1183 1480 1229 nec
1530 1170 1582 1225 cta
1598 1157 1667 1226 fuit
1692 1169 1837 1225 naturae
1861 1157 1933 1237 vis,
1960 1160 2021 1251 qui
2042 1162 2174 1230 flumen
2197 1163 2365 1235 orationis
2380 1188 2504 1253 magua

505 1268 687 1336 voluntate
709 1256 898 1343 abhorreo,
925 1285 1013 1354 quae
1039 1276 1156 1331 tamen
1173 1273 1207 1330 et
1221 1255 1399 1328 Ecclesiae
1414 1284 1480 1329 ue·
1530 1257 1630 1347 copia
1647 1269 1681 1326 et
1697 1257 1884 1348 splendore
1899 1258 2057 1344 fundere,
2072 1276 2107 1331 et
2122 1265 2284 1333 ardentes
2299 1265 2408 1333 animi
2427 1288 2505 1334 mo·

389 1428 391 1431 .
506 1366 651 1437 cessaria
673 1376 707 1430 et
731 1359 961 1453 Reipublicae
982 1362 1083 1434 utilia
1106 1374 1199 1434 sunt.
1259 1357 1338 1430 Etsi
1362 1374 1480 1430 autem
1529 1370 1585 1425 tus
1615 1359 1763 1441 addere,
1789 1357 1952 1446 colligere
1977 1361 2160 1452 dissipatos
2183 1359 2364 1446 homiues,
2391 1380 2431 1436 ut
2451 1365 2504 1433 le·

505 1464 683 1534 verissime
697 1463 846 1532 adfirmo
870 1453 948 1547 me,
974 1475 1009 1531 et
1029 1484 1214 1551 agnoscere
1229 1485 1341 1529 meam
1367 1462 1481 1530 imbe·
1528 1479 1612 1545 gum
1634 1457 1754 1526 frenos
1776 1459 1990 1548 acciperent,
2023 1475 2057 1531 et
2080 1462 2176 1531 civili
2201 1463 2365 1532 societate
2392 1465 2504 1537 iuncti

504 1564 703 1643 ciuitatem,
730 1578 764 1633 et
779 1563 880 1631 valde
895 1585 952 1631 me
964 1563 1103 1645 dolere,
1129 1562 1247 1631 minus
1264 1586 1319 1630 me
1336 1562 1478 1650 ingenio
1529 1558 1670 1626 labores
1686 1581 1889 1627 communes
1906 1560 2136 1644 sustinerent,
2163 1564 2270 1633 iratos
2291 1564 2382 1631 cives
2397 1564 2435 1632 in
2451 1588 2506 1634 se-

502 1679 678 1756 praestare
700 1684 802 1753 posse
826 1686 930 1754 quam
956 1663 1101 1746 vellem,
1123 1686 1187 1731 uec
1210 1686 1266 1731 me
1282 1686 1478 1731 annumero
1528 1658 1723 1727 ditionibus
1756 1659 1913 1744 flectere,
1946 1674 1987 1730 nt
2017 1663 2112 1732 ultro
2143 1688 2239 1733 arma
2272 1666 2315 1733 de
2341 1666 2505 1735 manibus

501 1765 562 1851 iis,
588 1766 649 1858 qui
672 1763 846 1834 excellunt
868 1764 923 1831 vel
947 1763 1146 1855 eloquentia
1180 1764 1234 1831 vel
1266 1764 1479 1847 eruditione,
1528 1758 1738 1842 abiicerent,
1777 1773 1810 1829 et
1844 1782 1981 1849 asperas
2013 1763 2106 1857 leges
2144 1766 2290 1833 suadere
2329 1779 2504 1853 poteraut.

502 1878 621 1936 tamen
638 1862 705 1935 hoc
725 1888 781 1932 me
796 1864 914 1933 studio
933 1863 1098 1933 delectari
1113 1863 1242 1946 fateor,
1269 1877 1305 1932 et
1328 1863 1478 1933 libenter
1525 1856 1657 1927 Divina
1675 1855 1761 1929 haec
1776 1875 1880 1949 sunt,
1908 1874 1947 1931 ut
1961 1857 2121 1956 Orphei,
2146 1864 2301 1949 Musaei,
2328 1860 2504 1955 Amphio-

503 1991 562 2036 ero
580 1962 739 2036 hortator
753 1965 857 2032 bonis
873 1963 1041 2051 ingeniis,
1066 1975 1106 2031 ut
1122 1962 1252 2052 optima
1268 1964 1421 2047 discant,
1444 1977 1478 2033 et
1525 1959 1602 2044 nis,
1629 1974 1664 2030 et
1677 1957 1824 2030 Homeri
1842 1960 1997 2032 Politice.

501 2080 715 2136 monstrator
738 2088 797 2132 ero
822 2064 983 2145 sedulus,
1009 2064 1106 2154 quod
1131 2087 1170 2131 eo
1186 2064 1310 2131 faciam
1328 2064 1477 2148 facilius,
1626 2058 1699 2129 Nec
1721 2063 1765 2129 de
1787 2062 1850 2129 illa
1877 2064 2021 2154 quidem
2047 2066 2247 2158 eloquentia
2275 2066 2388 2135 dicam
2418 2090 2504 2156 pro-

501 2167 583 2258 quia
601 2166 671 2236 scio
685 2167 723 2233 in
740 2159 804 2232 hac
814 2161 1003 2231 Academia
1019 2163 1178 2231 omnium
1192 2188 1383 2253 congruere
1395 2189 1476 2233 seu·
1525 2160 1642 2251 priore
1657 2162 1770 2246 nobis,
1787 2165 1831 2230 de
1845 2188 1914 2255 qua
1927 2164 2063 2256 aliquid
2076 2168 2273 2236 existimare
2289 2168 2408 2236 diserti
2420 2190 2503 2257 pos-

501 2267 627 2337 teutias
643 2279 676 2334 et
690 2263 888 2334 voluntates
905 2268 947 2330 de
963 2263 1127 2333 omnibus
1142 2266 1329 2352 generibus
1342 2265 1476 2334 doctri·
1525 2274 1606 2328 sunt
1615 2311 1627 2346 ,
1656 2276 1689 2330 et
1714 2287 1801 2352 quae
1824 2266 1977 2335 multum
2002 2289 2021 2334 a
2039 2268 2220 2337 doctrinae
2237 2281 2271 2336 et
2288 2269 2333 2339 ab
2350 2281 2424 2336 arte
2441 2291 2504 2335 su-

500 2391 639 2439 narum.
691 2361 828 2433 Omnes
854 2360 920 2433 hoc
948 2365 1104 2434 iudicant
1127 2365 1328 2453 linguarum
1353 2368 1477 2454 cogni·
1526 2361 1608 2445 mit,
1634 2362 1748 2453 qualis
1762 2364 1829 2433 fuit
1846 2361 2094 2436 Demosthenis
2112 2382 2173 2437 aut
2187 2366 2386 2446 Ciceronis,
2412 2393 2505 2460 quo-

499 2468 635 2537 tionerri
651 2479 685 2536 et
708 2465 929 2553 diligentiam
951 2480 1043 2534 recte
1059 2465 1229 2557 loquendi
1245 2466 1396 2534 maxime
1412 2490 1475 2535 ne·
1524 2485 1604 2529 rum
1620 2463 1775 2552 exempla
1800 2465 1864 2531 etsi
1886 2467 1996 2536 multa
2013 2490 2077 2536 nos
2093 2483 2257 2551 monent,
2284 2482 2399 2538 tamen
2417 2492 2505 2536 cou-

500 2568 682 2637 cessaciam
700 2588 773 2634 esse
791 2581 824 2636 et
840 2567 876 2633 iu
893 2561 1066 2648 Ecclesia,
1091 2579 1126 2635 et
1141 2566 1177 2632 iu
1194 2566 1272 2633 aliis
1289 2567 1379 2635 vitae
1393 2590 1476 2655 par·
1524 2562 1603 2630 silia
1627 2576 1661 2631 et
1684 2564 1755 2630 vim
1781 2560 2044 2653 Demosthenis,
2067 2585 2104 2638 et
2126 2570 2350 2660 splendorem
2371 2591 2411 2635 ac
2434 2593 2504 2637 nu·

501 2669 606 2738 tibus.
657 2666 772 2736 Pauca
793 2666 900 2755 igitur
923 2666 992 2734 iam
1018 2668 1061 2734 dc
1077 2660 1133 2735 his
1147 2666 1290 2748 studiis,
1312 2667 1475 2738 videlicet
1524 2686 1640 2731 meros
1654 2659 1838 2733 Ciceronis
1852 2688 1955 2735 nemo
1970 2690 2118 2760 aequare
2133 2670 2275 2761 poterit.
2327 2666 2503 2755 Quodest

501 2771 544 2837 de
560 2766 794 2861 Eloquentia,
817 2769 909 2837 etde
925 2790 1007 2836 cura
1024 2781 1115 2836 recte
1134 2767 1304 2858 loquendi
1321 2768 1446 2837 dicam.
1525 2763 1632 2852 igitur
1646 2764 1833 2832 consilium
1849 2780 2009 2836 nostrum
2025 2769 2062 2835 in
2079 2763 2143 2837 hac
2156 2766 2427 2839 adhortatione?
2449 2767 2503 2839 De

582 2868 655 2938 Nec
671 2891 753 2937 vero
766 2864 874 2937 ullius
889 2881 1067 2937 creaturae
1079 2867 1249 2958 sapientia
1265 2868 1475 2957 cogitatione
1524 2864 1649 2933 vestris
1664 2865 1837 2933 exercitiis
1855 2866 1981 2959 loquar
1998 2868 2036 2936 iu
2052 2864 2110 2938 his
2126 2870 2272 2954 studiis,
2297 2870 2502 2961 praesertim

499 2964 798 3061 comprehendere
820 2981 954 3058 potest,
980 2982 1131 3061 quantae
1146 2990 1202 3037 res
1216 2970 1288 3039 sint
1302 2965 1386 3038 haec
1405 2970 1473 3037 mi·
1524 2965 1665 3053 linguae
1686 2966 1831 3048 latinae,
1864 2979 1904 3034 ut
1934 2968 2039 3036 finem
2066 2971 2294 3055 intueamini,
2324 2974 2368 3041 ad
2396 2995 2503 3065 quem

348 3071 349 3075 ’
411 3118 412 3121 ¹
499 3074 610 3139 canda
633 3069 701 3140 Dei
727 3092 850 3159 opera,
883 3070 1031 3139 facultas
1057 3068 1225 3161 loquendi
1251 3070 1289 3138 in
1318 3067 1474 3155 bomine,
1523 3066 1625 3134 labor
1640 3066 1844 3154 dirigendus
1860 3067 1917 3152 sit,
1932 3081 1966 3138 et
1979 3082 2018 3137 ut
2034 3093 2073 3138 ea
2088 3070 2253 3141 facultate
2269 3095 2329 3140 vos
2344 3072 2502 3143 instrua-

497 3173 625 3240 deiude
647 3171 743 3241 aliud
769 3172 882 3240 maius
903 3185 936 3240 et
966 3170 1142 3259 singulare
1168 3166 1234 3237 Dei
1258 3193 1365 3260 opus,
1399 3172 1473 3238 elo·
1523 3167 1587 3250 tis,
1611 3189 1716 3258 quam
1741 3189 1864 3235 omnes
1886 3191 1959 3236 nou
1983 3184 2200 3242 monstrosae
2222 3186 2368 3242 naturae
2388 3176 2502 3243 etad-

486 3273 643 3365 *quentia
668 3271 858 3351 excellens,
885 3296 974 3363 quae
998 3294 1053 3339 ces
1077 3279 1221 3360 magnas
1242 3271 1418 3363 sapienter
1440 3285 1474 3341 et
1523 3266 1622 3358 sequi
1646 3280 1811 3355 possunt,
1834 3281 1869 3338 et
1892 3292 1982 3361 quae
2004 3272 2170 3342 omnibus
2186 3273 2225 3341 in
2238 3269 2394 3344 Ecclesia
2410 3286 2444 3343 et
2461 3274 2502 3343 iu

497 3374 680 3464 splendide
694 3374 848 3460 exponit,
874 3396 946 3440 non
966 3372 1056 3455 dico,
1080 3397 1170 3463 quae
1186 3385 1284 3444 tonat
1301 3385 1335 3441 et
1349 3363 1473 3441 fulmi-
1524 3366 1706 3436 communi
1726 3367 1797 3456 vita
1812 3370 2003 3441 necessaria
2021 3387 2089 3458 est,
2110 3369 2192 3468 napi
2213 3368 2414 3448 ἀδυνάτων
2427 3400 2503 3446 non

497 3488 577 3555 nat,
603 3473 699 3563 quod
719 3473 812 3558 apud
836 3472 1007 3560 populum
1034 3473 1124 3540 male
1139 3473 1351 3542 iudicantem
1368 3474 1472 3541 etiam
1496 3538 1500 3556 ἴ
1524 3482 1574 3539 est
1588 3467 1814 3553 deliberatio,
1839 3473 1899 3539 sed
1918 3466 2078 3544 hortator
2100 3498 2196 3555 sum,
2220 3489 2259 3544 ut
2284 3476 2440 3544 laborem
2465 3490 2501 3547 et

498 3567 684 3661 sophistica
707 3571 951 3640 adsentatione
974 3584 1008 3638 et
1032 3566 1230 3659 praestigiis
1254 3575 1377 3655 efficit,
1411 3576 1471 3641 sed
1523 3569 1666 3662 quidem
1683 3571 1925 3640 dulcissimum
1941 3575 2042 3643 bonis
2058 3576 2210 3665 ingeniis
2224 3576 2261 3645 in
2275 3600 2314 3645 re
2328 3577 2502 3668 possibili,

497 3696 585 3765 quae
605 3685 680 3742 orta
703 3694 743 3739 cx
765 3694 845 3740 vera
869 3671 1039 3761 sapientia
1061 3682 1153 3739 recte
1177 3673 1319 3761 exponit
1340 3697 1394 3741 res
1412 3699 1472 3743 ve·
1524 3683 1558 3737 et
1573 3692 1647 3736 non
1662 3669 1776 3736 solum
1792 3671 1891 3751 utili,
1916 3675 1977 3738 sed
1993 3675 2150 3759 profecto
2165 3679 2359 3748 necessaria
2377 3680 2415 3746 in
2430 3673 2500 3748 Ec·

498 3796 574 3856 ras,
599 3786 633 3842 et
648 3773 750 3842 addit
761 3771 1006 3862 splendorem,
1029 3774 1190 3842 ardentes
1213 3787 1329 3842 motus
1352 3773 1473 3858 animi,
1523 3768 1648 3852 clesia,
1674 3781 1707 3836 et
1728 3789 1817 3859 quae
1837 3767 1960 3856 ingens
1983 3771 2089 3839 decus
2110 3787 2179 3859 est,
2208 3800 2332 3862 magna
2358 3804 2439 3849 cura
2467 3793 2501 3850 et

497 3890 532 3946 et
546 3875 754 3942 concinnam
773 3866 994 3941 harmoniam
1010 3895 1071 3942 seu
1085 3896 1261 3957 numeros,
1287 3874 1346 3965 qui
1364 3874 1472 3943 ruira-
1524 3869 1635 3940 animi
1654 3867 1855 3940 intentione
1879 3869 2096 3960 suscipiatis,
2121 3872 2299 3958 videlicet,
2326 3891 2366 3946 ut
2391 3893 2501 3946 et-res

497 3975 605 4044 bilem
629 3975 836 4044 suavitatem
862 3973 1016 4044 orationi
1033 3975 1187 4044 adduntz
1212 3967 1471 4044 harumrerum
1524 3970 1733 4042 necessarias
1766 3984 1858 4040 recte
1889 3969 2048 4057 discatis,
2080 3986 2115 4042 et
2147 3974 2345 4063 adiungatis
2378 4000 2499 4046 curam

415 4116 419 4124 ·
496 4076 870 4145 maximarumcausas
894 4086 928 4145 et
953 4075 1160 4164 dignitatem
1183 4097 1288 4146 nemo
1313 4076 1394 4147 satis
1413 4100 1472 4145 ex·
1522 4086 1614 4143 recte
1632 4071 1825 4164 loquendi,
1856 4084 1897 4142 ut
1919 4095 2033 4142 sermo
2056 4074 2102 4145 sit
2123 4077 2387 4171 grammaticus,
2415 4101 2499 4167 pro-

495 4199 627 4270 ponere
642 4190 766 4267 potest.
1521 4175 1639 4266 prius,
1671 4172 1896 4262 perspicuus,
1927 4175 2071 4260 ordine,
2103 4179 2315 4261 verecunde,
2341 4177 2416 4247 sine
2438 4204 2499 4248 so·

598 4276 698 4365 Quae
713 4279 758 4348 sit
775 4277 910 4347 utilitas
923 4280 1096 4359 sermonis
1115 4274 1241 4351 notum
1260 4291 1329 4365 est,
1354 4279 1415 4350 sed
1428 4279 1472 4349 de
1521 4272 1683 4367 phistica,
1699 4272 1776 4341 sine
1794 4272 2000 4344 confusione
2014 4299 2070 4346 res
2086 4278 2294 4346 necessarias
2309 4303 2498 4369 exponens.

421 4374 424 4379 ’
494 4381 608 4450 causis
630 4381 716 4472 quid
740 4377 854 4448 dicere
870 4382 1079 4468 possumus?
1103 4382 1173 4452 nisi
1186 4378 1272 4468 hoe,
1291 4379 1368 4451 Deo
1384 4405 1469 4450 con·
1599 4371 1676 4477 ¹Ile
1697 4368 1763 4444 hac
1785 4376 1964 4445 communi
1988 4391 2022 4447 et
2041 4378 2201 4469 possibili
2223 4380 2388 4450 facultate
2403 4382 2499 4466 dico,

495 4481 602 4551 ditori
618 4494 734 4569 gratos
751 4502 817 4549 nos
833 4501 907 4548 esse
922 4481 1068 4567 debere,
1094 4483 1155 4574 qui
1177 4477 1244 4553 hoc
1261 4494 1359 4552 tanto
1374 4482 1470 4551 bono
1520 4501 1594 4547 non
1608 4476 1711 4547 aliter
1725 4499 1765 4545 ac
1781 4475 1811 4543 si
1827 4476 1951 4565 pictori
1967 4491 2147 4569 praecepta
2161 4480 2294 4565 darem,
2320 4495 2359 4550 ut
2373 4483 2403 4550 si
2420 4506 2500 4551 eor=

495 4580 660 4675 instruxit
676 4578 859 4650 homiuum
876 4596 1052 4662 naturam,
1075 4594 1109 4650 et
1124 4605 1283 4653 sermone
1300 4585 1471 4671 utendum
1521 4601 1586 4670 pus
1601 4600 1663 4647 seu
1685 4572 1860 4658 hominis,
1885 4599 1946 4646 seu
1963 4579 2096 4665 leonis,
2121 4603 2181 4650 seu
2204 4582 2297 4675 equi,
2323 4605 2384 4653 seu
2399 4582 2496 4652 aliud

497 4701 569 4745 esse
585 4682 769 4772 praecipue
787 4684 830 4748 ad
848 4678 963 4749 Deum
981 4681 1241 4755 celebrandum.
1292 4680 1387 4751 Haec
1403 4684 1471 4773 igi·
1520 4680 1662 4770 pingere
1678 4678 1796 4756 vellet,
1847 4676 2006 4749 Primum
2022 4681 2136 4748 ideam
2153 4685 2309 4773 corporis
2324 4684 2362 4751 in
2380 4697 2502 4753 mente·

496 4790 554 4848 tur
567 4801 690 4847 arcana
715 4783 841 4849 omitto
867 4804 942 4849 non
964 4781 1039 4848 siue
1054 4780 1202 4868 gemitu,
1228 4783 1369 4867 dolens,
1396 4807 1470 4853 non
1500 4792 1612 4849 -cecte
1633 4772 1921 4869 comprehensam
1943 4793 2095 4860 teneret,
2128 4783 2258 4852 deinde
2277 4797 2316 4853 ut
2333 4797 2496 4854 naturam

495 4878 610 4951 solum
635 4902 743 4967 pauca
768 4902 834 4948 nos
854 4880 899 4947 de
920 4879 1092 4951 mirandis
1111 4883 1277 4974 operibus
1292 4882 1356 4953 Dei
1371 4884 1471 4969 scire,
1520 4904 1624 4974 quam
1653 4881 1810 4970 proxime
1833 4878 2051 4966 imitaretur,
2076 4905 2141 4952 nec
2157 4897 2392 4955 monstrosam
2407 4887 2495 4957 ima·

495 4981 554 5051 scd
571 4979 676 5050 etiam
702 5003 768 5047 nos
788 4981 944 5068 ingratos
960 4975 1180 5055 horribiliter
1193 4983 1368 5074 negligere
1384 5009 1469 5054 con·
1519 4983 1635 5072 giuem
1650 4981 1789 5051 faceret.

494 5080 743 5153 siderationem
758 5080 1005 5154 beneficiorum
1025 5087 1246 5169 divinorum,
1271 5108 1335 5154 nec
1352 5108 1390 5153 ea
1407 5109 1468 5154 ex·
1615 5081 1739 5152 Laudo
1760 5087 1876 5151 autem
1899 5082 2115 5155 voluntatem
2140 5110 2280 5174 eorum,
2312 5094 2373 5184 qui
2404 5085 2493 5155 hauc

495 5182 629 5267 colere,
652 5208 717 5255 nec
741 5184 787 5256 iis
809 5183 862 5255 uti
886 5185 932 5255 ad
956 5210 1015 5257 eos
1035 5189 1139 5274 fines,
1171 5211 1260 5281 quos
1276 5184 1371 5257 Deus
1385 5211 1468 5277 pro·
1500 5178 1798 5252 adhortationem
1816 5205 1915 5273 saepe
1928 5197 2104 5275 repetunt.
2141 5186 2191 5259 Ut
2205 5191 2299 5259 enim
2315 5188 2493 5276 negligen-

492 5283 622 5379 posuit.
1518 5285 1569 5353 tia
1587 5286 1625 5352 in
1648 5285 1826 5376 loquendo
1848 5285 2064 5375 corruptelas
2085 5289 2265 5359 doctrinae
2288 5287 2372 5356 olim
2394 5289 2492 5375 apud

476 5433 482 5445 ·
594 5381 738 5471 Quanto
757 5387 876 5475 plures
909 5386 1005 5454 enim
1035 5407 1196 5456 sermone
1222 5400 1394 5465 utuntur,
1412 5390 1469 5454 'ut
1519 5380 1715 5454 Monachos
1737 5385 1853 5471 auxit,
1878 5383 1925 5455 ita
1947 5409 2044 5457 nunc
2066 5412 2190 5460 rursus
2211 5388 2343 5458 adferet
2357 5387 2493 5457 doctri-

492 5484 607 5555 Deum
621 5486 832 5554 contumelia
848 5486 1031 5564 adliciant,
1057 5510 1163 5577 quam
1186 5503 1226 5557 ut
1247 5487 1392 5576 eigrate
1409 5485 1467 5553 di·
1518 5508 1584 5554 nae
1599 5485 1841 5556 confusionem
1854 5499 1888 5556 et
1904 5489 2077 5563 tenebras.
2126 5485 2313 5578 Euripides
2328 5489 2493 5560 nominat
2532 5503 2539 5514 “

491 5584 996 5657 cautindoceudoetinaliis
1017 5587 1262 5659 communibus
1280 5587 1371 5658 vitae
1387 5585 1466 5654 offr-
1518 5587 1758 5673 turpissimum
1784 5589 1968 5674 morbum,
2007 5590 2163 5677 lingraam
2191 5586 2404 5676 petulantem
2429 5613 2493 5659 seu

490 5688 580 5761 ciis?
1519 5684 1686 5754 effrenem
1717 5681 1925 5763 ἀκόλαστον
1948 5693 2122 5787 γλῶσσαν
2146 5681 2340 5782 αἰσχίστην
2365 5684 2492 5763 νόσον.
