6025 6775
397 725 468 800 ⁷01
508 723 547 826 'x
670 805 683 818 ,
906 765 911 770 -
1028 715 1787 841 enlntrrluuusttrnotttss
2181 789 2204 804 .
2339 733 2413 814 702

395 896 449 968 vis
471 894 633 987 publica,
660 893 740 964 inre
759 892 892 965 occisus
914 900 964 962 est
978 880 1214 964 Alirrochous
1233 890 1273 962 in
1285 892 1380 965 facto
1495 887 1500 894 ’
1531 889 1620 974 Item
1643 896 1788 966 effertus
1805 906 1857 968 est
1870 892 1946 966 vini
1960 892 2001 964 in
2017 895 2144 983 ebriis,
2169 906 2203 968 et
2215 895 2246 968 si
2261 899 2325 970 alii
2339 901 2411 977 sint

396 990 651 1088 deprehensus.
1428 990 1579 1076 hilares,
1605 996 1668 1065 alii
1688 996 1833 1082 furiosi,
1856 996 1920 1066 alii
1934 991 2174 1093 lachry'ment,
2189 999 2289 1073 sicut
2305 1003 2411 1094 po‘e‘ta'

496 1090 546 1163 Et
573 1094 663 1165 iure*
674 1092 810 1163 Marius
835 1089 989 1162 absolvit
1010 1090 1284 1178 adolescentem,
1316 1091 1379 1187 qui
1428 1090 1535 1167 dixit:
1568 1101 1646 1171 τῶν
1673 1095 1879 1198 χρωμένων
1905 1092 1982 1196 ydp
2009 1099 2088 1182 τοῖς
2105 1095 2255 1198 τρόποις
2273 1096 2409 1200 repeir-

396 1199 437 1265 in
454 1192 564 1265 simili
577 1216 659 1264 casu
673 1191 873 1262 Tribunum
887 1191 1079 1260 militarem
1093 1192 1234 1268 occidit.
1426 1221 1550 1272 νυται.

497 1292 571 1363 Nee
596 1291 757 1364 seditiose
785 1290 869 1363 fecit
892 1291 922 1361 is
945 1290 1167 1380 adolescens,
1198 1294 1264 1365 etsi
1287 1314 1379 1379 eum,

395 1393 514 1487 quiin
527 1392 730 1481 magistratu
746 1404 839 1477 erat,
863 1390 1004 1480 pesidit.
1786 1433 1891 1536 (XI)
1929 1438 2050 1512 ma·

934 1574 963 1648 ··
1659 1539 1760 1627 (Opp.
1782 1541 1877 1612 Brail.
1900 1541 1941 1610 Τ.
1957 1541 2017 1609 111.
2036 1567 2069 1629 p.
2084 1536 2175 1630 329.)

633 1731 735 1818 (Opp.
756 1624 851 1798 ἓξὲξ.
874 1627 1041 1817 Pihhoep
1057 1732 1147 1813 327.)
1244 1747 1246 1750 ·
1427 1685 1556 1794 [loeus
1571 1702 1615 1771 dc
1631 1702 1709 1775 iure
1725 1708 1816 1795 regis
1831 1709 1870 1777 in
1884 1703 2032 1779 historia
2048 1705 2224 1780 Samuelis
2236 1705 2408 1799 approbat

1428 1799 1466 1870 in
1480 1824 1606 1893 genere
1620 1805 1795 1897 quaslibet
1807 1816 1997 1898 regnorum
2011 1810 2151 1894 formas,
2176 1807 2306 1879 rationi
2319 1807 2409 1877 con-³

395 1897 573 1983 Germani
595 1906 780 2000 Principes
809 1909 887 1978 iure
912 1923 1035 1996 tenent
1057 1911 1200 1981 titulum
1220 1905 1378 1984 Romani
1427 1903 1628 1974 sentientes
1676 1901 1760 1973 Non
1777 1907 1871 1976 enirn
1885 1931 2007 1978 omnes
2018 1912 2151 1980 formae
2166 1907 2298 1994 similes
2310 1903 2407 1998 sunt,

394 2010 549 2104 Imperii.
576 2003 744 2078 ‘Licebat
761 2009 855 2077 enim
871 2007 977 2081 Rom.
994 1997 1112 2104 pe'tere
1128 2011 1299 2082 auxilium
1313 2012 1378 2081 ad·
1426 2005 1487 2073 ded
1509 2004 1597 2074 alibi
1618 2004 1763 2074 libertas
1783 2018 1855 2091 etl,
1879 2007 1966 2077 alibi
1982 2012 2149 2097 servitus,
2172 2007 2261 2081 alibi
2276 2009 2405 2097 gradu!

393 2134 515 2183 versus
529 2108 715 2179 latrocinia
731 2109 777 2177 ab
792 2110 918 2180 exteris
933 2111 1085 2201 regibus.
1425 2105 1570 2197 quidam
1586 2104 1777 2179 servitutis.

493 2207 543 2280 Et
562 2208 711 2278 Carolus
730 2207 921 2280 defendens
940 2207 1094 2284 Romam
1117 2225 1222 2304 atque
1237 2208 1396 2300 Italiam,
1525 2203 1687 2276 Libertas
1716 2205 1869 2297 intelligi
1899 2207 2004 2278 debet
2032 2201 2107 2275 non
2130 2202 2291 2301 ἀναρχία
2297 2258 2310 2293 ,
2343 2210 2405 2277 sed

393 2312 559 2383 adversus
575 2306 845 2398 Longobardos,
868 2310 946 2380 iure
967 2310 1054 2382 belli
1069 2312 1180 2383 factus
1196 2324 1247 2383 est
1260 2312 1377 2381 dorni-
1424 2305 1489 2376 ubi
1511 2319 1605 2375 certo
1629 2305 1708 2375 iure
1719 2320 1890 2396 reguntur
1904 2302 2083 2391 homines,
2106 2320 2141 2378 et
2153 2305 2292 2397 Regum
2307 2322 2406 2399 pote-
2467 2387 2470 2394 ,

393 2434 462 2482 nus
480 2411 581 2482 nrbis
602 2420 707 2502 atque
723 2405 863 2495 ltaliae,
888 2412 970 2504 quia
994 2433 1085 2503 quae
1104 2410 1263 2501 legitimo
1279 2412 1375 2482 bello
1423 2418 1494 2476 stas
1515 2405 1654 2495 legibus
1675 2406 1936 2499 circumscripta
1951 2423 2033 2494 est,
2056 2408 2154 2479 iuxta
2168 2430 2257 2502 quas
2270 2408 2405 2496 iudicia

394 2524 497 2601 capta
519 2519 620 2596 sunt,
645 2508 737 2582 iuste
757 2506 937 2586 tenentur.
986 2508 1078 2581 Nam
1098 2511 1232 2583 bellum
1250 2525 1302 2584 est
1318 2535 1375 2584 res
1423 2519 1654 2587 exercentur,
1677 2518 1712 2578 et
1726 2529 1829 2577 sunm
1847 2509 1995 2604 quisque
2010 2521 2117 2582 tenet.

393 2611 503 2685 licita.
1524 2603 1625 2677 Talis
1645 2608 1713 2676 fnit
1733 2611 1990 2698 propemodum
2010 2619 2121 2682 status
2141 2611 2242 2703 regni
2263 2609 2403 2683 iudaici.
2428 2624 2432 2632 '

492 2708 577 2782 Ideo
605 2724 724 2782 autem
749 2710 846 2782 bello
872 2711 1100 2808 consequitur
1118 2710 1234 2783 victor
1255 2713 1373 2802 domi·
1423 2703 1523 2778 Talis
1538 2721 1648 2779 status
1657 2708 1725 2779 fuit
1739 2721 1774 2777 et
1789 2706 1917 2779 Graeci
1933 2724 1967 2782 et
1978 2708 2135 2782 Romani
2150 2709 2305 2804 Imperii.
2355 2707 2406 2785 Et

392 2833 501 2892 nnm,
523 2825 566 2883 ut
585 2809 711 2903 populi
730 2812 824 2903 capti
845 2807 1000 2884 habeant
1022 2811 1245 2883 defensorem
1266 2827 1301 2885 et
1316 2838 1373 2884 re·
1422 2801 1491 2877 hoc
1513 2820 1670 2898 tempore
1683 2808 1865 2881 imitamur
1880 2823 2034 2882 veterem
2049 2811 2149 2881 illam
2161 2813 2313 2884 formam
2326 2808 2406 2898 Ro-¹

393 2926 540 2983 ctornm.
587 2910 686 2980 Belli
704 2911 893 2983 enimfinis
911 2937 978 3007 par
994 2935 1068 2984 esse
1083 2914 1201 2987 debet.
1249 2911 1373 3008 Neque
1423 2910 1518 2981 mani
1536 2907 1694 2999 Imperii.
1943 2964 1947 2972 .
2074 2939 2085 2950 ·
2402 2925 2404 2930 ·

392 3035 475 3084 vcro
495 3012 572 3085 nlla
594 3024 688 3081 certa
710 3035 776 3104 pax
801 3027 889 3083 esset
909 3036 1087 3110 unquam,
1111 3014 1143 3083 si
1165 3014 1278 3085 vietor
1297 3039 1372 3112 non
1523 3005 1807 3102 PeccantReges,
1826 3014 1970 3108 quando
1984 3011 2160 3105 imperant
2170 3013 2305 3106 aliquid
2315 3035 2403 3081 con·
2471 3093 2474 3101 ¹

393 3135 433 3184 eo
545 3123 664 3182 eretur
676 3112 887 3187 dominium.
1272 3115 1277 3130 '
1422 3122 1477 3182 tra
1505 3110 1599 3202 leges
1622 3132 1702 3182 suas
1726 3126 1760 3183 et
1783 3128 1906 3185 contra
1927 3113 2079 3183 formam
2102 3113 2254 3204 imperii.
2314 3108 2401 3183 Ideo
2548 3115 2555 3125 “

472 3239 476 3246 ·
529 3233 616 3305 nare
632 3211 710 3283 iure
728 3213 816 3284 belli
832 3227 972 3285 coactus
987 3227 1039 3287 est
1055 3203 1219 3286 Carolus
1233 3211 1374 3288 ltaliam
1422 3212 1587 3304 peccabat
1601 3205 1727 3283 Achab
1750 3215 1903 3308 eripiens
1923 3214 2063 3284 vineam
2081 3207 2240 3297 Naboth,
2263 3212 2328 3282 etsi
2345 3212 2402 3282 lo·

392 3325 560 3409 tanqum
581 3334 681 3411 snam
704 3315 917 3387 constituere
936 3335 976 3383 ac
994 3316 1192 3390 defendere,
1245 3315 1374 3413 sequi.
1424 3333 1484 3384 cus
1503 3312 1565 3380 ille
1582 3311 1627 3380 de
1642 3312 2049 3409 iureregiopotestatem
2064 3311 2097 3384 ei
2112 3313 2402 3405 consectatorem

390 3428 579 3505 tutantem
593 3415 733 3508 imperii
746 3417 872 3490 titulus
888 3417 1142 3510 possessionem
1156 3419 1257 3491 urbis
1268 3431 1374 3513 atque
1423 3414 1533 3507 pandi
1547 3413 1739 3506 aliquidex
1753 3416 1903 3508 privato.
2253 3448 2255 3452 ’
2310 3410 2313 3415 ’

392 3511 526 3586 ltaliae.
665 3522 669 3529 '
712 3536 715 3541 ·
1386 3595 1389 3599 ,
1526 3511 1735 3585 Ambrosius
1762 3512 1929 3609 prohibet
1950 3514 2202 3610 Imperatorem
2223 3510 2402 3607 'occupare

493 3610 869 3713 RomanusPontiler
904 3640 980 3686 non
1009 3619 1130 3711 potuit
1159 3615 1374 3691 authoritate
1423 3611 1593 3707 templhrn
1624 3628 1659 3688 et
1686 3618 1778 3688 clare
1802 3619 1868 3691 aits
1899 3642 1965 3688 nec
1987 3612 2078 3688 mihi
2103 3619 2156 3688 fas
2180 3630 2231 3688 est
2250 3618 2401 3699 tradere,

391 3709 580 3804 Evangelii
600 3714 738 3806 imperii
760 3715 903 3788 titulum
919 3721 1130 3807 transferre,
1153 3721 1238 3814 quia
1253 3714 1374 3791 Evan-
1423 3739 1489 3786 nee
1510 3717 1576 3787 tibi
1598 3714 1797 3810 Imperator
1817 3720 1990 3814 accipere,
2022 3718 2088 3792 etsi
2109 3719 2296 3807 allegatur,
2318 3714 2403 3787 uni·¹

391 3815 522 3904 galium
538 3816 648 3888 tradit
662 3817 707 3885 de
719 3838 828 3904 regno
841 3818 1037 3909 spirituali,
1060 3844 1135 3891 non
1150 3816 1258 3892 habet
1270 3844 1373 3891 man·
1423 3840 1522 3887 versa
1539 3814 1765 3909 Imperatoris
1782 3844 1866 3895 esse.
2046 3830 2050 3839 '
2165 3814 2172 3823 ’

392 3918 513 3986 datum
529 3919 575 3987 de
592 3916 834 4008 corporalibus
848 3921 966 4010 regnis
983 3922 1120 4014 aliquid
1137 3923 1373 3992 constituendi
1509 3917 1596 3990 Nec
1612 3934 1778 4012 proptera
1794 3923 1933 3993 tollitur
1950 3945 2068 4011 rerum
2085 3921 2301 4014 privatarum
2317 3938 2401 4008 pro·

392 4029 451 4088 aut
478 4018 655 4091 mutendi.
715 4014 838 4110 Itaque
860 4016 1009 4092 Carolus
1039 4022 1154 4093 tenuit
1183 4023 1372 4115 imperium
1421 4019 1571 4111 prietes,
1596 4020 1733 4090 etiamsi
1750 4023 1915 4091 universa
1931 4020 2254 4114 sintlmperatoris.

391 4141 465 4187 non
495 4132 638 4212 propter
669 4118 937 4191 translationem
970 4122 1164 4216 pontificis,
1207 4125 1266 4194 scd
1296 4124 1373 4194 iure
1522 4116 1756 4209 Evangelium
1772 4115 2092 4190 necMonarchiam
2107 4122 2263 4213 aliquam
2274 4109 2401 4205 cdrp'o-

389 4218 486 4290 belli.
1121 4248 1124 4255 ·
1212 4222 1216 4233 “
1421 4220 1532 4289 ralem
1553 4218 1754 4302 constituit,
1779 4242 1844 4289 nec
1867 4243 1975 4290 unam
1990 4233 2118 4290 certam
2134 4217 2432 4310 regniformam·

490 4318 559 4389 Sed
581 4344 661 4391 cum
685 4320 916 4393 constitutum
937 4322 1000 4396 sit.
1024 4338 1086 4393 aut
1102 4339 1246 4415 propter
1260 4324 1370 4394 eccle-
1422 4319 1647 4412 praescribit,
1679 4322 1740 4415 sed
1763 4322 1942 4408 concedit,
1966 4334 2006 4393 ut
2030 4320 2118 4391 alibi
2140 4320 2212 4391 sint
2233 4317 2323 4388 aliae
2343 4338 2400 4383 re-

397 4413 568 4485 siasticam
594 4423 840 4506 concordiam,
873 4435 934 4491 aut
962 4436 1107 4512 propter
1129 4425 1372 4494 defensionem
1420 4443 1571 4510 gnorum
1587 4420 1732 4491 formae.
1838 4494 1855 4504 ,

396 4512 534 4582 ordinis
551 4519 790 4609 ecclesiastici,
817 4518 1373 4613 utlmperatoraRomanoPon-
1520 4516 1617 4612 Ergo
1642 4534 1814 4615 quatemus
1836 4523 1892 4594 ius
1916 4523 2077 4594 concedit
2098 4541 2216 4590 rerum
2238 4514 2400 4611 proprie-

369 4613 488 4689 ,tifsce
514 4629 719 4709 coronetur,
757 4639 892 4698 rectum
923 4636 985 4694 est·
1004 4625 1167 4695 accedere
1197 4626 1373 4717 pontificis
1420 4635 1546 4707 tatem,
1577 4636 1749 4716 quatenns
1772 4625 1827 4695 ius
1847 4625 2008 4695 concedit
2026 4620 2288 4700 defensionem,
2317 4618 2400 4701 lieet

361 4757 371 4770 ·
392 4710 655 4791 authoritatem.
1419 4723 1590 4794 beneficio
1603 4724 1768 4797 iurisuti.
1819 4719 1868 4796 Et
1881 4726 1969 4796 alibi
1983 4724 2133 4795 servitus
2146 4721 2287 4805 durior,
2311 4717 2400 4789 alibi

497 4815 680 4909 Scriptura
701 4843 773 4891 non
785 4826 940 4901 instituit
956 4821 1205 4896 Monarchiam
1221 4827 1372 4910 civilem,
1419 4824 1577 4895 defensio
1591 4825 1695 4896 aliter
1709 4827 1925 4902 conceditur.

392 4918 441 4984 ita
465 4918 560 5007 quod
579 4920 769 5011 praecipiat
783 4929 949 4999 omnibus
963 4922 1170 4998 hominibus
1185 4928 1251 4999 nni
1265 4927 1372 4998 alicui
1518 4923 1648 4996 Politia
1657 4923 1769 4999 Moris
1781 4951 1856 5000 non
1870 4928 1981 5018 magis
1994 4931 2039 4998 ad
2054 4948 2121 4996 nos
2131 4921 2283 5017 pertinet
2292 4942 2400 5018 quam
2526 4918 2533 4929 '

391 5011 611 5086 Monarchae
640 5028 783 5111 parere,
813 5030 873 5097 scd
898 5029 1142 5122 praesentibus
1168 5029 1309 5118 regibus
1332 5052 1372 5098 ac
1419 5027 1542 5116 politia
1557 5025 1721 5101 Solonis.
1771 5027 1843 5098 Sed
1864 5029 1954 5099 sicut
1976 5026 2237 5117 magistratibus
2258 5020 2401 5106 nostris,

388 5114 658 5205 Magistratibus
673 5129 798 5212 parere
810 5126 919 5205 iubet.
1419 5127 1469 5197 ita
1493 5139 1527 5195 et
1544 5127 1681 5216 legibus
1695 5127 1961 5216 magistratuum
1977 5144 2180 5199 nostrorum
2194 5130 2319 5216 pariare
2335 5123 2400 5191 de-
2532 5177 2537 5187 .

490 5213 726 5314 Praescriptio
758 5247 854 5295 nunc
884 5238 1002 5302 tuetur
1030 5230 1232 5322 Principes,
1274 5229 1369 5300 iuxta
1419 5228 1555 5298 bemus.
1613 5224 1687 5296 Nec
1716 5241 1767 5298 est
1798 5227 1991 5299 absurdum
2018 5243 2080 5301 aut
2105 5224 2399 5297 contumeliosum

391 5338 496 5407 quam
518 5321 754 5394 certissimum
776 5339 827 5395 est
842 5325 981 5416 imperii
996 5327 1141 5426 ἀξίωμα
1158 5332 1202 5401 ad
1220 5327 1371 5401 Germa-
1419 5329 1553 5408 dicere,
1576 5326 1672 5420 quod
1687 5324 1953 5400 iusRomanum
1968 5331 2014 5400 sit
2026 5323 2208 5399 honestius
2222 5339 2256 5395 et
2270 5325 2399 5395 rectius

390 5438 455 5487 nos
470 5421 659 5508 pertinere.
713 5423 814 5514 Quae
829 5439 946 5496 autem
960 5433 1233 5525 praescriptione
1247 5444 1371 5502 tenen·
1419 5428 1648 5499 iudicialibus
1662 5428 1800 5518 legibus
1815 5427 1946 5524 Moysi.

390 5528 469 5601 tur,
492 5521 598 5591 etiam
620 5526 716 5595 bona
732 5526 945 5603 conscientia
959 5552 1075 5601 coram
1093 5535 1172 5605 Deo
1187 5546 1371 5618 tenentur3
1522 5527 1617 5618 Quia
1640 5544 1786 5625 apparet
1807 5531 1846 5599 in
1864 5531 1942 5621 lege
1962 5526 2101 5625 Moysi,
2125 5530 2294 5622 quosdam
2318 5525 2399 5591 illa-

389 5617 473 5708 qnia
501 5644 582 5692 cum
615 5627 840 5716 magistratus
874 5627 1046 5700 divinitus
1075 5635 1288 5723 approbatus
1314 5635 1372 5721 sit,
1420 5655 1498 5701 rnm
1522 5629 1680 5721 gentium
1702 5655 1838 5718 mores,
1864 5633 1929 5703 etsi
1949 5627 2125 5702 habebant
2144 5628 2279 5719 aliquid
2302 5622 2398 5708 vicii,

387 5722 581 5808 approbata
610 5741 662 5799 est
689 5741 724 5800 et
752 5728 980 5824 praescriptio
1002 5752 1023 5798 a
1044 5733 1249 5820 magistratu
1273 5735 1371 5808 ordi·
1419 5731 1606 5823 permissos
1627 5754 1711 5808 esse.
1761 5731 1815 5806 Ita
1838 5730 1936 5804 Deus
1959 5733 2055 5803 velut
2069 5727 2238 5818 Princeps
2261 5723 2399 5814 sapiens

385 5832 480 5896 nalt·
1393 5833 1680 5923 ,concedendum
1698 5834 1833 5909 censuit
1849 5832 2090 5927 praesentibus
2104 5827 2277 5898 moribus.
