6025 6775
462 641 537 720 m
859 632 1018 724 naen
1050 633 1126 710 ua
1157 577 1475 758 cua‘mruu
1509 632 2089 749 areaunamouraus.
2418 652 2494 729 sas

462 810 598 885 dimitti
618 806 749 880 inustis
771 804 810 874 iu
833 805 951 875 fronte
975 805 1216 895 stigmatibus,
1242 800 1370 897 hospes
1396 805 1454 874 in·
1475 809 1482 901 Ι
1505 806 1607 876 dicti:
1639 806 1759 878 Labor
1779 822 1894 880 vester
1920 836 1994 883 non
2025 815 2091 886 erit
2117 815 2235 885 inanis
2262 815 2302 885 in
2324 816 2493 900 Domino.

461 902 594 1008 gratus,
653 907 762 978 Tales
784 900 939 998 hospites
967 907 1071 979 multi
1101 921 1204 987 sunt,
1237 901 1456 998 prohdolor
1504 906 1602 977 Deus
1640 923 1733 978 recta
1773 912 1984 982 iacientibus
2028 916 2130 986 dabit
2167 918 2327 1006 placidos
2367 923 2492 1008 exitus,

462 1017 571 1089 ctiam
600 1013 642 1084 in
670 1009 888 1092 Academiis‚
920 1008 959 1076 in
983 1009 1114 1101 quibus
1134 1009 1238 1080 multi
1266 1032 1340 1078 non
1372 1022 1455 1080 tau·
1504 1009 1641 1078 etiamsi
1663 1009 1905 1084 incurrentia
1927 1038 1988 1085 eos
2010 1017 2134 1098 multi,
2160 1018 2303 1089 iniustis
2322 1022 2417 1093 odiis
2433 1046 2492 1094 ar·

465 1136 543 1190 tum
564 1115 728 1205 gratiam,
767 1110 828 1179 sed
857 1111 1042 1201 pecuniam
1068 1113 1175 1183 etiam
1197 1110 1353 1181 debitam
1380 1132 1454 1182 non
1504 1113 1645 1192 dentes,
1670 1124 1711 1180 ut
1730 1113 1984 1184 modestissime
2007 1118 2133 1188 dicam.

465 1219 623 1292 solvunt.
778 1289 780 1294 ,
1137 1233 1141 1247 ·
1604 1209 1711 1302 Apud
1743 1210 1941 1284 Homerurri
1966 1217 2095 1288 assidet
2117 1216 2278 1292 Vulcano
2303 1217 2491 1296 Charitum

570 1313 735 1390 Tradidit
749 1326 868 1386 autem
883 1309 1017 1386 Paulus
1037 1313 1197 1403 regulam
1218 1315 1263 1383 de
1285 1336 1454 1405 compen·
1502 1337 1574 1383 una
1590 1312 1629 1382 in
1645 1314 1804 1400 officina,
1829 1340 1901 1408 quo
1917 1318 2084 1406 figmento
2098 1320 2238 1409 sapiens
2258 1326 2362 1413 poeta
2378 1325 2490 1397 multa

446 1419 600 1496 <satione
628 1413 925 1487 honestissimam.
990 1413 1136 1486 Nemini
1165 1417 1360 1509 quidquam
1390 1417 1453 1484 de-
1502 1415 1712 1506 significavit
1744 1428 1779 1485 et
1811 1418 1907 1508 quod
1933 1419 2063 1488 artium
2089 1445 2196 1511 opera
2223 1424 2294 1493 siut
2324 1426 2426 1495 utilia
2456 1441 2490 1497 et

462 1518 593 1604 beatis,
638 1514 710 1590 nisi
747 1515 985 1592 dilectionem.
1060 1516 1202 1589 iusticia
1235 1518 1454 1601 nominatur,
1502 1518 1850 1588 iucundacommuni
1865 1516 1978 1602 vitae,
2004 1533 2039 1589 et
2054 1522 2151 1616 quod
2167 1522 2204 1590 in
2219 1523 2305 1614 ipsis
2322 1527 2490 1616 operibus

460 1626 547 1696 dare
568 1621 666 1714 quod
689 1618 789 1690 civili
808 1617 1026 1707 obligatione
1048 1619 1209 1694 debetur.
1262 1616 1302 1687 ld
1320 1618 1453 1690 Paulus
1501 1619 1598 1689 nitor
1621 1633 1656 1689 et
1676 1631 1841 1688 venustas
1862 1642 1936 1688 esse
1959 1620 2105 1706 debeat,
2136 1646 2200 1692 nec
2213 1625 2287 1695 sint
2303 1620 2489 1697 hominum

460 1723 539 1798 beri
558 1721 739 1814 praecipit.
799 1718 873 1789 Nec
903 1721 980 1792 vult
1010 1720 1146 1793 turbari
1172 1720 1265 1790 vitae
1288 1720 1451 1790 ordinem
1501 1713 1649 1790 thalami
1672 1720 1804 1790 similes
1828 1745 2017 1812 porcorum
2038 1721 2209 1806 stabulis,¹
2229 1739 2263 1795 et
2283 1751 2367 1797 vero
2390 1729 2487 1821 quod

462 1839 497 1896 et
520 1823 670 1906 iudicia,
704 1821 814 1918 deleri
835 1816 998 1893 honestas
1023 1823 1133 1912 leges,
1166 1818 1452 1894 defraudariho-
1500 1820 1651 1890 artifices
1684 1823 1805 1891 deceat
1836 1823 2011 1893 officiosos
2044 1838 2079 1893 et
2104 1824 2260 1914 placidos
2285 1850 2377 1913 esse,
2413 1853 2488 1899 non

463 1926 577 1998 mines
597 1936 779 2015 praetextu
800 1916 1023 1996 Christianae
1045 1924 1232 1999 societatis.
1292 1923 1452 1995 Sciamus
1501 1945 1660 2013 asperos,
1684 1944 1759 1989 non
1773 1946 1947 2006 morosos,
1973 1948 2049 1993 non
2073 1948 2215 2008 avaros,
2239 1951 2312 1996 non
2335 1929 2488 2000 invidos.

465 2028 558 2098 enim
583 2041 618 2097 et
640 2025 780 2094 civilem
806 2023 1056 2114 obligationem
1080 2026 1239 2098 divinam
1254 2049 1336 2095 esse.
1387 2021 1453 2096 Est
1501 2024 1647 2113 Quanto
1664 2022 1774 2111 magis
1797 2024 1836 2091 in
1859 2019 2027 2093 Ecclesiis
2049 2039 2083 2095 et
2105 2026 2307 2096 Academiis
2330 2023 2488 2102 habitare

462 2143 578 2200 autem
607 2141 641 2196 et
663 2123 836 2198 naturalis
850 2126 1018 2218 obligatio
1041 2127 1184 2214 divina,
1211 2151 1300 2220 quae
1319 2126 1452 2194 beneii-
1500 2121 1661 2197 Charites
1681 2124 1883 2213 oportebat,
1915 2148 1960 2194 ne
1983 2126 2165 2195 doctrinae
2188 2128 2329 2198 illuvies
2352 2144 2386 2201 et
2406 2132 2487 2203 bar-

462 2229 614 2300 centiam
637 2241 670 2297 et
693 2228 944 2318 gratitudinem
972 2229 1085 2300 animi
1114 2228 1376 2318 complectitur,
1408 2227 1453 2294 de
1501 2228 1617 2298 baries
1638 2226 1768 2296 alienet
1792 2220 1973 2311 homines,
1996 2238 2037 2295 ut
2057 2242 2141 2298 suut
2158 2232 2332 2320 paradoxa
2350 2230 2487 2303 Stoico-

462 2357 533 2427 qua
557 2329 658 2399 dicit:
697 2327 844 2420 Semper
872 2330 993 2400 deberi
1024 2330 1263 2415 dilectionem.
1323 2326 1379 2398 Sit
1410 2327 1449 2398 in
1501 2354 1598 2412 rum,
1624 2351 1714 2421 quae
1736 2327 1925 2398 adfirmant
1940 2327 2060 2398 omnia
2077 2331 2273 2400 necessario
2300 2332 2395 2419 lieri,
2420 2336 2488 2406 bo·
2553 2409 2555 2414 ,

462 2433 568 2504 bonis
596 2431 774 2501 mentibus
804 2447 972 2523 perpetua
1004 2454 1087 2500 cura
1111 2431 1261 2499 tuendae
1284 2422 1452 2498 honestae
1501 2453 1564 2500 uas
1586 2444 1620 2502 et
1647 2429 1757 2500 malas
1780 2428 1953 2523 actiones:
1986 2442 2020 2499 et
2046 2429 2107 2499 illa
2133 2431 2302 2515 fanatica,
2338 2435 2488 2528 impium

464 2534 726 2610 coniunctionis
753 2546 787 2605 ct
808 2532 1018 2606 concordiae
1041 2528 1205 2621 publicae
1233 2529 1271 2598 in
1292 2526 1451 2601 Ecclesia
1500 2555 1572 2603 esse
1602 2531 1826 2621 magistratus
1849 2553 1988 2620 gerere,
2019 2555 2178 2603 exercere
2210 2533 2359 2620 iudicia,
2391 2538 2487 2608 bona

465 2648 501 2709 et
528 2634 566 2704 in
586 2634 759 2726 imperiis,
792 2647 827 2704 et
857 2630 1006 2702 iuvandi
1034 2631 1146 2717 cives,
1177 2646 1349 2724 quantum
1374 2631 1450 2701 fieri
1499 2658 1606 2726 opera
1622 2657 1697 2704 non
1713 2654 1786 2702 esse
1803 2634 2020 2718 necessaria,
2045 2658 2134 2705 neve
2154 2636 2357 2708 docentium
2373 2637 2488 2709 ambi-

462 2750 596 2832 potest,
625 2738 671 2808 sit
692 2737 799 2808 etiam
821 2725 1011 2820 iussissent,
1038 2734 1215 2825 sapienter
1236 2735 1395 2804 ferantur
1417 2745 1451 2801 et
1500 2737 1550 2804 tio
1582 2733 1814 2826 popularibus
1841 2731 2056 2805 ¹clamoribus
2092 2737 2189 2807 idola
2218 2738 2390 2820 stabiliat,
2426 2752 2490 2810 aut

463 2851 624 2928 tegantur
645 2839 819 2930 quaedam
842 2832 1085 2920 incommoda,
1116 2859 1162 2905 ne
1187 2846 1302 2906 totum
1324 2854 1452 2922 corpus
1500 2836 1582 2903 odia
1597 2835 1757 2921 iugulent
1771 2836 1988 2908 innocentes.
2039 2833 2142 2908 Plato
2157 2838 2283 2909 solitus
2305 2853 2356 2911 est
2372 2840 2488 2910 dicere

463 2956 581 3032 pereat
595 2953 635 3010 ut
651 2940 690 3004 iu
707 2934 816 3011 senili,
830 2959 976 3028 corpore
991 2939 1108 3010 morbi
1125 2936 1272 3028 quidam
1295 2934 1451 3003 tolcran-
1501 2936 1546 3003 ad
1560 2933 1811 3016 Xenocratem,
1837 2938 1932 3025 quod
1947 2936 2102 3006 tristiore
2124 2950 2159 3006 et
2179 2938 2347 3025 rigidiora
2360 2952 2488 3010 natura

461 3059 534 3132 tur,
560 3042 621 3133 qui
638 3038 715 3105 sine
726 3036 859 3111 maiore
874 3038 968 3109 malo
986 3040 1065 3109 tolli
1078 3063 1151 3107 nou
1167 3049 1327 3130 possunt.
1367 3032 1450 3104 Non
1500 3049 1608 3116 esset,
1641 3033 1764 3103 voleus
1782 3055 1863 3100 eum
1886 3036 2036 3104 excitare
2058 3038 2102 3104 ad
2126 3036 2343 3121 comitatem,
2368 3037 2487 3107 suavi-

460 3144 596 3233 patitur
614 3133 685 3205 hoc
710 3150 848 3231 tempus
866 3140 1064 3229 longiorem
1087 3141 1305 3221 orationem,
1330 3151 1365 3207 et
1388 3158 1451 3225 ego
1500 3153 1607 3209 tatem
1629 3149 1664 3207 ct
1686 3127 1899 3224 ἐπιείκειαν,
1925 3156 2016 3226 quae
2039 3134 2078 3202 in
2103 3137 2284 3204 communi
2301 3151 2488 3210 consuetu·

331 3255 335 3259 “
463 3253 601 3311 tanturn
612 3239 841 3331 etymologias
853 3253 1035 3332 utcunque
1049 3239 1335 3322 enarrarcvolui,
1356 3240 1451 3330 quod
1502 3240 1586 3308 dine
1603 3235 1817 3306 necessariae
1832 3247 1936 3318 sunt,
1962 3229 2095 3308 σπένδε
2104 3227 2268 3330 χάρισιν.

463 3350 583 3409 tamen
598 3337 673 3409 lieri
692 3361 765 3407 non
777 3350 911 3431 potest,
936 3338 1005 3407 uisi
1025 3352 1058 3407 et
1076 3340 1216 3408 arebus
1234 3338 1319 3428 ipsis
1336 3349 1370 3407 et
1385 3332 1452 3405 ho·
1614 3335 1717 3408 Hanc
1740 3331 2024 3407 adhortationem
2046 3359 2265 3432 vos-quoque
2281 3339 2487 3413 memineri-

464 3439 601 3507 miuum
618 3440 777 3509 moribus
792 3440 832 3507 in
846 3438 916 3509 vita
934 3453 1099 3531 petantur
1112 3439 1279 3530 exempla.
1502 3440 1568 3522 tis,
1596 3442 1656 3508 sed
1675 3439 1848 3508 concinne
1861 3438 2087 3507 intellectam.
2137 3436 2284 3510 Rectius
2296 3454 2414 3513 sutem
2429 3443 2487 3515 di-

563 3538 730 3631 Legimus
743 3554 860 3612 autem
878 3553 911 3612 et
925 3540 1139 3631 singularem
1155 3538 1327 3635 picturam
1344 3535 1452 3608 fuisse
1502 3565 1621 3610 cemus
1631 3536 1763 3613 σπένδε
1774 3545 1829 3634 τῷ
1839 3543 1995 3634 χριστῷ,
2021 3539 2084 3632 qui
2096 3553 2188 3610 certe
2204 3543 2282 3613 vuit
2297 3564 2360 3614 vos
2375 3552 2488 3615 unum

461 3634 647 3713 Charitum
676 3643 713 3711 in
746 3640 980 3711 vetustissima
1012 3645 1101 3711 urhe
1126 3638 1270 3725 Eliaca,
1303 3663 1453 3734 quarum
1502 3644 1541 3712 in
1557 3643 1635 3736 ipso
1652 3666 1736 3717 esse.
1788 3637 2311 3732 PropterDeumctDominum
2326 3657 2487 3715 nostrum

463 3743 577 3833 prima
594 3739 727 3813 Rosam
748 3743 855 3830 gerit,
882 3740 990 3809 altera
1003 3738 1184 3836 Myrtum,
1210 3743 1312 3810 tertia
1327 3736 1453 3809 Astra·
1503 3743 1619 3816 lesum
1632 3740 1987 3816 Christum-amemus
2001 3741 2189 3823 iusticiam,
2214 3758 2249 3816 et
2263 3744 2489 3816 concordiam

395 3918 402 3929 Ι
464 3844 582 3933 galum
597 3867 658 3912 seu
668 3842 810 3913 Talum.
843 3838 1004 3912 Artifices
1020 3843 1129 3912 multa
1144 3843 1325 3931 ingeniose
1342 3841 1452 3931 signi·
1504 3847 1695 3936 publicam,
1717 3859 1751 3915 et
1763 3844 1794 3914 si
1809 3869 1900 3937 quae
1913 3844 2149 3914 dissensiones
2164 3859 2257 3931 sunt,
2279 3848 2323 3916 de
2339 3840 2395 3917 his
2411 3847 2489 3939 pla-

464 3946 613 4016 hcarunt
630 3947 667 4012 in
683 3943 836 4034 publicis
857 3944 1111 4013 monumentis.
1162 3941 1258 4014 Rosa
1279 3942 1452 4030 siguificat
1503 3947 1751 4031 cidecandide,
1773 3946 1850 4017 siue
1863 3946 1968 4029 odiis,
1992 3945 2068 4016 sine
2084 3940 2319 4041 φιλονεικιίᾳ,
2337 3949 2414 4019 aine
2429 3969 2487 4019 so-

465 4045 739 4139 pulcritudinem
756 4059 791 4117 et
804 4045 1045 4133 fragrantiam.
1095 4039 1196 4114 Nihil
1214 4043 1364 4127 iusticia,
1387 4044 1450 4112 be·
1503 4045 1650 4138 phistica
1668 4048 1835 4119 dicautur
1850 4047 2062 4131 sententiae,
2084 4060 2118 4116 et
2133 4048 2179 4116 sit
2201 4048 2304 4119 iudex
2321 4044 2489 4120 Ecclesia.

465 4149 666 4233 neficentia,
695 4149 813 4219 studio
825 4223 826 4227 χ
838 4147 989 4216 tuendae
1013 4145 1276 4215 coniunctionis
1291 4145 1330 4213 in
1348 4144 1451 4212 bonis
1506 4149 1549 4219 In
1563 4145 1619 4218 his
1633 4149 1740 4219 tantis
1750 4147 1904 4236 negociis
1919 4145 2136 4236 conspicitur
2150 4171 2271 4219 verum
2287 4170 2371 4232 esse,
2393 4151 2488 4240 quod

465 4248 596 4331 causis,
626 4249 786 4342 pulcrius
812 4261 846 4318 ct
866 4247 1007 4317 dulcius
1032 4261 1094 4321 est.
1146 4245 1287 4340 Myrtus
1305 4246 1453 4315 foecun-
1503 4252 1554 4320 ait
1574 4246 1808 4337 Theocritus,
1841 4242 1935 4316 nihil
1963 4247 2041 4318 sine
2064 4243 2199 4317 Gratiis
2229 4248 2380 4317 amabile
2404 4270 2488 4327 esse,

464 4354 608 4424 ditatem
640 4352 823 4441 significat.
879 4346 1068 4441 Accipiens
1095 4349 1305 4418 beneficium
1326 4347 1453 4417 reddat
1503 4346 1540 4420 al
1554 4344 1629 4446 γὰρ
1641 4342 1809 4443 χαρίτων
1825 4341 2018 4443 ἀγαπητὸν
2038 4340 2255 4440 ἀνθρώπως
2273 4343 2489 4421 ἀπανιύθιν

465 4454 619 4524 vicissim
640 4478 701 4523 seu
723 4451 858 4535 officia,
883 4474 943 4522 seu
959 4474 1078 4521 rerum
1096 4449 1224 4541 precia.
1275 4446 1452 4537 Astragali
1504 4448 1561 4523 ἀεὶ
1598 4445 1813 4544 χαρίτεσσιν
1845 4444 1913 4540 ἅμ’
1954 4446 2028 4542 ἔην,
2106 4447 2204 4537 Quid
2238 4448 2389 4519 alienius
2419 4460 2489 4528 est,

465 4556 664 4646 significant
676 4557 830 4624 incertos
845 4567 1008 4637 eventus,
1034 4550 1307 4622 inconstantiam
1322 4550 1453 4619 volun·
1505 4577 1611 4647 quam
1639 4575 1698 4627 res
1724 4551 1894 4643 optimas,
1933 4551 2137 4634 veritatem,
2168 4573 2308 4640 pacem,
2341 4573 2490 4621 concor-

466 4670 577 4728 tatum
600 4659 638 4726 in
661 4657 784 4726 amicis
805 4667 840 4725 et
867 4654 1172 4744 ingratitudinem.
1228 4649 1454 4725 Raraesunt
1505 4656 1618 4738 diam,
1644 4655 1759 4726 Deum
1775 4655 1905 4743 ipsum,
1932 4651 2146 4721 interfurias
2161 4673 2340 4744 quaerere.
2394 4649 2489 4721 Lon-

464 4761 586 4827 brmae
615 4773 651 4829 et
683 4757 863 4828 durabiles
888 4755 1083 4840 amicitiae,
1116 4768 1158 4825 ut
1182 4777 1257 4823 non
1283 4748 1452 4823 diuturna
1502 4781 1545 4845 ge
1562 4758 1629 4827 alia
1648 4759 1689 4829 ad
1706 4754 1820 4828 Deum
1837 4755 1895 4827 via
1915 4767 1986 4836 est,
2012 4753 2074 4842 qui
2095 4751 2256 4822 adfirmat
2272 4775 2308 4821 se
2329 4747 2489 4821 habitare

467 4860 536 4927 init
548 4857 709 4951 Pompeii
724 4875 758 4931 et
777 4857 859 4930 lulii
875 4857 1041 4929 amicitia.
1092 4855 1165 4925 Nec
1180 4856 1256 4923 sine
1270 4878 1372 4923 cansa
1389 4878 1453 4922 nec
1505 4860 1542 4928 in
1560 4858 1687 4948 spiritu
1702 4858 1875 4939 contrito,
1902 4851 2048 4936 humili,
2073 4867 2105 4922 et
2129 4854 2276 4923 timente
2290 4867 2488 4921 sermonem

470 4956 546 5027 sine
575 4962 741 5049 exemplis
778 4960 870 5031 dixit
901 4957 1019 5029 Plato:
1062 4951 1175 5053 φύσει
1202 4949 1453 5049 εὐμετάβολον
1503 4962 1707 5032 divinum-²
1736 4954 1814 5029 Oro
1836 4971 1953 5026 autem
1973 4954 2086 5025 filium
2110 4952 2177 5024 Dei
2200 4951 2395 5025 Dominum
2422 4976 2488 5023 no-

467 5053 591 5146 ζῶον,
624 5055 740 5153 φίλος.
795 5057 955 5152 Eamque
989 5063 1036 5131 ob
1064 5083 1203 5131 causam
1229 5071 1453 5149 praeceptum
1503 5076 1615 5132 strum
1640 5057 1755 5128 lesum
1776 5052 1979 5140 Christum,
2015 5055 2217 5127 crucifixum
2243 5078 2307 5142 pro
2333 5053 2437 5131 uobis
2454 5067 2489 5124 et

459 5160 640 5233 traditum
662 5176 732 5246 est,
762 5156 920 5254 μίμνησ’
955 5159 1141 5245 ἀπιστεῖν,
1176 5157 1306 5253 ἄρθρα
1334 5161 1473 5229 ταῦτα’
1503 5163 1765 5238 resuscitatum,
1790 5159 1852 5251 qui
1869 5158 1967 5227 sedet
1980 5157 2022 5229 ad
2040 5157 2196 5226 dextram
2210 5154 2343 5225 aeterni
2366 5153 2487 5246 patris,

467 5266 547 5336 τῶν
560 5267 725 5359 φρενῶν.
774 5261 845 5333 Sed
857 5264 900 5332 dc
915 5259 983 5334 hac
997 5264 1169 5357 sapientia
1184 5264 1377 5354 loquantur
1392 5258 1455 5329 elii
1503 5279 1542 5335 ut
1566 5266 1660 5334 dona
1681 5263 1743 5332 det
1763 5255 1991 5338 hominibus,
2024 5268 2064 5326 ut
2086 5278 2152 5333 nos
2173 5279 2296 5333 omnes
2315 5255 2488 5344 gubernet

468 5367 626 5435 seniores
656 5378 690 5436 et
724 5362 920 5455 peritiores.
983 5365 1076 5449 Nos,
1116 5364 1321 5459 quicunque
1349 5372 1454 5433 erunt
1504 5380 1538 5436 et
1558 5376 1733 5456 protegat,
1755 5377 1789 5433 et
1804 5360 1965 5435 effundat
1988 5358 2026 5427 in
2043 5379 2110 5428 nos
2123 5357 2286 5447 spiritum
2308 5355 2438 5446 gratiae
2452 5363 2486 5421 ct

468 5481 634 5552 uentus,
661 5468 752 5539 iusta
770 5464 945 5535 discamus
960 5479 993 5535 at
1007 5467 1192 5549 faciamus,
1218 5464 1455 5552 intelligamus
1504 5491 1658 5559 precum.
1711 5464 1805 5535 Dixi.

471 5583 505 5641 et
517 5592 679 5643 amemus
692 5567 945 5658 gratitudinem
954 5611 969 5645 ,·
983 5566 1091 5637 simus
1104 5565 1271 5649 officiosi,
1294 5566 1359 5639 ubi
1375 5586 1455 5654 pos-

468 5693 593 5745 sumus
615 5671 695 5745 aliis
708 5670 933 5750 benefacere,
956 5689 1031 5739 non
1050 5670 1233 5747 turbemus
1248 5667 1339 5743 vitae
1355 5666 1455 5737 ordi-

471 5794 574 5851 nem,
598 5796 673 5841 non
686 5773 878 5842 laceremus
894 5764 1088 5854 Ecclesias,
1112 5782 1147 5843 et
1158 5769 1269 5845 unus
1281 5788 1456 5845 memores

526 5874 705 5942 hircana.
729 5878 835 5944 Orsa.
865 5872 1044 5942 Vnuxll.
