6025 6775
931 624 1090 705 DECL
1131 622 1204 700 DE
1234 619 1568 700 rutntttttco
1600 623 1857 709 LANDGR.
1890 632 2063 714 THUR.
2462 653 2514 729 56

596 802 649 877 Ea
669 818 772 875 nocte
791 804 857 873 iter
880 802 1016 872 iaciunt
1031 798 1170 885 longius
1186 819 1292 889 qnam
1309 820 1375 886 pro
1390 794 1479 865 viri-
1531 821 1701 869 consensu
1714 803 1979 891 respondentes
1995 818 2030 875 et
2044 809 2210 898 probasse
2226 830 2325 888 antea
2348 819 2511 911 pietatem

496 913 582 993 bus,
618 906 822 997 praesertim
847 928 927 973 cum
948 898 1124 971 moesticia
1145 898 1305 966 omnium
1329 920 1479 987 corpora
1529 896 1697 985 Dietrici,
1731 915 1765 972 et
1785 905 1981 974 testamenti
1998 930 2136 995 causas,
2163 928 2198 985 et
2215 940 2288 986 non
2312 936 2511 1011 recepturos

497 1009 733 1091 debilitasset,
756 1031 796 1076 ac
819 1026 921 1072 mane
942 1000 1089 1068 veniunt
1108 1000 1154 1067 ad
1174 997 1345 1089 oppidum
1369 996 1479 1065 Hers-
1531 1022 1604 1069 esse
1619 1000 1728 1069 alium
1742 1001 1934 1073 Dominum
1950 1007 2096 1079 desertis
2113 1005 2187 1096 his,
2212 1018 2343 1107 quibus
2363 1020 2432 1091 iam
2447 1026 2511 1095 de·

496 1111 589 1191 feld,
610 1108 673 1178 ubi
695 1130 773 1177 cum
790 1102 919 1175 Abbati
943 1101 1010 1167 iter
1029 1112 1064 1169 et
1080 1122 1219 1168 causam
1237 1099 1479 1189 exposuissent
1530 1100 1725 1170 sensionem
1741 1103 1978 1192 promiserint.

496 1208 671 1289 Comites,
696 1205 816 1276 Abbas
837 1213 1037 1270 reverenter
1057 1199 1247 1270 Dominam
1272 1196 1478 1280 filiamlm·
1631 1197 1818 1273 Albertum
1848 1204 1918 1273 sata
1941 1202 2129 1279 trahebant
2152 1213 2197 1280 ad
2223 1235 2367 1303 poenas.
2426 1217 2511 1292 Ideo

495 1310 687 1403 peratoris,
724 1301 1003 1372 honestissimam
1033 1313 1230 1369 matronam
1262 1299 1405 1389 excipit,
1444 1313 1480 1370 et
1531 1302 1641 1371 iratus
1662 1316 1778 1372 movet
1800 1304 1934 1373 bellum
1957 1329 2052 1377 anuo
2075 1332 2094 1377 a
2118 1310 2225 1383 natali
2249 1309 2383 1386 Christi
2405 1321 2513 1391 1281.

497 1410 735 1481 consolatione
757 1416 791 1471 et
813 1402 979 1471 omnibus
995 1400 1119 1469 officiis
1134 1401 1247 1470 lenire
1262 1400 1477 1470 moesticiam
1531 1401 1591 1473 Sic
1612 1401 1706 1470 enim
1730 1403 1873 1472 invenio
1891 1428 2058 1476 numeros
2080 1426 2265 1482 annotatos
2279 1438 2362 1488 esse.
2413 1416 2513 1491 Gens
2598 1436 2603 1444 '

496 1511 656 1582 omnium
679 1504 815 1582 studet,
841 1515 876 1573 et
898 1502 968 1572 cito
991 1524 1113 1571 currus
1128 1501 1290 1592 apparari
1305 1501 1421 1587 iubet,
1444 1513 1479 1570 et
1531 1501 1717 1595 Mysorum
1747 1502 1835 1593 petit
1857 1506 1902 1575 ab
1926 1504 2140 1598 Imperatore
2166 1511 2379 1605 Rodolpho,
2411 1520 2513 1589 cuius

495 1611 594 1681 addit
620 1630 661 1674 ex
690 1604 876 1673 nobilitate
899 1602 1106 1694 praecipuos
1128 1603 1239 1688 viros,
1269 1602 1331 1695 qui
1352 1599 1479 1671 Domi·
1531 1602 1688 1688 iusticia,
1714 1604 1884 1695 sapientia
1911 1619 1947 1676 et
1972 1608 2144 1680 fortitudo
2160 1614 2229 1684 luit
2250 1617 2441 1703 excellens,
2466 1642 2512 1689 ne

494 1734 576 1779 nam
599 1708 731 1775 ducant
754 1702 1056 1774 Francofordiam.
1109 1700 1180 1773 Ubi
1201 1715 1415 1774 commorata
1439 1703 1477 1770 in
1531 1703 1623 1774 sinat
1637 1705 1791 1797 opprimi
1807 1706 2043 1778 adolescentes
2057 1708 2258 1804 Principes,
2284 1729 2319 1785 et
2333 1719 2439 1788 simul
2453 1743 2512 1788 ar-

492 1806 707 1879 monasterio
730 1804 927 1889 virginum,
959 1828 1004 1872 ne
1026 1803 1478 1892 longissimeatiliisabes-
1532 1804 1598 1873 mis
1629 1805 1790 1895 reprimit
1816 1801 2014 1879 Albertnm.
2063 1809 2132 1881 Sed
2161 1808 2247 1884 haec
2280 1818 2392 1906 prima
2426 1820 2511 1888 belli

492 1922 562 1994 set,
583 1932 663 1978 cum
678 1907 785 1977 vitam
803 1906 840 1972 in
858 1905 956 1975 luctu
969 1919 1003 1974 et
1018 1903 1217 1995 precatione
1234 1904 1375 1994 egisset,
1401 1917 1479 1995 post
1531 1896 1703 1999 σύρραξις
1743 1928 1817 1975 non
1850 1905 1919 1977 fuit
1951 1909 2042 1979 laeta
2074 1914 2286 1985 adolescenti
2320 1914 2512 2005 Friderico,

491 2034 622 2103 paucos
638 2030 750 2077 annos
765 2017 902 2075 mortua
921 2018 982 2074 est.
1530 2028 1731 2098 quanquam
1752 2028 1891 2076 cauum
1912 2007 2039 2079 iustam
2063 2014 2186 2083 tuenti.
2237 2014 2307 2086 Sed
2331 2019 2448 2088 statim
2471 2019 2511 2088 in

595 2108 720 2178 Mariti
735 2106 911 2176 licentiam
926 2106 1007 2194 suga
1020 2102 1179 2194 coniugis
1192 2103 1301 2177 auxit.
1342 2099 1478 2174 Audie·
1531 2100 1597 2174 hoc
1613 2106 1787 2198 tyrocinio
1810 2130 1891 2177 eum
1908 2105 2004 2179 Deus
2019 2111 2289 2200 docerevoluit,
2314 2141 2360 2186 ne
2385 2097 2511 2187 huma-

492 2224 547 2282 rat
567 2223 683 2280 autem
698 2207 793 2276 Deus
810 2229 928 2295 preces
943 2207 1156 2300 discessurae
1169 2205 1311 2289 matris,
1336 2217 1370 2275 et
1386 2206 1478 2275 filios
1531 2206 1587 2273 nis
1611 2206 1747 2277 viribus
1770 2209 1978 2293 confideret,
2003 2214 2064 2280 sed
2086 2215 2234 2285 disceret
2258 2218 2421 2286 victorias
2444 2219 2510 2289 Dei

492 2337 574 2381 vere
597 2304 774 2400 orphanos
798 2308 964 2395 protexit,
990 2330 1079 2397 quos
1100 2305 1281 2397 aliquanto
1303 2320 1382 2396 post
1402 2329 1478 2374 ma·
1531 2307 1696 2376 beneficia
1712 2330 1801 2388 esse,
1827 2310 1918 2380 etab
1933 2333 1974 2379 eo
1992 2316 2158 2400 petendas
2172 2338 2256 2390 esse.
2306 2316 2438 2409 Captus
2459 2332 2512 2390 est

493 2413 558 2481 tris
588 2413 725 2497 sugam,
758 2405 898 2476 Alberti
929 2405 1144 2494 Landgravii
1174 2406 1282 2474 irater
1313 2401 1477 2475 Marchio
1530 2408 1625 2474 enim
1639 2405 1879 2497 Fridericusa
1898 2424 2016 2499 patre,
2040 2428 2074 2484 et
2093 2429 2166 2485 toto
2189 2440 2284 2485 anno
2300 2432 2454 2488 retentus
2472 2419 2511 2487 in
2549 2467 2551 2472 -

492 2512 697 2606 Mysorum,
731 2508 843 2577 iustus
873 2522 907 2578 et
933 2507 1073 2598 sapiens
1093 2503 1262 2596 Princeps
1290 2502 1478 2591 Dietricus,
1531 2530 1608 2577 arce
1626 2504 1862 2584 Iseunacensi.
1906 2509 2007 2582 Unde
2022 2527 2139 2602 postea
2155 2518 2328 2586 divinitus
2343 2519 2511 2588 liberatus

493 2636 534 2682 ex
548 2610 720 2697 Turingia
742 2610 787 2678 ad
810 2631 907 2677 suam
924 2608 1040 2677 aulam
1057 2606 1212 2682 vocavit,
1238 2621 1330 2676 etue
1344 2622 1477 2697 specta·
1530 2619 1592 2691 est,
1617 2630 1698 2677 cum
1715 2609 1799 2678 odio
1813 2611 1956 2702 tyranni
1970 2616 2129 2686 custodes
2146 2618 2255 2709 aliqui
2271 2619 2511 2688 misericordia

492 636 545 715 55

493 2726 587 2783 tores
610 2723 723 2780 essent
745 2723 971 2800 paternorum
989 2708 1179 2790 scelerum,
1203 2719 1237 2776 et
1251 2720 1292 2777 ut
1305 2721 1400 2777 extra
1415 2732 1478 2799 pe-

492 2813 646 2882 ticulum
673 2824 797 2881 essent.
848 2806 1008 2900 Cumque
1036 2832 1095 2876 eos
1123 2820 1268 2896 paterno
1289 2808 1407 2877 animo
1432 2810 1476 2878 ad

494 2914 709 3002 agnitionem
734 2925 767 2980 et
790 2909 1049 2980 invocationem
1079 2905 1148 2976 Dei
1179 2921 1214 2977 et
1243 2909 1288 2977 ad
1312 2908 1493 2986 virtutem.

493 3014 712 3097 institueret,
736 3010 956 3081 Fridericum
979 3010 1082 3080 etiam
1105 3008 1206 3078 cuius
1228 3023 1300 3078 erat
1315 3011 1476 3079 admorsa

494 3139 602 3207 gena,
627 3128 788 3208 tyronem
810 3136 926 3184 secum
949 3111 988 3179 in
1009 3125 1121 3180 castra
1137 3121 1171 3179 et
1184 3110 1222 3177 in
1240 3109 1350 3177 aciem
1366 3110 1477 3193 duxit,

494 3218 557 3286 ubi
587 3217 761 3306 specimen
787 3214 963 3305 egregium
987 3210 1129 3285 virtutis
1150 3210 1261 3279 edidit
1282 3210 1321 3277 in
1341 3210 1476 3302 praelio

491 3312 701 3388 Anhaltino.
752 3314 884 3382 Filium
911 3325 1027 3381 autem
1057 3308 1115 3378 hic
1137 3307 1301 3381 Marchio
1331 3313 1476 3384 unicum

493 3415 636 3496 habuit,
661 3436 766 3504 quem
789 3412 1044 3480 adolescentem
1068 3405 1207 3490 amisit,
1232 3436 1303 3499 quo
1325 3430 1478 3494 mortuo,

495 3517 577 3608 qnia
595 3513 737 3580 nolebat
752 3511 893 3578 lratrem
908 3505 1109 3582 succedere,
1134 3517 1294 3571 metuens
1309 3528 1354 3571 ne
1370 3512 1477 3595 pelle-

494 3628 547 3684 ret
568 3613 676 3695 lilios,
701 3634 780 3679 cum
804 3610 874 3677 iam
896 3607 1030 3676 videret
1052 3627 1130 3672 cum
1150 3596 1205 3670 his
1220 3603 1393 3671 anteferre
1411 3626 1478 3671 no·

494 3712 595 3786 thum
616 3738 656 3781 ex
678 3711 802 3803 pellice
823 3722 965 3788 natum,
988 3718 1025 3776 et
1046 3701 1129 3796 quia
1147 3726 1261 3772 mores
1278 3702 1395 3772 lratris
1411 3704 1478 3770 im-

494 3815 686 3908 probabat,
720 3822 966 3881 testamentum
992 3803 1170 3882 condidit,
1205 3804 1242 3872 in
1268 3827 1339 3895 qno
1359 3804 1479 3874 fratris

495 3915 589 3985 filios
612 3917 772 4002 adoptat,
799 3927 833 3982 et
852 3907 1020 3980 haeredes
1041 3904 1194 3994 regionis
1213 3904 1397 3998 Mysorum
1420 3905 1479 3972 in-

496 4016 620 4088 stituit.
670 4013 831 4104 Cumque
853 4009 995 4081 delectis
1019 4006 1213 4099 praecipuis
1234 4006 1319 4073 viris
1341 4029 1382 4074 ex
1405 4019 1478 4076 tota

496 4117 656 4207 regione,
680 4126 925 4183 testamentum
948 4123 983 4180 et
1001 4129 1122 4179 causas
1138 4108 1191 4175 sui
1209 4108 1348 4176 consilii
1367 4100 1480 4176 hone-

496 4233 566 4290 stas
597 4215 829 4306 exposuisset,
861 4236 902 4281 ac
930 4211 1110 4302 petivisset
1136 4203 1263 4277 horum
1290 4204 1478 4278 haeredum

495 4319 757 4400 defensionem,
784 4311 823 4382 hi
840 4314 978 4382 laudata
1001 4310 1170 4403 principis
1194 4310 1342 4400 pietate,
1373 4310 1480 4380 adhr-

494 4434 594 4491 mant
606 4441 642 4487 se
655 4441 729 4486 non
743 4416 851 4485 alium
867 4413 1062 4482 Dominum
1078 4423 1279 4500 recepturos
1292 4433 1378 4480 esse.

598 4516 793 4609 Aliquanto
812 4528 890 4604 post
907 4528 1047 4583 mortuo
1062 4509 1239 4590 Dietrico,
1265 4511 1358 4581 utin
1374 4523 1480 4580 testa-

497 4630 619 4688 mento
638 4619 805 4705 scriptum
829 4628 922 4699 erat,
946 4614 1136 4683 succedunt
1157 4610 1195 4677 in
1216 4611 1324 4679 totius
1342 4609 1480 4703 Mysiae

497 4717 752 4811 possessionem
775 4712 812 4784 hi
838 4718 929 4796 cluo,
965 4711 1166 4781 Friderieus
1192 4709 1293 4778 chius
1319 4711 1388 4780 tuit
1415 4714 1479 4779 ad-

496 4840 612 4887 morsa
626 4839 733 4905 gena,
760 4829 794 4884 et
806 4813 1059 4894 Dietmannns,
1082 4823 1117 4880 et
1130 4809 1266 4879 iusticia
1283 4835 1322 4880 ac
1334 4812 1480 4886 caeteris

497 4919 689 4989 virtutihus
704 4915 863 4984 omnium
878 4900 1108 4985 honestorum
1125 4911 1404 4981 benevolentiam
1420 4933 1480 4980 er·

497 5042 590 5110 gase
608 5030 746 5106 augent.
781 5014 850 5086 Sed
868 5027 966 5105 pater
980 5011 1149 5084 Albertus
1161 5012 1282 5083 scribit
1295 5014 1339 5082 ad
1356 5036 1479 5084 omncs

1529 2707 1759 2806 adolescentis
1772 2710 1899 2794 affecti,
1923 2711 2025 2801 fugae
2038 2716 2183 2785 consilia
2197 2718 2415 2787 adiuvarent.
2449 2717 2510 2786 ln-

1529 2820 1623 2879 terea
1638 2822 1674 2878 et
1684 2805 1898 2900 Redolphus
1919 2808 2114 2901 Imperator
2128 2818 2292 2885 mandata
2307 2818 2435 2897 mittit,
2466 2830 2510 2891 ut

1529 2933 1626 2977 arma
1641 2910 1809 3001 utrinque
1824 2911 2014 3000 deponant,
2032 2927 2067 2984 et
2081 2917 2256 3005 promittit
2269 2940 2306 2986 se
2319 2931 2511 2986 venturum

1530 3009 1570 3077 in
1586 3008 1813 3098 Turingiam,
1838 3035 1878 3079 ac
1891 3010 1968 3079 iore
1982 3013 2249 3104 disceptatorem
2264 3040 2396 3087 caune.

1633 3108 1739 3178 Venit
1754 3111 1794 3177 in
1807 3110 2016 3199 'l'uringiam
2030 3110 2252 3205 Redolphus,
2277 3130 2310 3186 et
2325 3138 2405 3186 cum
2422 3116 2511 3187 alios

1530 3210 1703 3280 tumultus
1729 3212 1883 3293 sedavit,
1917 3214 2046 3281 eversis
2069 3214 2350 3286 latrunculorum
2371 3219 2512 3289 arcibus

1531 3312 1684 3406 aliquot,
1709 3327 1744 3382 et
1762 3314 1870 3404 captis
1898 3311 1936 3380 in
1960 3309 2094 3385 llmena
2112 3339 2240 3387 novem
2262 3331 2295 3390 et
2316 3317 2441 3410 viginti
2458 3319 2513 3389 la·

1531 3429 1674 3485 tronum
1698 3415 1864 3497 ducibus,
1899 3417 2097 3508 dequibus
2123 3414 2347 3510 Erphordiae
2375 3419 2512 3510 suppli-

1531 3513 1623 3574 cium
1636 3515 1804 3595 sumpsit,
1829 3529 1903 3579 tum
1922 3538 2004 3583 vero
2021 3518 2238 3589 severissime
2253 3520 2433 3589 mandavit
2447 3541 2511 3609 pa-

1531 3625 1604 3669 cem
1628 3601 1775 3671 Alberto
1800 3616 1834 3671 et
1864 3606 1956 3677 filiis.
2006 3609 2088 3677 Non
2118 3621 2230 3687 multo
2262 3634 2342 3708 post
2370 3632 2511 3691 mortun

1532 3694 1724 3792 tiodolpho
1743 3703 1905 3772 successit
1919 3699 2106 3794 Adolphus
2122 3707 2374 3799 Nassaviensis,
2402 3744 2511 3809 quem

1532 3802 1637 3872 variis
1658 3802 1792 3872 artibus
1815 3798 1923 3875 trahit
1947 3803 1985 3873 in
2015 3806 2214 3880 societatem
2238 3811 2321 3879 belli
2344 3811 2512 3885 Albertus

1532 3902 1793 3993 Landgravius,
1826 3917 1860 3974 et
1876 3907 1969 3998 quod
1988 3930 2043 3976 res
2061 3923 2180 4000 postea
2197 3915 2369 3999 ostendit,
2401 3916 2511 4005 adpa-

1533 4019 1586 4075 ret
1607 4029 1752 4076 avarum
1774 4027 1891 4074 senem
1921 4007 2110 4098 cupiditate
2137 4014 2337 4083 uberrimae
2358 4016 2512 4105 regionis

1533 4106 1716 4201 Mysorum
1731 4117 1766 4175 et
1779 4130 1945 4176 venarum
1960 4111 2212 4184 metallicarum
2234 4116 2400 4202 illectum,
2419 4113 2510 4187 hanc

1532 4210 1748 4278 occasionem
1776 4211 1999 4298 occupandae
2030 4213 2183 4304 regionis
2204 4216 2404 4311 Mysorum,
2437 4241 2510 4288 non

1532 4309 1684 4377 voluisse
1699 4306 1884 4396 negligere.
1913 4307 2068 4384 Narrant
2082 4315 2186 4386 etiam
2203 4313 2369 4388 historiae
2382 4319 2511 4392 diber-

1532 4424 1606 4480 tum
1630 4407 1892 4495 Landgravium
1919 4413 2116 4485 vendidisse
2145 4414 2372 4508 Turingicam
2402 4421 2511 4491 ditio·

1531 4533 1613 4578 nem
1626 4503 1816 4598 tidolpho,
1839 4534 1884 4579 ne
1899 4512 2052 4602 recipere
2071 4541 2146 4586 eam
2171 4519 2235 4588 filii
2251 4545 2407 4613 unquam
2428 4546 2511 4612 pos-

1531 4625 1620 4684 sent.
1677 4608 1798 4699 Longa
1824 4624 1874 4681 est
1899 4611 2049 4701 iniuria,
2079 4618 2205 4708 longae
2233 4624 2413 4712 ambages,
2445 4647 2510 4694 nec

1531 4711 1650 4782 omnia
1666 4711 1811 4780 recitare
1825 4712 1921 4783 libet.

1633 4809 1684 4882 lta
1702 4825 1779 4903 post
1802 4825 1949 4882 mortem
1973 4811 2197 4904 Imperatoris
2224 4817 2407 4914 Redolphi
2432 4826 2510 4894 liel-

1531 4916 1605 4984 lum
1631 4913 1781 4982 atrocius
1802 4927 1937 4984 motum
1962 4930 2030 5001 est,
2061 4932 2095 4988 et
2111 4916 2297 5010 ridulphus
2321 4926 2357 4993 in
2373 4923 2509 4995 Turin-

1530 5017 1620 5105 giam
1653 5027 1687 5082 ct
1714 5013 1897 5108 Mysorum
1931 5016 2108 5105 regionem
2143 5033 2310 5093 attractus
2342 5041 2404 5099 est.
2460 5024 2507 5096 Et

496 5120 639 5188 ordines
661 5117 825 5202 ditionis,
855 5141 895 5186 ac
913 5115 998 5206 petit
1019 5115 1085 5185 sibi
1108 5115 1199 5184 tradi
1222 5116 1476 5205 possessionem
1530 5109 1693 5187 Marchio
1710 5112 2033 5204 Brandeburgensis
2050 5143 2088 5188 se
2110 5145 2189 5190 cum
2205 5117 2374 5215 Adelpho
2393 5125 2504 5214 Impe-

495 5220 649 5308 regionis
670 5216 875 5310 Mysorum,
900 5217 1048 5287 exclusis
1069 5214 1171 5296 liliis,
1197 5238 1237 5283 ac
1262 5216 1351 5286 iuris
1372 5232 1476 5307 prae·
1529 5233 1645 5288 ratore
1660 5231 1692 5286 et
1708 5216 1855 5285 Alberto
1871 5214 2093 5307 Landgravio
2108 5223 2303 5312 coniunxit,
2327 5251 2386 5317 spe
2400 5244 2504 5290 oecu-

495 5335 592 5390 textu
615 5331 765 5409 pugnat,
790 5321 872 5410 quia
897 5319 971 5410 ipse
993 5318 1039 5388 sit
1060 5315 1180 5384 fratris
1197 5317 1376 5403 proximus
1393 5313 1476 5386 hae-
1528 5321 1664 5411 pandae
1687 5316 1864 5385 inferioris
1886 5314 2059 5391 Lusatiae.
2119 5319 2261 5409 Quanta
2288 5324 2397 5393 moles
2416 5322 2504 5392 belli

494 5444 560 5490 res.
610 5418 681 5489 Nec
708 5442 782 5488 esse
808 5419 936 5487 iustam
958 5438 1096 5487 causam
1115 5438 1179 5485 cur
1197 5411 1393 5487 haereditas
1406 5420 1474 5488 sibi
1527 5421 1656 5511 deinde
1672 5417 1793 5501 suerit,
1819 5417 1904 5486 inde
1918 5419 2092 5488 aestimari
2113 5438 2241 5511 potest,
2266 5425 2360 5514 quod
2378 5425 2501 5494 eodem

493 5535 609 5614 erepta
626 5522 680 5591 sit.
1444 5562 1447 5566 >
1526 5534 1683 5610 tempore
1706 5540 1784 5585 cum
1807 5516 1955 5586 diversis
1974 5521 2181 5593 exercitibus
2193 5522 2357 5612 praeliari
2379 5524 2502 5596 iratres

592 5619 820 5691 Conveniunt
836 5617 944 5708 igitur
957 5616 1082 5687 delecti
1099 5639 1139 5687 ex
1155 5615 1322 5686 omnibus
1335 5617 1474 5688 ordini·
1524 5620 1691 5712 oportuit,
1713 5632 1745 5688 et
1760 5620 1855 5710 qnod
1873 5619 1910 5688 in
1926 5619 1969 5688 iis
1982 5620 2080 5706 locis,
2105 5624 2168 5692 nbi
2180 5644 2315 5692 summa
2328 5639 2380 5697 est
2393 5626 2501 5695 uber-

490 5722 556 5791 bus
577 5722 755 5813 praecipui
776 5721 845 5791 viri
867 5720 907 5789 in
926 5719 1015 5790 urbe
1029 5715 1216 5809 Friberga,
1242 5731 1277 5790 et
1291 5719 1472 5791 communi
1522 5735 1605 5810 tas,
1621 5741 1766 5812 magnae
1780 5721 1992 5792 vastationes
2006 5723 2234 5808 iacuerunt,
2256 5747 2337 5795 cum
2354 5723 2502 5800 hostiles
