6025 6775
937 1126 968 1209 l.
1034 1049 1499 1211 CHPONICON
1547 1118 1945 1212 CARIONIS.

1326 1343 1541 1374 'm‘—

430 1459 718 1583 Melanthonem
739 1521 848 1568 rerum
870 1503 912 1568 ab
933 1503 1024 1568 initio
1045 1514 1213 1588 gestarum
1235 1505 1450 1589 cognitionem
1472 1509 1556 1571 satis
1578 1507 1770 1589 profundam
1791 1507 1967 1590 habuisse,
1994 1511 2123 1593 qualem
2143 1510 2240 1582 homo
2260 1514 2377 1586 doctus
2397 1519 2453 1588 illo

428 1647 570 1713 tempore
592 1624 712 1690 habore
726 1624 842 1705 potuit,
863 1622 986 1706 scripta
1006 1622 1078 1687 eius
1099 1622 1223 1686 minora
1245 1622 1329 1687 satis
1350 1630 1524 1687 testantur.
1553 1623 1628 1686 Non
1651 1626 1755 1689 solum
1777 1627 1862 1690 enim
1883 1627 1918 1690 in
1939 1627 2087 1708 epistolis
2108 1641 2143 1696 ct
2164 1633 2198 1696 in
2219 1633 2346 1701 iudiciis
2368 1642 2451 1726 suis,

425 1760 462 1824 pt
483 1748 584 1812 etiam
604 1743 639 1806 in
660 1738 935 1824 praefationibus,
957 1758 1040 1824 quas
1061 1739 1195 1806 aliorum
1215 1738 1307 1803 libris
1328 1737 1492 1822 praeficit,
1515 1737 1675 1803 obunuom
1695 1741 1851 1806 historiae
1872 1745 2013 1826 priorum
2034 1748 2216 1813 seculorum
2234 1755 2452 1838 cognitionem

414 1857 689 1946 conspiciendam
717 1858 882 1943 praebuit,
919 1855 979 1936 sed
1007 1857 1105 1923 etiam
1132 1858 1166 1921 in
1194 1855 1395 1923 orationibus
1422 1853 1619 1923 academicis
1649 1857 1783 1938 saepius
1811 1864 1966 1927 tractavit
1995 1874 2187 1952 argumenta
2214 1864 2368 1935 historica
2393 1874 2450 1936 in·

427 1981 515 2066 signi
534 1976 637 2044 modo.

549 2094 658 2160 linum
686 2108 766 2155 vero
795 2100 919 2154 tantum
947 2087 1047 2154 edidit
1076 2091 1248 2174 scriptum,
1282 2075 1368 2171 quod
1395 2098 1498 2154 totam
1527 2088 1697 2153 historiam
1727 2088 1976 2171 praeteritorum
2005 2102 2187 2177 temporum
2215 2099 2447 2187 complectitur,

421 2210 575 2275 videlicet
599 2205 782 2275 chronicon
800 2203 1134 2282 loconiscorionis,
1163 2204 1204 2268 de
1226 2223 1289 2287 quo
1311 2224 1397 2269 nunc
1418 2206 1512 2269 nobis
1534 2205 1647 2286 paucis
1668 2204 1896 2287 exponendum
1918 2215 1982 2270 est.

549 2326 600 2388 lle
621 2321 768 2387 (larionis
798 2323 869 2385 vita
896 2333 931 2385 et
959 2322 1091 2402 scriptis
1120 2330 1156 2385 et
1184 2323 1368 2385 nominatim
1399 2321 1472 2383 eius
1501 2320 1653 2383 chronica
1677 2320 1826 2384 breviter
1856 2321 1917 2386 sed
1944 2341 2009 2386 non
2037 2323 2157 2408 ubique
2184 2346 2267 2393 vere
2294 2335 2449 2415 exposuit

423 2454 536 2507 auctor
563 2438 689 2522 quidam
725 2441 756 2501 in
791 2439 869 2520 „bor
897 2435 1099 2521 supraema
1127 2434 1338 2520 intollerabile
1372 2440 1422 2523 tot
1452 2418 1688 2517 uitiosorum
1722 2440 1785 2504 urb
1813 2433 1927 2517 sinit
1961 2451 2020 2505 ooo
2053 2436 2156 2522 &ridi
2194 2448 2256 2511 uub
2286 2446 2447 2518 &raher

421 2556 485 2625 tuo.
505 2555 593 2620 XXI.
623 2554 667 2623 Θ.
686 2555 780 2634 w,
815 2551 884 2614 sed
902 2553 1036 2617 uberius
1063 2563 1097 2615 et
1124 2553 1224 2617 multo
1251 2551 1380 2617 doctius
1410 2549 1456 2618 bei
1477 2548 1716 2635 &bebelius
1736 2551 1770 2619 lu
1792 2551 1888 2632 itineri
1909 2551 2146 2637 „tltitcouaaooo
2173 2556 2363 2644 liberariidpttt
2386 2565 2446 2642 Sic

420 2673 533 2753 belief
567 2670 627 2752 hi).
641 2672 700 2735 Vl
729 2669 773 2738 Θ.
790 2666 990 2732 tat—auu:
1020 2666 1275 2748 „titubatione
1297 2667 1390 2746 teitu
1413 2670 1476 2735 urb
1498 2665 1686 2750 &habens

542 2787 653 2851 Natus
673 2795 727 2850 est
747 2761 899 2848 loannes
913 2778 1036 2848 corion
1058 2800 1087 2846 a.
1103 2784 1188 2848 1499
1208 2785 1242 2848 in
1264 2783 1414 2867 oppidulo
1436 2783 1633 2866 Biatigheim
1653 2785 1688 2845 in
1717 2785 1911 2865 episcopatu
1933 2783 2234 2875 wurceburgensi,
2268 2804 2303 2859 et
2328 2797 2444 2863 literas

414 2904 524 2976 didicit
545 2892 752 2987 potissimum
771 2901 806 2962 in
827 2873 939 2966 schola
960 2895 1229 2981 Witebergensi,
1258 2900 1312 2963 ubi
1333 2899 1546 2970 Melanthonc
1567 2916 1646 2992 prac
1664 2902 1786 2963 ceteris
1807 2899 1940 2963 doctore
1962 2909 2017 2963 est
2038 2919 2131 2967 usust
2183 2908 2334 2973 Vocatus
2358 2911 2444 2975 sset

415 3023 577 3087 inaulam
599 3018 751 3084 loachimi
771 3016 814 3099 b,
834 3014 941 3079 Princ.
964 3013 1069 3079 Elect.
1091 3013 1272 3079 Brundenb.
1295 3025 1333 3080 ut
1352 3015 1610 3080 Mathematicus
1632 3015 1741 3096 aulae,
1762 3014 1946 3099 Principem
1967 3017 2154 3082 illectorem
2173 3019 2301 3107 ipsum,
2327 3036 2440 3091 astro-

416 3140 521 3222 logiae
542 3137 704 3217 deditum,
739 3143 774 3196 et
803 3132 887 3195 lilios
915 3132 987 3194 eius
1015 3130 1124 3195 docuit
1151 3132 1414 3196 mathematicam
1441 3143 1476 3196 et
1503 3132 1723 3217 astrologiam
1779 3130 1870 3194 idem
1898 3151 1999 3208 vero,
2032 3134 2111 3196 vino
2139 3135 2271 3202 nimium
2299 3138 2440 3225 deditus,

415 3254 503 3318 diem
523 3256 586 3329 iam
607 3255 686 3319 obiit
706 3271 736 3316 a
753 3248 854 3332 15³8,
881 3259 1088 3331 praematura
1108 3248 1265 3331 abreptus
1286 3259 1402 3315 morte.
1446 3249 1577 3332 Scripta
1599 3249 1671 3312 eius
1691 3249 1901 3334 astrologica,
1930 3248 2137 3331 potissimum
2157 3254 2328 3341 vaticinia,
2354 3275 2440 3341 quae

414 3370 532 3453 edidit,
558 3370 727 3438 recensuit
749 3366 933 3433 Strobelius
954 3367 974 3430 i
994 3366 1017 3431 l.
1064 3364 1243 3431 Praeterea
1265 3367 1364 3432 etiam
1385 3357 1656 3449 compendiariam
1676 3384 1785 3429 rerum
1806 3382 1827 3429 a
1847 3365 1967 3431 mundo
1999 3366 2129 3433 condito
2153 3369 2341 3455 historiam,
2378 3391 2438 3438 se·

416 3487 556 3550 cundum
577 3488 723 3551 Danielis
743 3485 932 3550 vaticinium
955 3483 995 3547 de
1017 3494 1154 3566 quatuor
1175 3482 1285 3547 mundi
1305 3482 1500 3546 monarchiis
1528 3481 1739 3565 dispositam,
1771 3484 1981 3568 conscripsit,
2015 3482 2205 3567 „thotdd”
2231 3491 2438 3574 appellatam,

414 3603 780 3685 eumqueblelanthoni,
800 3601 1006 3686 praeceptori
1026 3600 1132 3675 misit,
1153 3610 1189 3664 ut
1210 3618 1281 3663 cam
1303 3600 1505 3684 perlegeret,
1528 3599 1651 3681 passim
1673 3582 1879 3678 emendaret,
1902 3617 2038 3683 eamque
2059 3618 2080 3663 a
2101 3604 2305 3687 typographo
2319 3605 2437 3670 Wite·

413 3721 568 3806 bergensi
588 3720 679 3804 ,typis
707 3720 848 3784 exscribi
877 3727 1018 3803 curaret.
1073 3718 1123 3780 lle
1152 3735 1216 3800 qua
1242 3736 1279 3780 re
1300 3716 1492 3781 Melanthon
1521 3715 1562 3779 ad
1591 3714 1812 3780 camerarium
1840 3717 1932 3799 (Vol.
1946 3717 1987 3780 ll.
2009 3736 2042 3800 p.
2056 3716 2151 3801 505.)
2179 3717 2263 3784 haec
2290 3723 2435 3804 scripsit:

411 3835 560 3917 „Carion
581 3837 672 3900 misit
692 3835 758 3899 buo
773 3831 902 3920 χρονικά
926 3832 1135 3915 excudenda,
1163 3833 1223 3897 sed
1245 3853 1286 3898 ea
1306 3834 1398 3916 lege,
1425 3841 1461 3894 ut
1483 3851 1547 3916 ego
1569 3833 1785 3897 emendarem.
1829 3832 1916 3898 Sunt
1937 3833 2039 3898 multa
2059 3835 2184 3917 scripta
2203 3837 2435 3923 negligentius.

409 3953 549 4037 „ltaque
571 3970 634 4038 ego
656 3963 759 4018 totum
777 3971 859 4036 opus
881 3961 1014 4033 retexo,
1036 3960 1070 4014 et
1092 3949 1220 4032 quidem
1241 3951 1441 4039 germanice,
1469 3959 1504 4013 et
1525 3950 1680 4014 constitui
1698 3951 1869 4030 complecti
1891 3951 2085 4031 praecipuas
2105 3955 2304 4015 mutationes
2324 3958 2434 4019 mari·

370 4086 373 4091 ·
407 4090 557 4150 „morum
578 4071 793 4154 imperiorum.
803 4073 818 4097 ’'
866 4069 920 4132 Ex
941 4068 1068 4131 verbis:
1100 4085 1163 4151 ego
1186 4076 1289 4131 totum
1311 4085 1393 4150 opus
1414 4075 1546 4147 retexo,
1577 4068 1750 4129 voluerunt
1771 4062 1902 4146 quidem
1923 4065 2016 4126 multi
2037 4068 2213 4150 coniicere,
2243 4070 2307 4132 hoe
2328 4080 2433 4135 totum

409 4190 562 4269 scriptum
588 4208 654 4251 non
682 4186 814 4273 quidem
833 4184 984 4249 Curionis
1011 4183 1071 4248 sed
1092 4168 1314 4249 Melanthonis
1344 4200 1441 4263 esse,
1468 4199 1567 4263 quum
1596 4178 1725 4263 quidem
1753 4178 1971 4241 coniecturam
1993 4180 2178 4265 Peucerus,
2213 4184 2433 4250 Melanthonis

409 4319 525 4380 gener,
547 4323 606 4367 suo
627 4324 755 4390 quoque
778 4301 982 4366 confirmavit
1004 4302 1205 4380 testimonio,
1226 4302 1279 4382 qui
1300 4301 1331 4360 in
1354 4298 1557 4387 dedicatione
1579 4295 1729 4360 chronici
1748 4294 1898 4359 carioris
1920 4294 1999 4358 editi
2021 4314 2050 4358 a
2072 4298 2156 4362 15⁷2
2177 4298 2259 4363 haec
2280 4302 2428 4382 scripsit:

411 4415 566 4494 „Nomen
589 4417 738 4489 chronici
761 4418 910 4485 Curionis
932 4417 1064 4496 retinui,
1099 4418 1174 4499 quia
1202 4425 1329 4480 mutare
1360 4414 1437 4479 illud
1464 4425 1558 4479 autor
1586 4415 1709 4498 primus
1737 4421 1872 4477 sanctae
1899 4413 2089 4494 momoriae,
2123 4412 2206 4476 Phil.
2226 4415 2430 4494 Melanthos,

409 4549 530 4610 „socer
552 4549 659 4616 meus,
679 4540 791 4603 noluit.
835 4535 976 4617 Occasio
998 4528 1136 4595 nominis
1156 4532 1254 4597 huius
1273 4531 1348 4596 inde
1371 4534 1497 4614 extitit,
1524 4530 1610 4615 quod
1632 4551 1705 4596 cum
1726 4532 1792 4593 loh.
1814 4529 1933 4594 Carion
1955 4527 2206 4592 mathematicus
2228 4541 2305 4594 ante
2326 4551 2429 4599 annos

408 4647 650 4730 „quadraginta
670 4657 832 4737 coepisset
861 4663 1038 4717 contexero
1064 4650 1256 4735 chronicon,
1289 4660 1324 4714 et
1345 4648 1641 4735 recognoscendum
1664 4658 1698 4712 et
1720 4646 1972 4729 emendandum,
2005 4646 2192 4728 priusquam
2214 4649 2325 4729 praelo
2346 4626 2432 4715 sub}

404 4765 603 4844 „iieerotur,
637 4766 780 4836 misisset
799 4772 840 4836 ad
861 4773 942 4836 Phil
964 4767 1142 4853 Melanth,
1177 4769 1246 4849 hic,
1267 4766 1353 4851 quod
1373 4786 1486 4848 parum
1506 4766 1714 4848 probaretur,
1740 4768 1843 4828 totum
1865 4759 2003 4827 atoteott
2022 4781 2091 4826 una
2111 4758 2233 4840 litura,
2262 4767 2324 4828 alio
2344 4786 2427 4830 con·

405 4881 572 4961 „scripto,
605 4884 659 4944 cui
681 4893 788 4948 tamen
808 4888 957 4955 Curionis
978 4905 1096 4950 nomen
1117 4885 1282 4968 praefixit:
1318 4882 1379 4947 sed
1401 4893 1435 4946 et
1455 4884 1535 4966 hoc,
1556 4903 1628 4949 cum
1651 4884 1867 4962 retexuisset,
1900 4880 1994 4944 amici
2021 4898 2138 4943 nomen
2165 4889 2200 4941 et
2228 4884 2425 4968 memoriam,

403 5015 450 5076 „a
479 4997 573 5059 cuius
601 4999 784 5081 primordiis
809 5001 935 5091 ἀφορμὴ
964 5006 1068 5090 prima
1091 5000 1243 5066 Clnonici
1268 4999 1463 5064 contexendi
1489 5012 1568 5066 nata
1589 5011 1688 5082 atquc
1708 4995 1857 5081 prolecta
1874 5007 1983 5079 esset,
2016 4996 2110 5060 titulo
2131 4999 2317 5080 posteritati
2333 5019 2426 5064 cour·

404 5112 585 5196 „mendane
607 5116 745 5179 voluit.”

528 5231 664 5297 Minime
686 5252 768 5298 vero
789 5252 903 5298 verum
924 5248 995 5320 est,
1029 5234 1276 5305 Melanthonem
1297 5210 1404 5298 omnia
1425 5252 1446 5297 a
1467 5233 1607 5297 Curione
1630 5229 1752 5313 scripta
1779 5245 1848 5292 aaa
1875 5222 1982 5292 lituro
2009 5223 2181 5312 deiecisse,
2213 5233 2278 5294 imo
2306 5233 2423 5296 verba:

403 5348 505 5410 ictum
527 5367 611 5431 opus
633 5362 765 5434 retexo,
792 5359 919 5415 tantum
935 5352 1092 5436 indicant,
1119 5351 1362 5429 Melanthonem
1385 5369 1500 5414 omnes
1515 5350 1592 5417 ,libri
1615 5357 1727 5432 partes
1749 5344 1953 5410 emendasse.
2007 5345 2085 5410 Non
2112 5347 2197 5410 onim
2225 5345 2336 5409 omnio
2364 5347 2424 5410 sed

403 5471 529 5529 tantum
549 5465 685 5550 „multa
705 5467 928 5554 negligentius
951 5471 1096 5551 scripta⁴’
1117 5473 1239 5554 reperit
1260 5479 1295 5534 et
1313 5471 1469 5534 retexuit.
1512 5467 1602 5532 ldem
1623 5462 1814 5529 hlelantbon
1835 5465 1908 5546 ipse
1930 5472 2076 5529 testatus
2097 5465 2204 5528 estin
2226 5462 2361 5544 epistola
2382 5462 2423 5525 ad

402 5577 579 5647 corvinum
602 5586 694 5668 (Vol
709 5588 749 5652 lh
772 5607 802 5674 p.
816 5584 927 5669 ssu),
955 5582 1009 5651 cul
1029 5589 1213 5674 exemplum
1235 5588 1366 5673 scripti,
1395 5597 1570 5671 postquam
1592 5583 1772 5671 prodierat,
1799 5582 1979 5648 transmisit
2000 5592 2035 5648 ct
2055 5581 2152 5646 snut
2171 5578 2316 5658 scripsit:

1738 5701 1825 5805 ts:

2074 5922 2084 5960 l
