<?xml version="1.0" encoding="UTF-8"?>
<!DOCTYPE html PUBLIC "-//W3C//DTD XHTML 1.0 Transitional//EN"
    "http://www.w3.org/TR/xhtml1/DTD/xhtml1-transitional.dtd">
<html xmlns="http://www.w3.org/1999/xhtml" xml:lang="en" lang="en">
 <head>
  <title>
</title>
<meta http-equiv="Content-Type" content="text/html;charset=utf-8" />
  <meta name='ocr-system' content='tesseract 3.04.00' />
  <meta name='ocr-capabilities' content='ocr_page ocr_carea ocr_par ocr_line ocrx_word'/>
</head>
<body>
  <div class='ocr_page' id='page_1' title='image "./philippimelanth12melagoog/philippimelanth12melagoog_0061.png"; bbox 0 0 6025 6775; ppageno 0'>
   <div class='ocr_carea' id='block_1_1' title="bbox 2461 384 2697 396">
    <p class='ocr_par' dir='ltr' id='par_1_1' title="bbox 2461 384 2697 396">
     <span class='ocr_line' id='line_1_1' title="bbox 2461 384 2697 396; baseline 0 -4"><span class='ocrx_word' id='word_1_1' title='bbox 2461 384 2697 396; x_wconf 52' lang='lat' dir='ltr'>——w—-W</span> 
     </span>
    </p>
   </div>
   <div class='ocr_carea' id='block_1_2' title="bbox 2452 456 2523 527">
    <p class='ocr_par' dir='ltr' id='par_1_2' title="bbox 2452 456 2523 527">
     <span class='ocr_line' id='line_1_2' title="bbox 2452 456 2523 527; baseline -0.028 0"><span class='ocrx_word' id='word_1_2' title='bbox 2452 456 2523 527; x_wconf 85' lang='lat' dir='ltr'><strong>tos</strong></span> 
     </span>
    </p>
   </div>
   <div class='ocr_carea' id='block_1_3' title="bbox 505 386 2233 538">
    <p class='ocr_par' dir='ltr' id='par_1_3' title="bbox 505 386 2233 538">
     <span class='ocr_line' id='line_1_3' title="bbox 505 386 2233 538; baseline -0.001 -17"><span class='ocrx_word' id='word_1_3' title='bbox 505 464 572 538; x_wconf 74' lang='lat'><strong>101</strong></span> <span class='ocrx_word' id='word_1_4' title='bbox 1098 442 1261 523; x_wconf 80' lang='lat' dir='ltr'><strong>nucu</strong></span> <span class='ocrx_word' id='word_1_5' title='bbox 1300 446 1377 520; x_wconf 82' lang='lat' dir='ltr'><strong>ou</strong></span> <span class='ocrx_word' id='word_1_6' title='bbox 1410 446 1607 524; x_wconf 76' lang='lat' dir='ltr'><strong>ranno</strong></span> <span class='ocrx_word' id='word_1_7' title='bbox 1640 444 1782 518; x_wconf 77' lang='lat' dir='ltr'><strong>unu</strong></span> <span class='ocrx_word' id='word_1_8' title='bbox 1813 444 1923 520; x_wconf 82' lang='lat' dir='ltr'><strong>our.</strong></span> <span class='ocrx_word' id='word_1_9' title='bbox 2144 386 2167 389; x_wconf 4' lang='grc' dir='ltr'><strong>’ἑ</strong></span> <span class='ocrx_word' id='word_1_10' title='bbox 2218 386 2233 388; x_wconf 12' lang='grc' dir='ltr'>ἡ</span> 
     </span>
    </p>
   </div>
   <div class='ocr_carea' id='block_1_4' title="bbox 501 615 2521 926">
    <p class='ocr_par' dir='ltr' id='par_1_4' title="bbox 501 615 2521 926">
     <span class='ocr_line' id='line_1_4' title="bbox 502 615 2521 722; baseline 0.001 -30"><span class='ocrx_word' id='word_1_11' title='bbox 502 644 543 703; x_wconf 82' lang='lat' dir='ltr'><strong>ut</strong></span> <span class='ocrx_word' id='word_1_12' title='bbox 557 642 702 722; x_wconf 89' lang='lat' dir='ltr'><strong>propter</strong></span> <span class='ocrx_word' id='word_1_13' title='bbox 714 626 828 695; x_wconf 86' lang='lat' dir='ltr'><strong>filium</strong></span> <span class='ocrx_word' id='word_1_14' title='bbox 845 644 985 713; x_wconf 90' lang='lat' dir='ltr'><strong>semper</strong></span> <span class='ocrx_word' id='word_1_15' title='bbox 995 615 1188 689; x_wconf 87' lang='lat' dir='ltr'><strong>Ecclesiam</strong></span> <span class='ocrx_word' id='word_1_16' title='bbox 1203 620 1240 687; x_wconf 90' lang='lat' dir='ltr'><strong>in</strong></span> <span class='ocrx_word' id='word_1_17' title='bbox 1258 615 1313 687; x_wconf 92' lang='lat' dir='ltr'><strong>his</strong></span> <span class='ocrx_word' id='word_1_18' title='bbox 1331 620 1485 708; x_wconf 83' lang='lat' dir='ltr'><strong>regioni·</strong></span> <span class='ocrx_word' id='word_1_19' title='bbox 1536 619 1736 687; x_wconf 90' lang='lat' dir='ltr'><strong>testimonia</strong></span> <span class='ocrx_word' id='word_1_20' title='bbox 1753 643 1833 688; x_wconf 92' lang='lat' dir='ltr'><strong>cum</strong></span> <span class='ocrx_word' id='word_1_21' title='bbox 1849 643 1914 688; x_wconf 92' lang='lat' dir='ltr'><strong>uec</strong></span> <span class='ocrx_word' id='word_1_22' title='bbox 1929 621 2172 690; x_wconf 89' lang='lat' dir='ltr'><strong>commenticia</strong></span> <span class='ocrx_word' id='word_1_23' title='bbox 2192 621 2283 706; x_wconf 90' lang='lat' dir='ltr'><strong>sint,</strong></span> <span class='ocrx_word' id='word_1_24' title='bbox 2308 647 2373 693; x_wconf 89' lang='lat' dir='ltr'><strong>nec</strong></span> <span class='ocrx_word' id='word_1_25' title='bbox 2392 627 2521 695; x_wconf 88' lang='lat' dir='ltr'><strong>obscu-</strong></span> 
     </span>
     <span class='ocr_line' id='line_1_5' title="bbox 501 715 2520 819; baseline 0 -22"><span class='ocrx_word' id='word_1_26' title='bbox 501 735 568 803; x_wconf 86' lang='lat' dir='ltr'><strong>bus</strong></span> <span class='ocrx_word' id='word_1_27' title='bbox 584 730 726 819; x_wconf 90' lang='lat' dir='ltr'><strong>colligat</strong></span> <span class='ocrx_word' id='word_1_28' title='bbox 741 740 776 797; x_wconf 90' lang='lat' dir='ltr'><strong>et</strong></span> <span class='ocrx_word' id='word_1_29' title='bbox 790 726 982 815; x_wconf 73' lang='lat' dir='ltr'><strong>gubernet,</strong></span> <span class='ocrx_word' id='word_1_30' title='bbox 1007 734 1041 790; x_wconf 90' lang='lat' dir='ltr'><strong>et</strong></span> <span class='ocrx_word' id='word_1_31' title='bbox 1057 733 1214 812; x_wconf 89' lang='lat' dir='ltr'><strong>protegat</strong></span> <span class='ocrx_word' id='word_1_32' title='bbox 1229 719 1405 791; x_wconf 80' lang='lat' dir='ltr'><strong>Ecclesiae</strong></span> <span class='ocrx_word' id='word_1_33' title='bbox 1420 715 1486 789; x_wconf 93' lang='lat' dir='ltr'><strong>bo-</strong></span> <span class='ocrx_word' id='word_1_34' title='bbox 1537 743 1594 802; x_wconf 91' lang='lat' dir='ltr'><strong>ra,</strong></span> <span class='ocrx_word' id='word_1_35' title='bbox 1619 742 1686 787; x_wconf 90' lang='lat' dir='ltr'><strong>nos</strong></span> <span class='ocrx_word' id='word_1_36' title='bbox 1705 721 1935 804; x_wconf 86' lang='lat' dir='ltr'><strong>confirment,</strong></span> <span class='ocrx_word' id='word_1_37' title='bbox 1961 733 2001 789; x_wconf 91' lang='lat' dir='ltr'><strong>ut</strong></span> <span class='ocrx_word' id='word_1_38' title='bbox 2023 722 2162 793; x_wconf 90' lang='lat' dir='ltr'><strong>coelesti</strong></span> <span class='ocrx_word' id='word_1_39' title='bbox 2185 724 2366 794; x_wconf 89' lang='lat' dir='ltr'><strong>doctrinae</strong></span> <span class='ocrx_word' id='word_1_40' title='bbox 2380 728 2425 795; x_wconf 92' lang='lat' dir='ltr'><strong>de</strong></span> <span class='ocrx_word' id='word_1_41' title='bbox 2446 728 2520 798; x_wconf 85' lang='lat' dir='ltr'><strong>filio</strong></span> 
     </span>
     <span class='ocr_line' id='line_1_6' title="bbox 501 818 2521 926; baseline 0.004 -34"><span class='ocrx_word' id='word_1_42' title='bbox 501 833 624 926; x_wconf 68' lang='lat' dir='ltr'><strong>spicia,</strong></span> <span class='ocrx_word' id='word_1_43' title='bbox 649 846 685 901; x_wconf 82' lang='lat' dir='ltr'><strong>et</strong></span> <span class='ocrx_word' id='word_1_44' title='bbox 708 830 747 897; x_wconf 93' lang='lat' dir='ltr'><strong>in</strong></span> <span class='ocrx_word' id='word_1_45' title='bbox 771 829 821 897; x_wconf 88' lang='lat' dir='ltr'><strong>eis</strong></span> <span class='ocrx_word' id='word_1_46' title='bbox 838 824 1077 895; x_wconf 76' lang='lat' dir='ltr'><strong>doctrinarum</strong></span> <span class='ocrx_word' id='word_1_47' title='bbox 1095 836 1130 893; x_wconf 93' lang='lat' dir='ltr'><strong>et</strong></span> <span class='ocrx_word' id='word_1_48' title='bbox 1149 823 1266 912; x_wconf 89' lang='lat' dir='ltr'><strong>legum</strong></span> <span class='ocrx_word' id='word_1_49' title='bbox 1290 824 1428 907; x_wconf 82' lang='lat' dir='ltr'><strong>studia,</strong></span> <span class='ocrx_word' id='word_1_50' title='bbox 1453 835 1487 891; x_wconf 91' lang='lat' dir='ltr'><strong>et</strong></span> <span class='ocrx_word' id='word_1_51' title='bbox 1537 818 1604 889; x_wconf 91' lang='lat' dir='ltr'><strong>Dei</strong></span> <span class='ocrx_word' id='word_1_52' title='bbox 1626 822 1874 917; x_wconf 64' lang='lat' dir='ltr'><strong>aspentiamur,</strong></span> <span class='ocrx_word' id='word_1_53' title='bbox 1898 837 1932 892; x_wconf 92' lang='lat' dir='ltr'><strong>et</strong></span> <span class='ocrx_word' id='word_1_54' title='bbox 1953 824 2128 892; x_wconf 86' lang='lat' dir='ltr'><strong>contraria</strong></span> <span class='ocrx_word' id='word_1_55' title='bbox 2152 823 2282 893; x_wconf 90' lang='lat' dir='ltr'><strong>iudicia</strong></span> <span class='ocrx_word' id='word_1_56' title='bbox 2299 830 2428 899; x_wconf 91' lang='lat' dir='ltr'><strong>mentis</strong></span> <span class='ocrx_word' id='word_1_57' title='bbox 2451 825 2521 900; x_wconf 88' lang='lat' dir='ltr'><strong>hu·</strong></span> 
     </span>
    </p>
   </div>
   <div class='ocr_carea' id='block_1_5' title="bbox 502 922 1282 1020">
    <p class='ocr_par' dir='ltr' id='par_1_5' title="bbox 502 922 1282 1020">
     <span class='ocr_line' id='line_1_7' title="bbox 502 922 1282 1020; baseline -0.015 -16"><span class='ocrx_word' id='word_1_58' title='bbox 502 930 691 1005; x_wconf 85' lang='lat' dir='ltr'><strong>honestam</strong></span> <span class='ocrx_word' id='word_1_59' title='bbox 708 928 926 1020; x_wconf 83' lang='lat' dir='ltr'><strong>disciplinam</strong></span> <span class='ocrx_word' id='word_1_60' title='bbox 942 938 1134 993; x_wconf 88' lang='lat' dir='ltr'><strong>conservet.</strong></span> <span class='ocrx_word' id='word_1_61' title='bbox 1188 922 1282 993; x_wconf 80' lang='lat' dir='ltr'><strong>Dixi.</strong></span> 
     </span>
    </p>
   </div>
   <div class='ocr_carea' id='block_1_6' title="bbox 1281 1262 1486 1357">
    <p class='ocr_par' dir='ltr' id='par_1_6' title="bbox 1281 1262 1486 1357">
     <span class='ocr_line' id='line_1_8' title="bbox 1281 1262 1486 1357; baseline 0.015 -21"><span class='ocrx_word' id='word_1_62' title='bbox 1281 1275 1346 1353; x_wconf 84' lang='lat' dir='ltr'><strong>(an,</strong></span> <span class='ocrx_word' id='word_1_63' title='bbox 1362 1262 1486 1357; x_wconf 81' lang='lat'>1554?)</span> 
     </span>
    </p>
   </div>
   <div class='ocr_carea' id='block_1_7' title="bbox 1308 1367 1478 1395">
    <p class='ocr_par' dir='ltr' id='par_1_7' title="bbox 1308 1367 1478 1395">
     <span class='ocr_line' id='line_1_9' title="bbox 1308 1367 1478 1395; baseline 0 0"><span class='ocrx_word' id='word_1_64' title='bbox 1308 1367 1478 1395; x_wconf 45' lang='lat' dir='ltr'><strong>*OQ</strong></span> 
     </span>
    </p>
   </div>
   <div class='ocr_carea' id='block_1_8' title="bbox 509 1275 1244 1569">
    <p class='ocr_par' dir='ltr' id='par_1_8' title="bbox 509 1275 1244 1569">
     <span class='ocr_line' id='line_1_10' title="bbox 509 1275 678 1403; baseline 0 -56"><span class='ocrx_word' id='word_1_65' title='bbox 509 1275 678 1403; x_wconf 56' lang='lat' dir='ltr'><em>Q</em></span> 
     </span>
     <span class='ocr_line' id='line_1_11' title="bbox 751 1430 1244 1569; baseline -0.002 -28"><span class='ocrx_word' id='word_1_66' title='bbox 751 1458 826 1545; x_wconf 89' lang='lat' dir='ltr'><strong>De</strong></span> <span class='ocrx_word' id='word_1_67' title='bbox 853 1430 997 1569; x_wconf 81' lang='lat' dir='ltr'><strong>porto</strong></span> <span class='ocrx_word' id='word_1_68' title='bbox 1017 1452 1111 1569; x_wconf 75' lang='lat' dir='ltr'><strong>filii</strong></span> <span class='ocrx_word' id='word_1_69' title='bbox 1137 1458 1244 1541; x_wconf 85' lang='lat' dir='ltr'><strong>Dei.</strong></span> 
     </span>
    </p>
   </div>
   <div class='ocr_carea' id='block_1_9' title="bbox 566 1628 1486 1703">
    <p class='ocr_par' dir='ltr' id='par_1_9' title="bbox 566 1628 1486 1703">
     <span class='ocr_line' id='line_1_12' title="bbox 566 1628 1486 1703; baseline 0.002 -20"><span class='ocrx_word' id='word_1_70' title='bbox 566 1632 598 1686; x_wconf 88' lang='lat' dir='ltr'><strong>lu</strong></span> <span class='ocrx_word' id='word_1_71' title='bbox 612 1632 704 1689; x_wconf 82' lang='lat' dir='ltr'><strong>select.</strong></span> <span class='ocrx_word' id='word_1_72' title='bbox 718 1630 839 1686; x_wconf 80' lang='lat' dir='ltr'><strong>Declam.</strong></span> <span class='ocrx_word' id='word_1_73' title='bbox 851 1629 885 1684; x_wconf 82' lang='grc' dir='ltr'><strong>Τ.</strong></span> <span class='ocrx_word' id='word_1_74' title='bbox 894 1629 942 1686; x_wconf 86' lang='grc' dir='ltr'><strong>ΙΙΙ.</strong></span> <span class='ocrx_word' id='word_1_75' title='bbox 958 1629 1044 1700; x_wconf 68' lang='lat' dir='ltr'><strong>poss</strong></span> <span class='ocrx_word' id='word_1_76' title='bbox 1056 1648 1126 1703; x_wconf 65' lang='lat' dir='ltr'><strong>sqq„</strong></span> <span class='ocrx_word' id='word_1_77' title='bbox 1145 1628 1264 1688; x_wconf 74' lang='lat' dir='ltr'><strong>serven</strong></span> <span class='ocrx_word' id='word_1_78' title='bbox 1277 1629 1309 1685; x_wconf 82' lang='grc' dir='ltr'><strong>Τ.</strong></span> <span class='ocrx_word' id='word_1_79' title='bbox 1324 1629 1372 1686; x_wconf 83' lang='lat' dir='ltr'><strong>lll,</strong></span> <span class='ocrx_word' id='word_1_80' title='bbox 1385 1648 1413 1700; x_wconf 52' lang='lat' dir='ltr'><strong>p·</strong></span> <span class='ocrx_word' id='word_1_81' title='bbox 1426 1629 1486 1685; x_wconf 76' lang='lat'><strong>620.</strong></span> 
     </span>
    </p>
   </div>
   <div class='ocr_carea' id='block_1_10' title="bbox 599 1699 975 1772">
    <p class='ocr_par' dir='ltr' id='par_1_10' title="bbox 599 1699 975 1772">
     <span class='ocr_line' id='line_1_13' title="bbox 599 1699 975 1772; baseline 0.003 -17"><span class='ocrx_word' id='word_1_82' title='bbox 599 1712 626 1755; x_wconf 82' lang='lat' dir='ltr'><strong>et</strong></span> <span class='ocrx_word' id='word_1_83' title='bbox 638 1699 766 1755; x_wconf 72' lang='lat' dir='ltr'><strong>tttehnrt.</strong></span> <span class='ocrx_word' id='word_1_84' title='bbox 776 1699 810 1755; x_wconf 88' lang='grc' dir='ltr'><strong>Τ.</strong></span> <span class='ocrx_word' id='word_1_85' title='bbox 820 1699 868 1754; x_wconf 91' lang='lat' dir='ltr'><strong>lll.</strong></span> <span class='ocrx_word' id='word_1_86' title='bbox 880 1720 906 1772; x_wconf 88' lang='lat' dir='ltr'><strong>p.</strong></span> <span class='ocrx_word' id='word_1_87' title='bbox 913 1699 975 1757; x_wconf 73' lang='grc'><strong>807.</strong></span> 
     </span>
    </p>
   </div>
   <div class='ocr_carea' id='block_1_11' title="bbox 497 1856 1485 2801">
    <p class='ocr_par' dir='ltr' id='par_1_11' title="bbox 497 1856 1485 2801">
     <span class='ocr_line' id='line_1_14' title="bbox 502 1856 1485 1956; baseline -0.006 -21"><span class='ocrx_word' id='word_1_88' title='bbox 502 1866 629 1935; x_wconf 76' lang='lat' dir='ltr'><strong>ventio</strong></span> <span class='ocrx_word' id='word_1_89' title='bbox 658 1860 705 1933; x_wconf 84' lang='lat' dir='ltr'><strong>de</strong></span> <span class='ocrx_word' id='word_1_90' title='bbox 730 1858 1028 1932; x_wconf 71' lang='lat' dir='ltr'><strong>consideratione</strong></span> <span class='ocrx_word' id='word_1_91' title='bbox 1053 1856 1158 1956; x_wconf 72' lang='lat' dir='ltr'><strong>fideli</strong></span> <span class='ocrx_word' id='word_1_92' title='bbox 1187 1862 1373 1932; x_wconf 76' lang='lat' dir='ltr'><strong>satuens-ss</strong></span> <span class='ocrx_word' id='word_1_93' title='bbox 1393 1880 1485 1950; x_wconf 84' lang='lat' dir='ltr'><strong>par·</strong></span> 
     </span>
     <span class='ocr_line' id='line_1_15' title="bbox 753 1958 1229 2059; baseline 0 -25"><span class='ocrx_word' id='word_1_94' title='bbox 753 1971 816 2034; x_wconf 82' lang='lat' dir='ltr'><strong>tua</strong></span> <span class='ocrx_word' id='word_1_95' title='bbox 841 1967 882 2034; x_wconf 82' lang='lat' dir='ltr'><strong>in</strong></span> <span class='ocrx_word' id='word_1_96' title='bbox 907 1966 1021 2033; x_wconf 81' lang='lat' dir='ltr'><strong>terris</strong></span> <span class='ocrx_word' id='word_1_97' title='bbox 1045 1958 1119 2059; x_wconf 73' lang='lat' dir='ltr'><strong>fitis</strong></span> <span class='ocrx_word' id='word_1_98' title='bbox 1143 1964 1229 2035; x_wconf 86' lang='lat' dir='ltr'><strong>Dei.</strong></span> 
     </span>
     <span class='ocr_line' id='line_1_16' title="bbox 498 2102 1483 2206; baseline -0.015 -17"><span class='ocrx_word' id='word_1_99' title='bbox 498 2102 621 2205; x_wconf 80' lang='lat' dir='ltr'><strong>Spero</strong></span> <span class='ocrx_word' id='word_1_100' title='bbox 637 2113 803 2206; x_wconf 82' lang='lat' dir='ltr'><strong>equidem</strong></span> <span class='ocrx_word' id='word_1_101' title='bbox 822 2111 994 2202; x_wconf 90' lang='lat' dir='ltr'><strong>plurimos</strong></span> <span class='ocrx_word' id='word_1_102' title='bbox 1016 2112 1061 2180; x_wconf 89' lang='lat' dir='ltr'><strong>ad</strong></span> <span class='ocrx_word' id='word_1_103' title='bbox 1082 2105 1174 2180; x_wconf 91' lang='lat' dir='ltr'><strong>bane</strong></span> <span class='ocrx_word' id='word_1_104' title='bbox 1191 2110 1419 2191; x_wconf 88' lang='lat' dir='ltr'><strong>concionem,</strong></span> <span class='ocrx_word' id='word_1_105' title='bbox 1445 2109 1483 2174; x_wconf 93' lang='lat' dir='ltr'><strong>in</strong></span> 
     </span>
     <span class='ocr_line' id='line_1_17' title="bbox 499 2203 1482 2311; baseline -0.012 -24"><span class='ocrx_word' id='word_1_106' title='bbox 499 2240 568 2311; x_wconf 90' lang='lat' dir='ltr'><strong>qua</strong></span> <span class='ocrx_word' id='word_1_107' title='bbox 584 2218 627 2285; x_wconf 96' lang='lat' dir='ltr'><strong>de</strong></span> <span class='ocrx_word' id='word_1_108' title='bbox 643 2215 749 2283; x_wconf 92' lang='lat' dir='ltr'><strong>rebus</strong></span> <span class='ocrx_word' id='word_1_109' title='bbox 763 2215 918 2297; x_wconf 89' lang='lat' dir='ltr'><strong>arcanis,</strong></span> <span class='ocrx_word' id='word_1_110' title='bbox 943 2237 983 2282; x_wconf 94' lang='lat' dir='ltr'><strong>ac</strong></span> <span class='ocrx_word' id='word_1_111' title='bbox 999 2213 1122 2302; x_wconf 89' lang='lat' dir='ltr'><strong>procul</strong></span> <span class='ocrx_word' id='word_1_112' title='bbox 1145 2236 1251 2305; x_wconf 90' lang='lat' dir='ltr'><strong>supra</strong></span> <span class='ocrx_word' id='word_1_113' title='bbox 1269 2210 1400 2280; x_wconf 92' lang='lat' dir='ltr'><strong>iudicia</strong></span> <span class='ocrx_word' id='word_1_114' title='bbox 1415 2203 1482 2277; x_wconf 91' lang='lat' dir='ltr'><strong>hu-</strong></span> 
     </span>
     <span class='ocr_line' id='line_1_18' title="bbox 498 2310 1482 2408; baseline -0.01 -21"><span class='ocrx_word' id='word_1_115' title='bbox 498 2341 604 2388; x_wconf 91' lang='lat' dir='ltr'><strong>mana</strong></span> <span class='ocrx_word' id='word_1_116' title='bbox 630 2315 773 2408; x_wconf 90' lang='lat' dir='ltr'><strong>positis,</strong></span> <span class='ocrx_word' id='word_1_117' title='bbox 808 2316 965 2385; x_wconf 92' lang='lat' dir='ltr'><strong>dicturus</strong></span> <span class='ocrx_word' id='word_1_118' title='bbox 991 2337 1087 2399; x_wconf 89' lang='lat' dir='ltr'><strong>sum,</strong></span> <span class='ocrx_word' id='word_1_119' title='bbox 1126 2315 1251 2383; x_wconf 83' lang='lat' dir='ltr'><strong>afferre</strong></span> <span class='ocrx_word' id='word_1_120' title='bbox 1274 2321 1408 2378; x_wconf 80' lang='lat' dir='ltr'><strong>mentes</strong></span> <span class='ocrx_word' id='word_1_121' title='bbox 1435 2310 1482 2377; x_wconf 90' lang='lat' dir='ltr'><strong>ita</strong></span> 
     </span>
     <span class='ocr_line' id='line_1_19' title="bbox 498 2411 1482 2501; baseline -0.013 -10"><span class='ocrx_word' id='word_1_122' title='bbox 498 2420 719 2498; x_wconf 81' lang='lat' dir='ltr'><strong>continuatas</strong></span> <span class='ocrx_word' id='word_1_123' title='bbox 734 2418 811 2486; x_wconf 91' lang='lat' dir='ltr'><strong>luce</strong></span> <span class='ocrx_word' id='word_1_124' title='bbox 827 2417 966 2501; x_wconf 87' lang='lat' dir='ltr'><strong>divina,</strong></span> <span class='ocrx_word' id='word_1_125' title='bbox 992 2429 1024 2485; x_wconf 92' lang='lat' dir='ltr'><strong>et</strong></span> <span class='ocrx_word' id='word_1_126' title='bbox 1039 2414 1253 2485; x_wconf 88' lang='lat' dir='ltr'><strong>testimoniis</strong></span> <span class='ocrx_word' id='word_1_127' title='bbox 1276 2411 1482 2495; x_wconf 79' lang='lat' dir='ltr'><strong>illustribus,</strong></span> 
     </span>
     <span class='ocr_line' id='line_1_20' title="bbox 499 2512 1481 2615; baseline -0.011 -24"><span class='ocrx_word' id='word_1_128' title='bbox 499 2522 630 2615; x_wconf 90' lang='lat' dir='ltr'><strong>quibus</strong></span> <span class='ocrx_word' id='word_1_129' title='bbox 653 2516 747 2588; x_wconf 90' lang='lat' dir='ltr'><strong>Deus</strong></span> <span class='ocrx_word' id='word_1_130' title='bbox 773 2542 809 2588; x_wconf 92' lang='lat' dir='ltr'><strong>se</strong></span> <span class='ocrx_word' id='word_1_131' title='bbox 831 2518 951 2608; x_wconf 81' lang='lat' dir='ltr'><strong>generi</strong></span> <span class='ocrx_word' id='word_1_132' title='bbox 968 2512 1124 2586; x_wconf 88' lang='lat' dir='ltr'><strong>humano</strong></span> <span class='ocrx_word' id='word_1_133' title='bbox 1143 2514 1322 2605; x_wconf 84' lang='lat' dir='ltr'><strong>patefecit,</strong></span> <span class='ocrx_word' id='word_1_134' title='bbox 1347 2526 1387 2582; x_wconf 90' lang='lat' dir='ltr'><strong>ut</strong></span> <span class='ocrx_word' id='word_1_135' title='bbox 1400 2536 1481 2581; x_wconf 89' lang='lat' dir='ltr'><strong>vere</strong></span> 
     </span>
     <span class='ocr_line' id='line_1_21' title="bbox 498 2612 1480 2709; baseline -0.01 -17"><span class='ocrx_word' id='word_1_136' title='bbox 498 2621 734 2693; x_wconf 86' lang='lat' dir='ltr'><strong>assentiantur</strong></span> <span class='ocrx_word' id='word_1_137' title='bbox 750 2616 958 2709; x_wconf 89' lang='lat' dir='ltr'><strong>Evangelio,</strong></span> <span class='ocrx_word' id='word_1_138' title='bbox 983 2630 1017 2686; x_wconf 89' lang='lat' dir='ltr'><strong>et</strong></span> <span class='ocrx_word' id='word_1_139' title='bbox 1034 2629 1187 2686; x_wconf 88' lang='lat' dir='ltr'><strong>statuant</strong></span> <span class='ocrx_word' id='word_1_140' title='bbox 1203 2612 1395 2685; x_wconf 88' lang='lat' dir='ltr'><strong>Ecclesiam</strong></span> <span class='ocrx_word' id='word_1_141' title='bbox 1413 2612 1480 2684; x_wconf 90' lang='lat' dir='ltr'><strong>Dei</strong></span> 
     </span>
     <span class='ocr_line' id='line_1_22' title="bbox 497 2711 1480 2801; baseline -0.008 -10"><span class='ocrx_word' id='word_1_142' title='bbox 497 2746 598 2794; x_wconf 89' lang='lat' dir='ltr'><strong>veras</strong></span> <span class='ocrx_word' id='word_1_143' title='bbox 621 2722 811 2793; x_wconf 88' lang='lat' dir='ltr'><strong>sententias</strong></span> <span class='ocrx_word' id='word_1_144' title='bbox 833 2724 877 2789; x_wconf 92' lang='lat' dir='ltr'><strong>de</strong></span> <span class='ocrx_word' id='word_1_145' title='bbox 891 2720 967 2789; x_wconf 89' lang='lat' dir='ltr'><strong>Deo</strong></span> <span class='ocrx_word' id='word_1_146' title='bbox 993 2717 1238 2801; x_wconf 88' lang='lat' dir='ltr'><strong>circumferre,</strong></span> <span class='ocrx_word' id='word_1_147' title='bbox 1264 2741 1338 2785; x_wconf 93' lang='lat' dir='ltr'><strong>non</strong></span> <span class='ocrx_word' id='word_1_148' title='bbox 1360 2711 1480 2787; x_wconf 89' lang='lat' dir='ltr'><strong>ethui-</strong></span> 
     </span>
    </p>
   </div>
   <div class='ocr_carea' id='block_1_12' title="bbox 496 2817 1480 3019">
    <p class='ocr_par' dir='ltr' id='par_1_12' title="bbox 496 2817 1480 3019">
     <span class='ocr_line' id='line_1_23' title="bbox 497 2817 1480 2910; baseline -0.012 -14"><span class='ocrx_word' id='word_1_149' title='bbox 497 2849 617 2896; x_wconf 91' lang='lat' dir='ltr'><strong>carum</strong></span> <span class='ocrx_word' id='word_1_150' title='bbox 639 2823 950 2910; x_wconf 81' lang='lat' dir='ltr'><strong>mataeologiarum</strong></span> <span class='ocrx_word' id='word_1_151' title='bbox 966 2818 1110 2888; x_wconf 82' lang='lat' dir='ltr'><strong>similes.</strong></span> <span class='ocrx_word' id='word_1_152' title='bbox 1162 2817 1215 2890; x_wconf 89' lang='lat' dir='ltr'><strong>Ac</strong></span> <span class='ocrx_word' id='word_1_153' title='bbox 1231 2817 1345 2887; x_wconf 89' lang='lat' dir='ltr'><strong>Deum</strong></span> <span class='ocrx_word' id='word_1_154' title='bbox 1368 2831 1480 2886; x_wconf 87' lang='lat' dir='ltr'><strong>aeter-</strong></span> 
     </span>
     <span class='ocr_line' id='line_1_24' title="bbox 496 2916 1480 3019; baseline -0.011 -22"><span class='ocrx_word' id='word_1_155' title='bbox 496 2953 583 2999; x_wconf 91' lang='lat' dir='ltr'><strong>num</strong></span> <span class='ocrx_word' id='word_1_156' title='bbox 606 2939 742 3019; x_wconf 88' lang='lat' dir='ltr'><strong>patrem</strong></span> <span class='ocrx_word' id='word_1_157' title='bbox 759 2922 908 2991; x_wconf 88' lang='lat' dir='ltr'><strong>Domini</strong></span> <span class='ocrx_word' id='word_1_158' title='bbox 930 2922 1043 2991; x_wconf 89' lang='lat' dir='ltr'><strong>nostri</strong></span> <span class='ocrx_word' id='word_1_159' title='bbox 1066 2918 1145 2992; x_wconf 85' lang='lat' dir='ltr'><strong>lesu</strong></span> <span class='ocrx_word' id='word_1_160' title='bbox 1166 2916 1301 2991; x_wconf 85' lang='lat' dir='ltr'><strong>Christi</strong></span> <span class='ocrx_word' id='word_1_161' title='bbox 1320 2932 1394 2989; x_wconf 89' lang='lat' dir='ltr'><strong>toto</strong></span> <span class='ocrx_word' id='word_1_162' title='bbox 1420 2942 1480 3009; x_wconf 92' lang='lat' dir='ltr'><strong>pe-</strong></span> 
     </span>
    </p>
   </div>
   <div class='ocr_carea' id='block_1_13' title="bbox 384 3020 1480 3110">
    <p class='ocr_par' dir='ltr' id='par_1_13' title="bbox 384 3020 1480 3110">
     <span class='ocr_line' id='line_1_25' title="bbox 384 3020 1480 3110; baseline -0.013 -8"><span class='ocrx_word' id='word_1_163' title='bbox 384 3031 386 3035; x_wconf 54' lang='grc'><strong>”</strong></span> <span class='ocrx_word' id='word_1_164' title='bbox 495 3044 593 3100; x_wconf 89' lang='lat' dir='ltr'><strong>ctore</strong></span> <span class='ocrx_word' id='word_1_165' title='bbox 608 3052 684 3110; x_wconf 92' lang='lat' dir='ltr'><strong>oro,</strong></span> <span class='ocrx_word' id='word_1_166' title='bbox 709 3039 748 3095; x_wconf 93' lang='lat' dir='ltr'><strong>ut</strong></span> <span class='ocrx_word' id='word_1_167' title='bbox 764 3037 798 3093; x_wconf 89' lang='lat' dir='ltr'><strong>et</strong></span> <span class='ocrx_word' id='word_1_168' title='bbox 812 3049 931 3094; x_wconf 90' lang='lat' dir='ltr'><strong>veram</strong></span> <span class='ocrx_word' id='word_1_169' title='bbox 948 3024 1062 3093; x_wconf 91' lang='lat' dir='ltr'><strong>lucem</strong></span> <span class='ocrx_word' id='word_1_170' title='bbox 1078 3023 1116 3091; x_wconf 93' lang='lat' dir='ltr'><strong>in</strong></span> <span class='ocrx_word' id='word_1_171' title='bbox 1134 3022 1296 3092; x_wconf 89' lang='lat' dir='ltr'><strong>omnium</strong></span> <span class='ocrx_word' id='word_1_172' title='bbox 1314 3020 1480 3089; x_wconf 84' lang='lat' dir='ltr'><strong>cordibus</strong></span> 
     </span>
    </p>
   </div>
   <div class='ocr_carea' id='block_1_14' title="bbox 492 3122 1481 5232">
    <p class='ocr_par' dir='ltr' id='par_1_14' title="bbox 492 3122 1481 4611">
     <span class='ocr_line' id='line_1_26' title="bbox 495 3122 1480 3216; baseline -0.01 -17"><span class='ocrx_word' id='word_1_173' title='bbox 495 3131 678 3210; x_wconf 87' lang='lat' dir='ltr'><strong>accendat,</strong></span> <span class='ocrx_word' id='word_1_174' title='bbox 703 3140 742 3197; x_wconf 91' lang='lat' dir='ltr'><strong>ut</strong></span> <span class='ocrx_word' id='word_1_175' title='bbox 761 3127 876 3216; x_wconf 87' lang='lat' dir='ltr'><strong>ipsum</strong></span> <span class='ocrx_word' id='word_1_176' title='bbox 893 3150 974 3195; x_wconf 85' lang='lat' dir='ltr'><strong>vere</strong></span> <span class='ocrx_word' id='word_1_177' title='bbox 990 3148 1240 3215; x_wconf 79' lang='lat' dir='ltr'><strong>agnoscamus,</strong></span> <span class='ocrx_word' id='word_1_178' title='bbox 1265 3122 1480 3191; x_wconf 87' lang='lat' dir='ltr'><strong>celebremus</strong></span> 
     </span>
     <span class='ocr_line' id='line_1_27' title="bbox 498 3223 1480 3312; baseline -0.006 -15"><span class='ocrx_word' id='word_1_179' title='bbox 498 3244 533 3297; x_wconf 86' lang='lat' dir='ltr'><strong>et</strong></span> <span class='ocrx_word' id='word_1_180' title='bbox 548 3229 774 3301; x_wconf 81' lang='lat' dir='ltr'><strong>invocemus,</strong></span> <span class='ocrx_word' id='word_1_181' title='bbox 800 3240 834 3292; x_wconf 91' lang='lat' dir='ltr'><strong>et</strong></span> <span class='ocrx_word' id='word_1_182' title='bbox 848 3227 1044 3293; x_wconf 90' lang='lat' dir='ltr'><strong>imbecilles</strong></span> <span class='ocrx_word' id='word_1_183' title='bbox 1058 3226 1181 3312; x_wconf 87' lang='lat' dir='ltr'><strong>erigat,</strong></span> <span class='ocrx_word' id='word_1_184' title='bbox 1206 3237 1240 3292; x_wconf 86' lang='lat' dir='ltr'><strong>et</strong></span> <span class='ocrx_word' id='word_1_185' title='bbox 1255 3223 1409 3302; x_wconf 90' lang='lat' dir='ltr'><strong>adiuvet,</strong></span> <span class='ocrx_word' id='word_1_186' title='bbox 1434 3247 1480 3291; x_wconf 89' lang='lat' dir='ltr'><strong>ne</strong></span> 
     </span>
     <span class='ocr_line' id='line_1_28' title="bbox 496 3322 1481 3406; baseline -0.003 -12"><span class='ocrx_word' id='word_1_187' title='bbox 496 3322 939 3394; x_wconf 80' lang='lat' dir='ltr'><strong>fluctibus&#39;dubitationum</strong></span> <span class='ocrx_word' id='word_1_188' title='bbox 954 3324 1085 3406; x_wconf 90' lang='lat' dir='ltr'><strong>obruti,</strong></span> <span class='ocrx_word' id='word_1_189' title='bbox 1106 3324 1289 3391; x_wconf 88' lang='lat' dir='ltr'><strong>veritatem</strong></span> <span class='ocrx_word' id='word_1_190' title='bbox 1307 3322 1481 3391; x_wconf 73' lang='lat' dir='ltr'><strong>amittant·</strong></span> 
     </span>
     <span class='ocr_line' id='line_1_29' title="bbox 494 3418 1481 3515; baseline -0.004 -22"><span class='ocrx_word' id='word_1_191' title='bbox 494 3424 587 3493; x_wconf 90' lang='lat' dir='ltr'><strong>Nam</strong></span> <span class='ocrx_word' id='word_1_192' title='bbox 610 3419 807 3515; x_wconf 89' lang='lat' dir='ltr'><strong>prophanis</strong></span> <span class='ocrx_word' id='word_1_193' title='bbox 836 3424 1015 3493; x_wconf 89' lang='lat' dir='ltr'><strong>mentibus</strong></span> <span class='ocrx_word' id='word_1_194' title='bbox 1041 3423 1172 3490; x_wconf 87' lang='lat' dir='ltr'><strong>frustra</strong></span> <span class='ocrx_word' id='word_1_195' title='bbox 1194 3418 1261 3489; x_wconf 91' lang='lat' dir='ltr'><strong>hae</strong></span> <span class='ocrx_word' id='word_1_196' title='bbox 1290 3422 1481 3490; x_wconf 87' lang='lat' dir='ltr'><strong>sententiae</strong></span> 
     </span>
     <span class='ocr_line' id='line_1_30' title="bbox 494 3515 1481 3619; baseline -0.001 -26"><span class='ocrx_word' id='word_1_197' title='bbox 494 3538 766 3615; x_wconf 89' lang='lat' dir='ltr'><strong>proponuntur,</strong></span> <span class='ocrx_word' id='word_1_198' title='bbox 793 3525 906 3593; x_wconf 88' lang='lat' dir='ltr'><strong>filium</strong></span> <span class='ocrx_word' id='word_1_199' title='bbox 921 3521 989 3592; x_wconf 91' lang='lat' dir='ltr'><strong>Dei</strong></span> <span class='ocrx_word' id='word_1_200' title='bbox 1008 3516 1122 3619; x_wconf 73' lang='grc' dir='ltr'><strong><em>λόγον</em></strong></span> <span class='ocrx_word' id='word_1_201' title='bbox 1134 3519 1198 3592; x_wconf 81' lang='grc' dir='ltr'><strong>καὶ</strong></span> <span class='ocrx_word' id='word_1_202' title='bbox 1217 3515 1343 3592; x_wconf 74' lang='grc' dir='ltr'><strong><em>εἰκόνα</em></strong></span> <span class='ocrx_word' id='word_1_203' title='bbox 1357 3516 1481 3593; x_wconf 68' lang='lat' dir='ltr'><strong>didace</strong></span> 
     </span>
     <span class='ocr_line' id='line_1_31' title="bbox 495 3619 1479 3718; baseline -0.008 -22"><span class='ocrx_word' id='word_1_204' title='bbox 495 3619 623 3696; x_wconf 63' lang='lat' dir='ltr'><strong>dedico</strong></span> <span class='ocrx_word' id='word_1_205' title='bbox 653 3619 809 3718; x_wconf 79' lang='grc' dir='ltr'><em>πατρὸς,</em></span> <span class='ocrx_word' id='word_1_206' title='bbox 843 3647 980 3711; x_wconf 86' lang='lat' dir='ltr'><strong>semper</strong></span> <span class='ocrx_word' id='word_1_207' title='bbox 1005 3625 1099 3710; x_wconf 91' lang='lat' dir='ltr'><strong>apud</strong></span> <span class='ocrx_word' id='word_1_208' title='bbox 1124 3636 1260 3709; x_wconf 89' lang='lat' dir='ltr'><strong>patrem</strong></span> <span class='ocrx_word' id='word_1_209' title='bbox 1281 3621 1405 3702; x_wconf 89' lang='lat' dir='ltr'><strong>fuisse,</strong></span> <span class='ocrx_word' id='word_1_210' title='bbox 1439 3645 1479 3688; x_wconf 92' lang='lat' dir='ltr'><strong>ac</strong></span> 
     </span>
     <span class='ocr_line' id='line_1_32' title="bbox 492 3717 1477 3818; baseline -0.008 -23"><span class='ocrx_word' id='word_1_211' title='bbox 492 3741 613 3818; x_wconf 88' lang='lat' dir='ltr'><strong>postea</strong></span> <span class='ocrx_word' id='word_1_212' title='bbox 629 3726 794 3793; x_wconf 93' lang='lat' dir='ltr'><strong>indutum</strong></span> <span class='ocrx_word' id='word_1_213' title='bbox 811 3717 965 3790; x_wconf 90' lang='lat' dir='ltr'><strong>humana</strong></span> <span class='ocrx_word' id='word_1_214' title='bbox 988 3732 1135 3803; x_wconf 91' lang='lat' dir='ltr'><strong>natura,</strong></span> <span class='ocrx_word' id='word_1_215' title='bbox 1160 3720 1346 3788; x_wconf 90' lang='lat' dir='ltr'><strong>nobiscum</strong></span> <span class='ocrx_word' id='word_1_216' title='bbox 1362 3743 1477 3789; x_wconf 89' lang='lat' dir='ltr'><strong>versa-</strong></span> 
     </span>
     <span class='ocr_line' id='line_1_33' title="bbox 495 3815 1477 3911; baseline -0.011 -11"><span class='ocrx_word' id='word_1_217' title='bbox 495 3842 570 3900; x_wconf 92' lang='lat' dir='ltr'><strong>tum</strong></span> <span class='ocrx_word' id='word_1_218' title='bbox 594 3851 683 3910; x_wconf 91' lang='lat' dir='ltr'><strong>esse,</strong></span> <span class='ocrx_word' id='word_1_219' title='bbox 708 3826 841 3894; x_wconf 86' lang='lat' dir='ltr'><strong>factum</strong></span> <span class='ocrx_word' id='word_1_220' title='bbox 865 3815 1017 3891; x_wconf 91' lang='lat' dir='ltr'><strong>hostiam</strong></span> <span class='ocrx_word' id='word_1_221' title='bbox 1039 3844 1103 3911; x_wconf 90' lang='lat' dir='ltr'><strong>pro</strong></span> <span class='ocrx_word' id='word_1_222' title='bbox 1127 3822 1249 3900; x_wconf 90' lang='lat' dir='ltr'><strong>nobis,</strong></span> <span class='ocrx_word' id='word_1_223' title='bbox 1266 3833 1310 3889; x_wconf 86' lang='lat' dir='ltr'><strong>et</strong></span> <span class='ocrx_word' id='word_1_224' title='bbox 1334 3844 1477 3890; x_wconf 90' lang='lat' dir='ltr'><strong>revoca·</strong></span> 
     </span>
     <span class='ocr_line' id='line_1_34' title="bbox 494 3920 1476 4012; baseline -0.008 -12"><span class='ocrx_word' id='word_1_225' title='bbox 494 3944 570 4000; x_wconf 90' lang='lat' dir='ltr'><strong>tum</strong></span> <span class='ocrx_word' id='word_1_226' title='bbox 593 3953 634 3997; x_wconf 87' lang='lat' dir='ltr'><strong>ex</strong></span> <span class='ocrx_word' id='word_1_227' title='bbox 658 3940 790 4011; x_wconf 89' lang='lat' dir='ltr'><strong>morte,</strong></span> <span class='ocrx_word' id='word_1_228' title='bbox 816 3948 911 3993; x_wconf 91' lang='lat' dir='ltr'><strong>nunc</strong></span> <span class='ocrx_word' id='word_1_229' title='bbox 926 3920 1120 3992; x_wconf 82' lang='lat' dir='ltr'><strong>Ecclesiam</strong></span> <span class='ocrx_word' id='word_1_230' title='bbox 1145 3945 1245 3990; x_wconf 92' lang='lat' dir='ltr'><strong>suam</strong></span> <span class='ocrx_word' id='word_1_231' title='bbox 1261 3920 1398 4012; x_wconf 89' lang='lat' dir='ltr'><strong>Spiritu</strong></span> <span class='ocrx_word' id='word_1_232' title='bbox 1413 3946 1476 3992; x_wconf 92' lang='lat' dir='ltr'><strong>suo</strong></span> 
     </span>
     <span class='ocr_line' id='line_1_35' title="bbox 495 4054 985 4121; baseline -0.006 -21"><span class='ocrx_word' id='word_1_233' title='bbox 495 4054 625 4121; x_wconf 86' lang='lat' dir='ltr'><strong>regere.</strong></span> <span class='ocrx_word' id='word_1_234' title='bbox 982 4091 985 4097; x_wconf 86' lang='lat'>.</span> 
     </span>
     <span class='ocr_line' id='line_1_36' title="bbox 594 4123 1478 4206; baseline -0.01 -6"><span class='ocrx_word' id='word_1_235' title='bbox 594 4130 693 4200; x_wconf 87' lang='lat' dir='ltr'><strong>Haec</strong></span> <span class='ocrx_word' id='word_1_236' title='bbox 710 4153 789 4199; x_wconf 92' lang='lat' dir='ltr'><strong>cum</strong></span> <span class='ocrx_word' id='word_1_237' title='bbox 807 4126 901 4197; x_wconf 88' lang='lat' dir='ltr'><strong>Deus</strong></span> <span class='ocrx_word' id='word_1_238' title='bbox 921 4123 1144 4194; x_wconf 89' lang='lat' dir='ltr'><strong>evidentibus</strong></span> <span class='ocrx_word' id='word_1_239' title='bbox 1165 4123 1396 4206; x_wconf 89' lang='lat' dir='ltr'><strong>testimoniis,</strong></span> <span class='ocrx_word' id='word_1_240' title='bbox 1422 4148 1478 4191; x_wconf 90' lang='lat' dir='ltr'><strong>re-</strong></span> 
     </span>
     <span class='ocr_line' id='line_1_37' title="bbox 494 4226 1479 4314; baseline -0.014 -8"><span class='ocrx_word' id='word_1_241' title='bbox 494 4234 719 4306; x_wconf 86' lang='lat' dir='ltr'><strong>suscitatione</strong></span> <span class='ocrx_word' id='word_1_242' title='bbox 742 4244 984 4305; x_wconf 87' lang='lat' dir='ltr'><strong>mortuorum,</strong></span> <span class='ocrx_word' id='word_1_243' title='bbox 1018 4242 1052 4295; x_wconf 91' lang='lat' dir='ltr'><strong>et</strong></span> <span class='ocrx_word' id='word_1_244' title='bbox 1073 4226 1152 4293; x_wconf 88' lang='lat' dir='ltr'><strong>aliis</strong></span> <span class='ocrx_word' id='word_1_245' title='bbox 1172 4226 1300 4314; x_wconf 90' lang='lat' dir='ltr'><strong>siguis,</strong></span> <span class='ocrx_word' id='word_1_246' title='bbox 1335 4248 1416 4292; x_wconf 90' lang='lat' dir='ltr'><strong>vera</strong></span> <span class='ocrx_word' id='word_1_247' title='bbox 1445 4237 1479 4292; x_wconf 93' lang='lat' dir='ltr'><strong>et</strong></span> 
     </span>
     <span class='ocr_line' id='line_1_38' title="bbox 496 4328 1476 4421; baseline -0.016 -14"><span class='ocrx_word' id='word_1_248' title='bbox 496 4349 589 4407; x_wconf 89' lang='lat' dir='ltr'><strong>certa</strong></span> <span class='ocrx_word' id='word_1_249' title='bbox 606 4358 678 4405; x_wconf 90' lang='lat' dir='ltr'><strong>esse</strong></span> <span class='ocrx_word' id='word_1_250' title='bbox 697 4331 908 4415; x_wconf 87' lang='lat' dir='ltr'><strong>ostenderit,</strong></span> <span class='ocrx_word' id='word_1_251' title='bbox 933 4350 998 4396; x_wconf 91' lang='lat' dir='ltr'><strong>nos</strong></span> <span class='ocrx_word' id='word_1_252' title='bbox 1023 4328 1164 4421; x_wconf 91' lang='lat' dir='ltr'><strong>quidem</strong></span> <span class='ocrx_word' id='word_1_253' title='bbox 1181 4348 1379 4396; x_wconf 87' lang='lat' dir='ltr'><strong>asseverare</strong></span> <span class='ocrx_word' id='word_1_254' title='bbox 1402 4348 1476 4392; x_wconf 92' lang='lat' dir='ltr'><strong>non</strong></span> 
     </span>
     <span class='ocr_line' id='line_1_39' title="bbox 495 4427 1478 4520; baseline -0.015 -11"><span class='ocrx_word' id='word_1_255' title='bbox 495 4439 717 4520; x_wconf 89' lang='lat' dir='ltr'><strong>dubitamus,</strong></span> <span class='ocrx_word' id='word_1_256' title='bbox 751 4448 786 4504; x_wconf 93' lang='lat' dir='ltr'><strong>et</strong></span> <span class='ocrx_word' id='word_1_257' title='bbox 812 4427 878 4501; x_wconf 88' lang='lat' dir='ltr'><strong>hac</strong></span> <span class='ocrx_word' id='word_1_258' title='bbox 911 4428 1128 4500; x_wconf 88' lang='lat' dir='ltr'><strong>confessione</strong></span> <span class='ocrx_word' id='word_1_259' title='bbox 1150 4428 1264 4500; x_wconf 91' lang='lat' dir='ltr'><strong>Deum</strong></span> <span class='ocrx_word' id='word_1_260' title='bbox 1295 4427 1478 4497; x_wconf 89' lang='lat' dir='ltr'><strong>celebran-</strong></span> 
     </span>
     <span class='ocr_line' id='line_1_40' title="bbox 495 4536 888 4611; baseline -0.02 -2"><span class='ocrx_word' id='word_1_261' title='bbox 495 4544 580 4611; x_wconf 91' lang='lat' dir='ltr'><strong>dum</strong></span> <span class='ocrx_word' id='word_1_262' title='bbox 596 4562 669 4609; x_wconf 87' lang='lat' dir='ltr'><strong>esse</strong></span> <span class='ocrx_word' id='word_1_263' title='bbox 683 4536 823 4606; x_wconf 88' lang='lat' dir='ltr'><strong>scimus.</strong></span> <span class='ocrx_word' id='word_1_264' title='bbox 884 4548 888 4557; x_wconf 89' lang='lat'><strong><em>‘</em></strong></span> 
     </span>
    </p>

    <p class='ocr_par' dir='ltr' id='par_1_15' title="bbox 494 4645 1479 5232">
     <span class='ocr_line' id='line_1_41' title="bbox 598 4645 1479 4746; baseline -0.015 -18"><span class='ocrx_word' id='word_1_265' title='bbox 598 4656 666 4729; x_wconf 86' lang='lat' dir='ltr'><strong>Sed</strong></span> <span class='ocrx_word' id='word_1_266' title='bbox 702 4648 896 4746; x_wconf 88' lang='lat' dir='ltr'><strong>prophanis</strong></span> <span class='ocrx_word' id='word_1_267' title='bbox 928 4645 1015 4720; x_wconf 89' lang='lat' dir='ltr'><strong>haec</strong></span> <span class='ocrx_word' id='word_1_268' title='bbox 1048 4647 1257 4717; x_wconf 87' lang='lat' dir='ltr'><strong>asseveratio</strong></span> <span class='ocrx_word' id='word_1_269' title='bbox 1284 4647 1409 4730; x_wconf 90' lang='lat' dir='ltr'><strong>stulta,</strong></span> <span class='ocrx_word' id='word_1_270' title='bbox 1444 4659 1479 4715; x_wconf 89' lang='lat' dir='ltr'><strong>et</strong></span> 
     </span>
     <span class='ocr_line' id='line_1_42' title="bbox 494 4749 1477 4854; baseline -0.014 -24"><span class='ocrx_word' id='word_1_271' title='bbox 494 4763 597 4854; x_wconf 92' lang='lat' dir='ltr'><strong>plena</strong></span> <span class='ocrx_word' id='word_1_272' title='bbox 621 4758 771 4829; x_wconf 91' lang='lat' dir='ltr'><strong>anilium</strong></span> <span class='ocrx_word' id='word_1_273' title='bbox 795 4754 1108 4823; x_wconf 88' lang='lat' dir='ltr'><strong>deliramentorum</strong></span> <span class='ocrx_word' id='word_1_274' title='bbox 1129 4749 1286 4833; x_wconf 90' lang='lat' dir='ltr'><strong>videtur,</strong></span> <span class='ocrx_word' id='word_1_275' title='bbox 1311 4750 1477 4818; x_wconf 90' lang='lat' dir='ltr'><strong>adversus</strong></span> 
     </span>
     <span class='ocr_line' id='line_1_43' title="bbox 497 4852 1479 4954; baseline -0.013 -22"><span class='ocrx_word' id='word_1_276' title='bbox 497 4886 583 4954; x_wconf 91' lang='lat' dir='ltr'><strong>quos</strong></span> <span class='ocrx_word' id='word_1_277' title='bbox 615 4885 689 4930; x_wconf 91' lang='lat' dir='ltr'><strong>non</strong></span> <span class='ocrx_word' id='word_1_278' title='bbox 720 4858 903 4927; x_wconf 88' lang='lat' dir='ltr'><strong>instituam</strong></span> <span class='ocrx_word' id='word_1_279' title='bbox 936 4852 1231 4943; x_wconf 89' lang='lat' dir='ltr'><strong>disputationem,</strong></span> <span class='ocrx_word' id='word_1_280' title='bbox 1270 4852 1329 4919; x_wconf 90' lang='lat' dir='ltr'><strong>sed</strong></span> <span class='ocrx_word' id='word_1_281' title='bbox 1361 4873 1417 4918; x_wconf 88' lang='lat' dir='ltr'><strong>me</strong></span> <span class='ocrx_word' id='word_1_282' title='bbox 1445 4863 1479 4919; x_wconf 92' lang='lat' dir='ltr'><strong>et</strong></span> 
     </span>
     <span class='ocr_line' id='line_1_44' title="bbox 500 4950 1476 5052; baseline -0.011 -24"><span class='ocrx_word' id='word_1_283' title='bbox 500 4961 586 5029; x_wconf 87' lang='lat' dir='ltr'><strong>alios</strong></span> <span class='ocrx_word' id='word_1_284' title='bbox 600 4964 676 5052; x_wconf 89' lang='lat' dir='ltr'><strong>pins</strong></span> <span class='ocrx_word' id='word_1_285' title='bbox 690 4956 881 5041; x_wconf 90' lang='lat' dir='ltr'><strong>adhortor,</strong></span> <span class='ocrx_word' id='word_1_286' title='bbox 906 4969 947 5026; x_wconf 94' lang='lat' dir='ltr'><strong>ut</strong></span> <span class='ocrx_word' id='word_1_287' title='bbox 962 4954 1123 5023; x_wconf 90' lang='lat' dir='ltr'><strong>miranda</strong></span> <span class='ocrx_word' id='word_1_288' title='bbox 1140 4950 1207 5021; x_wconf 86' lang='lat' dir='ltr'><strong>Dei</strong></span> <span class='ocrx_word' id='word_1_289' title='bbox 1220 4954 1308 5021; x_wconf 91' lang='lat' dir='ltr'><strong>facta</strong></span> <span class='ocrx_word' id='word_1_290' title='bbox 1325 4953 1476 5042; x_wconf 88' lang='lat' dir='ltr'><strong>plurima</strong></span> 
     </span>
     <span class='ocr_line' id='line_1_45' title="bbox 500 5054 1478 5146; baseline -0.01 -16"><span class='ocrx_word' id='word_1_291' title='bbox 500 5062 545 5130; x_wconf 86' lang='lat' dir='ltr'><strong>ad</strong></span> <span class='ocrx_word' id='word_1_292' title='bbox 561 5083 626 5128; x_wconf 90' lang='lat' dir='ltr'><strong>nos</strong></span> <span class='ocrx_word' id='word_1_293' title='bbox 648 5062 904 5131; x_wconf 84' lang='lat' dir='ltr'><strong>confirmandos</strong></span> <span class='ocrx_word' id='word_1_294' title='bbox 922 5057 1147 5146; x_wconf 87' lang='lat' dir='ltr'><strong>colligamus,</strong></span> <span class='ocrx_word' id='word_1_295' title='bbox 1173 5054 1302 5146; x_wconf 90' lang='lat' dir='ltr'><strong>quibus</strong></span> <span class='ocrx_word' id='word_1_296' title='bbox 1319 5054 1478 5122; x_wconf 90' lang='lat' dir='ltr'><strong>testimo-</strong></span> 
     </span>
     <span class='ocr_line' id='line_1_46' title="bbox 498 5158 1153 5232; baseline -0.006 0"><span class='ocrx_word' id='word_1_297' title='bbox 498 5163 559 5232; x_wconf 92' lang='lat' dir='ltr'><strong>nia</strong></span> <span class='ocrx_word' id='word_1_298' title='bbox 579 5161 757 5231; x_wconf 88' lang='lat' dir='ltr'><strong>doctrinae</strong></span> <span class='ocrx_word' id='word_1_299' title='bbox 772 5161 930 5232; x_wconf 88' lang='lat' dir='ltr'><strong>coelestis</strong></span> <span class='ocrx_word' id='word_1_300' title='bbox 950 5158 1043 5227; x_wconf 89' lang='lat' dir='ltr'><strong>edita</strong></span> <span class='ocrx_word' id='word_1_301' title='bbox 1059 5169 1153 5228; x_wconf 88' lang='lat' dir='ltr'><strong>suut.</strong></span> 
     </span>
    </p>
   </div>
   <div class='ocr_carea' id='block_1_15' title="bbox 599 5267 1477 5370">
    <p class='ocr_par' dir='ltr' id='par_1_16' title="bbox 599 5267 1477 5370">
     <span class='ocr_line' id='line_1_47' title="bbox 599 5267 1477 5370; baseline -0.014 -22"><span class='ocrx_word' id='word_1_302' title='bbox 599 5267 840 5348; x_wconf 76' lang='lat' dir='ltr'><strong>Eduxitlieus</strong></span> <span class='ocrx_word' id='word_1_303' title='bbox 854 5302 895 5347; x_wconf 86' lang='lat' dir='ltr'><strong>ex</strong></span> <span class='ocrx_word' id='word_1_304' title='bbox 908 5274 1066 5370; x_wconf 86' lang='lat' dir='ltr'><strong>Aegypto</strong></span> <span class='ocrx_word' id='word_1_305' title='bbox 1086 5272 1257 5363; x_wconf 92' lang='lat' dir='ltr'><strong>populum</strong></span> <span class='ocrx_word' id='word_1_306' title='bbox 1272 5269 1366 5340; x_wconf 93' lang='lat' dir='ltr'><strong>inter</strong></span> <span class='ocrx_word' id='word_1_307' title='bbox 1379 5283 1477 5339; x_wconf 91' lang='lat' dir='ltr'><strong>stan-</strong></span> 
     </span>
    </p>
   </div>
   <div class='ocr_carea' id='block_1_16' title="bbox 1535 922 2616 2224">
    <p class='ocr_par' dir='ltr' id='par_1_17' title="bbox 1535 922 2616 2224">
     <span class='ocr_line' id='line_1_48' title="bbox 1536 922 2520 1019; baseline 0.011 -27"><span class='ocrx_word' id='word_1_308' title='bbox 1536 923 1886 1016; x_wconf 60' lang='lat' dir='ltr'><strong>manaptfrenemns,</strong></span> <span class='ocrx_word' id='word_1_309' title='bbox 1920 937 1954 992; x_wconf 93' lang='lat' dir='ltr'><strong>et</strong></span> <span class='ocrx_word' id='word_1_310' title='bbox 1984 938 2024 993; x_wconf 93' lang='lat' dir='ltr'><strong>ut</strong></span> <span class='ocrx_word' id='word_1_311' title='bbox 2043 922 2174 994; x_wconf 85' lang='lat' dir='ltr'><strong>Paulus</strong></span> <span class='ocrx_word' id='word_1_312' title='bbox 2201 926 2333 1019; x_wconf 89' lang='lat' dir='ltr'><strong>inquit:</strong></span> <span class='ocrx_word' id='word_1_313' title='bbox 2368 926 2520 1003; x_wconf 88' lang='lat' dir='ltr'><strong>Vincula</strong></span> 
     </span>
     <span class='ocr_line' id='line_1_49' title="bbox 1537 1020 2475 1124; baseline 0.003 -33"><span class='ocrx_word' id='word_1_314' title='bbox 1537 1020 1931 1124; x_wconf 60' lang='lat' dir='ltr'><strong>iniiciarimbntbntibns</strong></span> <span class='ocrx_word' id='word_1_315' title='bbox 1947 1026 1983 1093; x_wconf 91' lang='lat' dir='ltr'><strong>in</strong></span> <span class='ocrx_word' id='word_1_316' title='bbox 2000 1026 2209 1119; x_wconf 88' lang='lat' dir='ltr'><strong>obsequium</strong></span> <span class='ocrx_word' id='word_1_317' title='bbox 2225 1023 2371 1103; x_wconf 86' lang='lat' dir='ltr'><strong>Christi.</strong></span> <span class='ocrx_word' id='word_1_318' title='bbox 2467 1080 2475 1094; x_wconf 94' lang='lat'>.</span> 
     </span>
     <span class='ocr_line' id='line_1_50' title="bbox 1625 1116 2520 1225; baseline 0.01 -32"><span class='ocrx_word' id='word_1_319' title='bbox 1625 1123 1722 1193; x_wconf 88' lang='lat' dir='ltr'><strong>Haec</strong></span> <span class='ocrx_word' id='word_1_320' title='bbox 1741 1116 2033 1225; x_wconf 59' lang='lat' dir='ltr'><strong>pra‘eiqnn&#39;itiojp</strong></span> <span class='ocrx_word' id='word_1_321' title='bbox 2054 1122 2122 1195; x_wconf 91' lang='lat' dir='ltr'><strong>hoc</strong></span> <span class='ocrx_word' id='word_1_322' title='bbox 2135 1128 2213 1197; x_wconf 92' lang='lat' dir='ltr'><strong>loco</strong></span> <span class='ocrx_word' id='word_1_323' title='bbox 2231 1130 2322 1197; x_wconf 91' lang='lat' dir='ltr'><strong>etde</strong></span> <span class='ocrx_word' id='word_1_324' title='bbox 2337 1125 2403 1200; x_wconf 89' lang='lat' dir='ltr'><strong>hac</strong></span> <span class='ocrx_word' id='word_1_325' title='bbox 2417 1156 2520 1203; x_wconf 82' lang='lat' dir='ltr'><strong>causa</strong></span> 
     </span>
     <span class='ocr_line' id='line_1_51' title="bbox 1537 1220 2520 1328; baseline 0.009 -34"><span class='ocrx_word' id='word_1_326' title='bbox 1537 1227 1730 1296; x_wconf 88' lang='lat' dir='ltr'><strong>necessaria</strong></span> <span class='ocrx_word' id='word_1_327' title='bbox 1746 1240 1808 1312; x_wconf 91' lang='lat' dir='ltr'><strong>est,</strong></span> <span class='ocrx_word' id='word_1_328' title='bbox 1827 1239 1865 1295; x_wconf 91' lang='lat' dir='ltr'><strong>ut</strong></span> <span class='ocrx_word' id='word_1_329' title='bbox 1879 1220 2274 1328; x_wconf 66' lang='lat' dir='ltr'><strong>propliiriqspuditores</strong></span> <span class='ocrx_word' id='word_1_330' title='bbox 2289 1230 2520 1317; x_wconf 86' lang='lat' dir='ltr'><strong>dimittamus,</strong></span> 
     </span>
     <span class='ocr_line' id='line_1_52' title="bbox 1538 1319 2520 1424; baseline 0.008 -28"><span class='ocrx_word' id='word_1_331' title='bbox 1538 1341 1573 1399; x_wconf 87' lang='lat' dir='ltr'><strong>et</strong></span> <span class='ocrx_word' id='word_1_332' title='bbox 1586 1329 1763 1422; x_wconf 88' lang='lat' dir='ltr'><strong>reliquum</strong></span> <span class='ocrx_word' id='word_1_333' title='bbox 1779 1341 1916 1397; x_wconf 89' lang='lat' dir='ltr'><strong>coetum</strong></span> <span class='ocrx_word' id='word_1_334' title='bbox 1932 1319 2520 1424; x_wconf 67' lang='lat' dir='ltr'><strong>piciumexuscitpnpusnobiscum,</strong></span> 
     </span>
     <span class='ocr_line' id='line_1_53' title="bbox 1538 1415 2520 1526; baseline 0.004 -28"><span class='ocrx_word' id='word_1_335' title='bbox 1538 1455 1611 1499; x_wconf 92' lang='lat' dir='ltr'><strong>non</strong></span> <span class='ocrx_word' id='word_1_336' title='bbox 1633 1434 1679 1499; x_wconf 92' lang='lat' dir='ltr'><strong>ad</strong></span> <span class='ocrx_word' id='word_1_337' title='bbox 1699 1430 1972 1521; x_wconf 87' lang='lat' dir='ltr'><strong>disputandum,</strong></span> <span class='ocrx_word' id='word_1_338' title='bbox 1994 1430 2052 1498; x_wconf 88' lang='lat' dir='ltr'><strong>sed</strong></span> <span class='ocrx_word' id='word_1_339' title='bbox 2071 1433 2115 1498; x_wconf 93' lang='lat' dir='ltr'><strong>ad</strong></span> <span class='ocrx_word' id='word_1_340' title='bbox 2136 1415 2338 1526; x_wconf 60' lang='lat' dir='ltr'><strong>g&#39;mtijrg&#39;sp&#39;q.</strong></span> <span class='ocrx_word' id='word_1_341' title='bbox 2347 1439 2520 1522; x_wconf 75' lang='lat' dir='ltr'><strong>actionem</strong></span> 
     </span>
     <span class='ocr_line' id='line_1_54' title="bbox 1538 1515 2523 1629; baseline 0.002 -29"><span class='ocrx_word' id='word_1_342' title='bbox 1538 1546 1571 1602; x_wconf 92' lang='lat' dir='ltr'><strong>et</strong></span> <span class='ocrx_word' id='word_1_343' title='bbox 1592 1532 1875 1618; x_wconf 82' lang='lat' dir='ltr'><strong>invocationem,</strong></span> <span class='ocrx_word' id='word_1_344' title='bbox 1900 1544 1940 1599; x_wconf 94' lang='lat' dir='ltr'><strong>ut</strong></span> <span class='ocrx_word' id='word_1_345' title='bbox 1965 1528 2085 1598; x_wconf 88' lang='lat' dir='ltr'><strong>Patres</strong></span> <span class='ocrx_word' id='word_1_346' title='bbox 2109 1554 2148 1599; x_wconf 93' lang='lat' dir='ltr'><strong>ac</strong></span> <span class='ocrx_word' id='word_1_347' title='bbox 2172 1515 2393 1624; x_wconf 66' lang='lat' dir='ltr'><strong>Prophetae}</strong></span> <span class='ocrx_word' id='word_1_348' title='bbox 2416 1544 2523 1629; x_wconf 36' lang='grc' dir='ltr'><strong>ἐκρεῖ</strong></span> 
     </span>
     <span class='ocr_line' id='line_1_55' title="bbox 1537 1617 2616 1720; baseline 0.006 -17"><span class='ocrx_word' id='word_1_349' title='bbox 1537 1634 1692 1705; x_wconf 91' lang='lat' dir='ltr'><strong>tiverunt</strong></span> <span class='ocrx_word' id='word_1_350' title='bbox 1713 1628 1809 1702; x_wconf 86' lang='lat' dir='ltr'><strong>hunc</strong></span> <span class='ocrx_word' id='word_1_351' title='bbox 1832 1633 2004 1710; x_wconf 92' lang='lat' dir='ltr'><strong>natalem,</strong></span> <span class='ocrx_word' id='word_1_352' title='bbox 2029 1643 2069 1699; x_wconf 91' lang='lat' dir='ltr'><strong>ut</strong></span> <span class='ocrx_word' id='word_1_353' title='bbox 2089 1630 2218 1720; x_wconf 86' lang='lat' dir='ltr'><strong>Angeli</strong></span> <span class='ocrx_word' id='word_1_354' title='bbox 2234 1649 2268 1704; x_wconf 91' lang='lat' dir='ltr'><strong>et</strong></span> <span class='ocrx_word' id='word_1_355' title='bbox 2290 1635 2418 1706; x_wconf 73' lang='lat' dir='ltr'><strong>receris&#39;</strong></span> <span class='ocrx_word' id='word_1_356' title='bbox 2430 1617 2518 1709; x_wconf 75' lang='lat' dir='ltr'><strong>bais</strong></span> <span class='ocrx_word' id='word_1_357' title='bbox 2614 1678 2616 1681; x_wconf 55' lang='lat'>&gt;</span> 
     </span>
     <span class='ocr_line' id='line_1_56' title="bbox 1536 1722 2519 1828; baseline 0.006 -25"><span class='ocrx_word' id='word_1_358' title='bbox 1536 1730 1699 1828; x_wconf 82' lang='lat' dir='ltr'><strong>Christo,</strong></span> <span class='ocrx_word' id='word_1_359' title='bbox 1725 1748 1759 1804; x_wconf 89' lang='lat' dir='ltr'><strong>et</strong></span> <span class='ocrx_word' id='word_1_360' title='bbox 1773 1758 1869 1803; x_wconf 92' lang='lat' dir='ltr'><strong>nunc</strong></span> <span class='ocrx_word' id='word_1_361' title='bbox 1890 1733 1929 1801; x_wconf 91' lang='lat' dir='ltr'><strong>in</strong></span> <span class='ocrx_word' id='word_1_362' title='bbox 1951 1727 2007 1801; x_wconf 90' lang='lat' dir='ltr'><strong>his</strong></span> <span class='ocrx_word' id='word_1_363' title='bbox 2022 1732 2119 1801; x_wconf 90' lang='lat' dir='ltr'><strong>feriis</strong></span> <span class='ocrx_word' id='word_1_364' title='bbox 2136 1727 2204 1802; x_wconf 93' lang='lat' dir='ltr'><strong>hoc</strong></span> <span class='ocrx_word' id='word_1_365' title='bbox 2227 1736 2351 1824; x_wconf 91' lang='lat' dir='ltr'><strong>ingens</strong></span> <span class='ocrx_word' id='word_1_366' title='bbox 2369 1736 2436 1807; x_wconf 92' lang='lat' dir='ltr'><strong>Dei</strong></span> <span class='ocrx_word' id='word_1_367' title='bbox 2458 1722 2519 1809; x_wconf 84' lang='lat' dir='ltr'><strong>be-</strong></span> 
     </span>
     <span class='ocr_line' id='line_1_57' title="bbox 1537 1830 2520 1919; baseline 0.005 -14"><span class='ocrx_word' id='word_1_368' title='bbox 1537 1837 1699 1907; x_wconf 85' lang='lat' dir='ltr'><strong>neficium</strong></span> <span class='ocrx_word' id='word_1_369' title='bbox 1723 1837 1920 1919; x_wconf 87' lang='lat' dir='ltr'><strong>celebrant,</strong></span> <span class='ocrx_word' id='word_1_370' title='bbox 1944 1848 1984 1903; x_wconf 93' lang='lat' dir='ltr'><strong>ut</strong></span> <span class='ocrx_word' id='word_1_371' title='bbox 2005 1832 2142 1917; x_wconf 87' lang='lat' dir='ltr'><strong>Maria,</strong></span> <span class='ocrx_word' id='word_1_372' title='bbox 2167 1830 2374 1918; x_wconf 86' lang='lat' dir='ltr'><strong>Zacharias,</strong></span> <span class='ocrx_word' id='word_1_373' title='bbox 2401 1842 2520 1910; x_wconf 89' lang='lat' dir='ltr'><strong>etalii</strong></span> 
     </span>
     <span class='ocr_line' id='line_1_58' title="bbox 1536 1934 2518 2029; baseline 0.005 -24"><span class='ocrx_word' id='word_1_374' title='bbox 1536 1939 1607 2029; x_wconf 91' lang='lat' dir='ltr'><strong>pii,</strong></span> <span class='ocrx_word' id='word_1_375' title='bbox 1632 1937 1708 2009; x_wconf 89' lang='lat' dir='ltr'><strong>Deo</strong></span> <span class='ocrx_word' id='word_1_376' title='bbox 1732 1937 1861 2025; x_wconf 87' lang='lat' dir='ltr'><strong>gratias</strong></span> <span class='ocrx_word' id='word_1_377' title='bbox 1884 1949 2029 2025; x_wconf 85' lang='lat' dir='ltr'><strong>egerunt</strong></span> <span class='ocrx_word' id='word_1_378' title='bbox 2053 1936 2115 2006; x_wconf 93' lang='lat' dir='ltr'><strong>illo</strong></span> <span class='ocrx_word' id='word_1_379' title='bbox 2138 1934 2215 2027; x_wconf 88' lang='lat' dir='ltr'><strong>ipso</strong></span> <span class='ocrx_word' id='word_1_380' title='bbox 2238 1950 2412 2026; x_wconf 86' lang='lat' dir='ltr'><strong>tempore,</strong></span> <span class='ocrx_word' id='word_1_381' title='bbox 2437 1967 2518 2012; x_wconf 89' lang='lat' dir='ltr'><strong>cum</strong></span> 
     </span>
     <span class='ocr_line' id='line_1_59' title="bbox 1535 2034 2518 2124; baseline 0.006 -15"><span class='ocrx_word' id='word_1_382' title='bbox 1535 2034 1717 2109; x_wconf 89' lang='lat' dir='ltr'><strong>Christum</strong></span> <span class='ocrx_word' id='word_1_383' title='bbox 1740 2036 1930 2117; x_wconf 90' lang='lat' dir='ltr'><strong>infantem,</strong></span> <span class='ocrx_word' id='word_1_384' title='bbox 1963 2037 2165 2107; x_wconf 90' lang='lat' dir='ltr'><strong>involutum</strong></span> <span class='ocrx_word' id='word_1_385' title='bbox 2182 2037 2369 2124; x_wconf 87' lang='lat' dir='ltr'><strong>fasciolis,</strong></span> <span class='ocrx_word' id='word_1_386' title='bbox 2401 2043 2518 2114; x_wconf 91' lang='lat' dir='ltr'><strong>intue-</strong></span> 
     </span>
     <span class='ocr_line' id='line_1_60' title="bbox 1537 2138 2388 2224; baseline 0 -13"><span class='ocrx_word' id='word_1_387' title='bbox 1537 2143 1686 2224; x_wconf 87' lang='lat' dir='ltr'><strong>bantur,</strong></span> <span class='ocrx_word' id='word_1_388' title='bbox 1711 2152 1745 2209; x_wconf 89' lang='lat' dir='ltr'><strong>et</strong></span> <span class='ocrx_word' id='word_1_389' title='bbox 1760 2138 1973 2207; x_wconf 90' lang='lat' dir='ltr'><strong>dulcissimis</strong></span> <span class='ocrx_word' id='word_1_390' title='bbox 1990 2138 2097 2206; x_wconf 89' lang='lat' dir='ltr'><strong>basiis</strong></span> <span class='ocrx_word' id='word_1_391' title='bbox 2113 2139 2322 2211; x_wconf 91' lang='lat' dir='ltr'><strong>salutabant.</strong></span> <span class='ocrx_word' id='word_1_392' title='bbox 2378 2148 2388 2164; x_wconf 83' lang='grc'><strong>”</strong></span> 
     </span>
    </p>
   </div>
   <div class='ocr_carea' id='block_1_17' title="bbox 1637 2236 2633 2330">
    <p class='ocr_par' dir='ltr' id='par_1_18' title="bbox 1637 2236 2633 2330">
     <span class='ocr_line' id='line_1_61' title="bbox 1637 2236 2633 2330; baseline 0.003 -19"><span class='ocrx_word' id='word_1_393' title='bbox 1637 2238 1695 2311; x_wconf 87' lang='lat' dir='ltr'><strong>Ad</strong></span> <span class='ocrx_word' id='word_1_394' title='bbox 1721 2236 1818 2310; x_wconf 89' lang='lat' dir='ltr'><strong>hunc</strong></span> <span class='ocrx_word' id='word_1_395' title='bbox 1843 2253 1980 2309; x_wconf 89' lang='lat' dir='ltr'><strong>coetum</strong></span> <span class='ocrx_word' id='word_1_396' title='bbox 2007 2262 2073 2307; x_wconf 92' lang='lat' dir='ltr'><strong>nos</strong></span> <span class='ocrx_word' id='word_1_397' title='bbox 2100 2239 2357 2330; x_wconf 79' lang='lat' dir='ltr'><strong>adiungamus,</strong></span> <span class='ocrx_word' id='word_1_398' title='bbox 2382 2244 2518 2313; x_wconf 90' lang='lat' dir='ltr'><strong>omissis</strong></span> <span class='ocrx_word' id='word_1_399' title='bbox 2631 2264 2633 2266; x_wconf 70' lang='grc'><strong><em>’</em></strong></span> 
     </span>
    </p>
   </div>
   <div class='ocr_carea' id='block_1_18' title="bbox 1530 2340 2586 3944">
    <p class='ocr_par' dir='ltr' id='par_1_19' title="bbox 1531 2340 2519 2634">
     <span class='ocr_line' id='line_1_62' title="bbox 1535 2340 2517 2436; baseline 0 -21"><span class='ocrx_word' id='word_1_400' title='bbox 1535 2342 1856 2436; x_wconf 90' lang='lat' dir='ltr'><strong>disputationibus,</strong></span> <span class='ocrx_word' id='word_1_401' title='bbox 1890 2365 1930 2410; x_wconf 91' lang='lat' dir='ltr'><strong>ac</strong></span> <span class='ocrx_word' id='word_1_402' title='bbox 1959 2364 2040 2409; x_wconf 89' lang='lat' dir='ltr'><strong>vera</strong></span> <span class='ocrx_word' id='word_1_403' title='bbox 2071 2340 2140 2409; x_wconf 83' lang='lat' dir='ltr'><strong>fide</strong></span> <span class='ocrx_word' id='word_1_404' title='bbox 2172 2341 2341 2415; x_wconf 87' lang='lat' dir='ltr'><strong>dicamus.</strong></span> <span class='ocrx_word' id='word_1_405' title='bbox 2401 2343 2517 2416; x_wconf 88' lang='lat' dir='ltr'><strong>Credo</strong></span> 
     </span>
     <span class='ocr_line' id='line_1_63' title="bbox 1533 2439 2519 2518; baseline 0.003 -3"><span class='ocrx_word' id='word_1_406' title='bbox 1533 2442 1626 2517; x_wconf 91' lang='lat' dir='ltr'><strong>hanc</strong></span> <span class='ocrx_word' id='word_1_407' title='bbox 1645 2468 1754 2515; x_wconf 90' lang='lat' dir='ltr'><strong>unam</strong></span> <span class='ocrx_word' id='word_1_408' title='bbox 1780 2443 1975 2513; x_wconf 88' lang='lat' dir='ltr'><strong>doctrinam</strong></span> <span class='ocrx_word' id='word_1_409' title='bbox 1997 2444 2040 2511; x_wconf 89' lang='lat' dir='ltr'><strong>de</strong></span> <span class='ocrx_word' id='word_1_410' title='bbox 2057 2439 2132 2510; x_wconf 90' lang='lat' dir='ltr'><strong>Deo</strong></span> <span class='ocrx_word' id='word_1_411' title='bbox 2157 2444 2320 2512; x_wconf 88' lang='lat' dir='ltr'><strong>traditam</strong></span> <span class='ocrx_word' id='word_1_412' title='bbox 2343 2446 2381 2513; x_wconf 90' lang='lat' dir='ltr'><strong>in</strong></span> <span class='ocrx_word' id='word_1_413' title='bbox 2396 2442 2519 2518; x_wconf 89' lang='lat' dir='ltr'><strong>Eccle-</strong></span> 
     </span>
     <span class='ocr_line' id='line_1_64' title="bbox 1531 2544 2517 2634; baseline -0.001 -16"><span class='ocrx_word' id='word_1_414' title='bbox 1531 2549 1603 2634; x_wconf 92' lang='lat' dir='ltr'><strong>sia,</strong></span> <span class='ocrx_word' id='word_1_415' title='bbox 1628 2547 1869 2616; x_wconf 88' lang='lat' dir='ltr'><strong>confirmatam</strong></span> <span class='ocrx_word' id='word_1_416' title='bbox 1883 2556 1936 2615; x_wconf 91' lang='lat' dir='ltr'><strong>tot</strong></span> <span class='ocrx_word' id='word_1_417' title='bbox 1957 2544 2151 2613; x_wconf 78' lang='lat' dir='ltr'><strong>manifestis</strong></span> <span class='ocrx_word' id='word_1_418' title='bbox 2170 2546 2383 2616; x_wconf 88' lang='lat' dir='ltr'><strong>testimoniis</strong></span> <span class='ocrx_word' id='word_1_419' title='bbox 2400 2572 2517 2617; x_wconf 86' lang='lat' dir='ltr'><strong>veram</strong></span> 
     </span>
    </p>

    <p class='ocr_par' dir='ltr' id='par_1_20' title="bbox 1530 2634 2586 3944">
     <span class='ocr_line' id='line_1_65' title="bbox 1533 2634 2586 2739; baseline -0.002 -20"><span class='ocrx_word' id='word_1_420' title='bbox 1533 2673 1622 2734; x_wconf 92' lang='lat' dir='ltr'><strong>esse,</strong></span> <span class='ocrx_word' id='word_1_421' title='bbox 1648 2650 1754 2718; x_wconf 92' lang='lat' dir='ltr'><strong>credo</strong></span> <span class='ocrx_word' id='word_1_422' title='bbox 1771 2660 1804 2716; x_wconf 90' lang='lat' dir='ltr'><strong>te</strong></span> <span class='ocrx_word' id='word_1_423' title='bbox 1816 2643 1932 2716; x_wconf 88' lang='lat' dir='ltr'><strong>Deum</strong></span> <span class='ocrx_word' id='word_1_424' title='bbox 1947 2659 2148 2725; x_wconf 90' lang='lat' dir='ltr'><strong>aeternum,</strong></span> <span class='ocrx_word' id='word_1_425' title='bbox 2175 2660 2208 2717; x_wconf 92' lang='lat' dir='ltr'><strong>et</strong></span> <span class='ocrx_word' id='word_1_426' title='bbox 2222 2647 2368 2718; x_wconf 91' lang='lat' dir='ltr'><strong>unicum</strong></span> <span class='ocrx_word' id='word_1_427' title='bbox 2384 2663 2517 2739; x_wconf 91' lang='lat' dir='ltr'><strong>patrem</strong></span> <span class='ocrx_word' id='word_1_428' title='bbox 2581 2634 2586 2642; x_wconf 60' lang='grc'><em>’</em></span> 
     </span>
     <span class='ocr_line' id='line_1_66' title="bbox 1531 2741 2518 2844; baseline -0.002 -23"><span class='ocrx_word' id='word_1_429' title='bbox 1531 2750 1681 2821; x_wconf 89' lang='lat' dir='ltr'><strong>Domini</strong></span> <span class='ocrx_word' id='word_1_430' title='bbox 1705 2748 1819 2819; x_wconf 86' lang='lat' dir='ltr'><strong>nostri</strong></span> <span class='ocrx_word' id='word_1_431' title='bbox 1840 2745 1920 2817; x_wconf 88' lang='lat' dir='ltr'><strong>lesu</strong></span> <span class='ocrx_word' id='word_1_432' title='bbox 1941 2741 2096 2831; x_wconf 88' lang='lat' dir='ltr'><strong>Christi,</strong></span> <span class='ocrx_word' id='word_1_433' title='bbox 2120 2748 2208 2817; x_wconf 90' lang='lat' dir='ltr'><strong>coeli</strong></span> <span class='ocrx_word' id='word_1_434' title='bbox 2232 2762 2416 2843; x_wconf 89' lang='lat' dir='ltr'><strong>terraeque</strong></span> <span class='ocrx_word' id='word_1_435' title='bbox 2439 2752 2518 2844; x_wconf 92' lang='lat' dir='ltr'><strong>opi-</strong></span> 
     </span>
     <span class='ocr_line' id='line_1_67' title="bbox 1533 2845 2517 2935; baseline 0 -14"><span class='ocrx_word' id='word_1_436' title='bbox 1533 2854 1649 2935; x_wconf 87' lang='lat' dir='ltr'><strong>ficem,</strong></span> <span class='ocrx_word' id='word_1_437' title='bbox 1674 2866 1709 2922; x_wconf 89' lang='lat' dir='ltr'><strong>et</strong></span> <span class='ocrx_word' id='word_1_438' title='bbox 1724 2849 1943 2921; x_wconf 89' lang='lat' dir='ltr'><strong>conditorem</strong></span> <span class='ocrx_word' id='word_1_439' title='bbox 1962 2845 2138 2918; x_wconf 85' lang='lat' dir='ltr'><strong>Ecclesiae</strong></span> <span class='ocrx_word' id='word_1_440' title='bbox 2161 2863 2260 2932; x_wconf 90' lang='lat' dir='ltr'><strong>tuae,</strong></span> <span class='ocrx_word' id='word_1_441' title='bbox 2286 2876 2368 2921; x_wconf 87' lang='lat' dir='ltr'><strong>vere</strong></span> <span class='ocrx_word' id='word_1_442' title='bbox 2383 2852 2517 2922; x_wconf 89' lang='lat' dir='ltr'><strong>misisse</strong></span> 
     </span>
     <span class='ocr_line' id='line_1_68' title="bbox 1532 2942 2518 3045; baseline 0.004 -24"><span class='ocrx_word' id='word_1_443' title='bbox 1532 2952 1644 3021; x_wconf 87' lang='lat' dir='ltr'><strong>lilium</strong></span> <span class='ocrx_word' id='word_1_444' title='bbox 1669 2944 1781 3045; x_wconf 79' lang='grc' dir='ltr'><em>λόγον</em></span> <span class='ocrx_word' id='word_1_445' title='bbox 1801 2946 1865 3020; x_wconf 80' lang='grc' dir='ltr'><strong>καὶ</strong></span> <span class='ocrx_word' id='word_1_446' title='bbox 1885 2942 2010 3021; x_wconf 72' lang='grc' dir='ltr'><strong><em>εἰκόνα</em></strong></span> <span class='ocrx_word' id='word_1_447' title='bbox 2033 2972 2101 3021; x_wconf 90' lang='grc' dir='ltr'><strong>σου</strong></span> <span class='ocrx_word' id='word_1_448' title='bbox 2116 2946 2259 3041; x_wconf 77' lang='grc' dir='ltr'><strong><em>ἀΐδιον,</em></strong></span> <span class='ocrx_word' id='word_1_449' title='bbox 2284 2967 2324 3023; x_wconf 94' lang='lat' dir='ltr'><strong>ut</strong></span> <span class='ocrx_word' id='word_1_450' title='bbox 2339 2970 2518 3045; x_wconf 86' lang='lat' dir='ltr'><strong>assumpta</strong></span> 
     </span>
     <span class='ocr_line' id='line_1_69' title="bbox 1533 3049 2518 3141; baseline 0.001 -19"><span class='ocrx_word' id='word_1_451' title='bbox 1533 3049 1687 3122; x_wconf 90' lang='lat' dir='ltr'><strong>humana</strong></span> <span class='ocrx_word' id='word_1_452' title='bbox 1705 3061 1830 3115; x_wconf 90' lang='lat' dir='ltr'><strong>natura</strong></span> <span class='ocrx_word' id='word_1_453' title='bbox 1845 3073 1885 3116; x_wconf 88' lang='lat' dir='ltr'><strong>ex</strong></span> <span class='ocrx_word' id='word_1_454' title='bbox 1897 3051 2035 3137; x_wconf 89' lang='lat' dir='ltr'><strong>virgine</strong></span> <span class='ocrx_word' id='word_1_455' title='bbox 2055 3049 2188 3130; x_wconf 88' lang='lat' dir='ltr'><strong>Maria,</strong></span> <span class='ocrx_word' id='word_1_456' title='bbox 2216 3077 2279 3141; x_wconf 91' lang='lat' dir='ltr'><strong>pro</strong></span> <span class='ocrx_word' id='word_1_457' title='bbox 2295 3054 2400 3123; x_wconf 91' lang='lat' dir='ltr'><strong>nobis</strong></span> <span class='ocrx_word' id='word_1_458' title='bbox 2416 3054 2518 3125; x_wconf 90' lang='lat' dir='ltr'><strong>victi-</strong></span> 
     </span>
     <span class='ocr_line' id='line_1_70' title="bbox 1533 3148 2517 3236; baseline -0.001 -13"><span class='ocrx_word' id='word_1_459' title='bbox 1533 3178 1589 3223; x_wconf 89' lang='lat' dir='ltr'><strong>ma</strong></span> <span class='ocrx_word' id='word_1_460' title='bbox 1614 3152 1729 3233; x_wconf 89' lang='lat' dir='ltr'><strong>lieret,</strong></span> <span class='ocrx_word' id='word_1_461' title='bbox 1755 3162 1789 3217; x_wconf 92' lang='lat' dir='ltr'><strong>et</strong></span> <span class='ocrx_word' id='word_1_462' title='bbox 1812 3148 1946 3236; x_wconf 88' lang='lat' dir='ltr'><strong>placata</strong></span> <span class='ocrx_word' id='word_1_463' title='bbox 1969 3148 2122 3227; x_wconf 79' lang='lat' dir='ltr'><strong>iratus,</strong></span> <span class='ocrx_word' id='word_1_464' title='bbox 2148 3152 2252 3221; x_wconf 87' lang='lat' dir='ltr'><strong>nobis</strong></span> <span class='ocrx_word' id='word_1_465' title='bbox 2274 3156 2437 3222; x_wconf 86' lang='lat' dir='ltr'><strong>redderet</strong></span> <span class='ocrx_word' id='word_1_466' title='bbox 2460 3157 2517 3223; x_wconf 90' lang='lat' dir='ltr'><strong>lu-</strong></span> 
     </span>
     <span class='ocr_line' id='line_1_71' title="bbox 1533 3246 2518 3338; baseline -0.001 -16"><span class='ocrx_word' id='word_1_467' title='bbox 1533 3279 1628 3334; x_wconf 88' lang='lat' dir='ltr'><strong>cem,</strong></span> <span class='ocrx_word' id='word_1_468' title='bbox 1651 3251 1838 3338; x_wconf 77' lang='lat' dir='ltr'><strong>iusticiam,</strong></span> <span class='ocrx_word' id='word_1_469' title='bbox 1865 3260 1900 3315; x_wconf 89' lang='lat' dir='ltr'><strong>et</strong></span> <span class='ocrx_word' id='word_1_470' title='bbox 1914 3246 2022 3313; x_wconf 89' lang='lat' dir='ltr'><strong>vitam</strong></span> <span class='ocrx_word' id='word_1_471' title='bbox 2040 3259 2229 3326; x_wconf 90' lang='lat' dir='ltr'><strong>aeternam,</strong></span> <span class='ocrx_word' id='word_1_472' title='bbox 2256 3263 2289 3317; x_wconf 90' lang='lat' dir='ltr'><strong>et</strong></span> <span class='ocrx_word' id='word_1_473' title='bbox 2306 3275 2370 3338; x_wconf 90' lang='lat' dir='ltr'><strong>pro</strong></span> <span class='ocrx_word' id='word_1_474' title='bbox 2388 3246 2443 3319; x_wconf 92' lang='lat' dir='ltr'><strong>his</strong></span> <span class='ocrx_word' id='word_1_475' title='bbox 2460 3254 2518 3321; x_wconf 91' lang='lat' dir='ltr'><strong>in-</strong></span> 
     </span>
     <span class='ocr_line' id='line_1_72' title="bbox 1532 3346 2517 3444; baseline 0.001 -20"><span class='ocrx_word' id='word_1_476' title='bbox 1532 3353 1696 3444; x_wconf 80' lang='lat' dir='ltr'><strong>gentibus</strong></span> <span class='ocrx_word' id='word_1_477' title='bbox 1720 3348 1898 3420; x_wconf 87' lang='lat' dir='ltr'><strong>beneficiis</strong></span> <span class='ocrx_word' id='word_1_478' title='bbox 1920 3347 1987 3416; x_wconf 89' lang='lat' dir='ltr'><strong>tibi</strong></span> <span class='ocrx_word' id='word_1_479' title='bbox 2008 3346 2139 3436; x_wconf 86' lang='lat' dir='ltr'><strong>gratias</strong></span> <span class='ocrx_word' id='word_1_480' title='bbox 2153 3369 2237 3437; x_wconf 87' lang='lat' dir='ltr'><strong>ago,</strong></span> <span class='ocrx_word' id='word_1_481' title='bbox 2261 3362 2295 3421; x_wconf 88' lang='lat' dir='ltr'><strong>et</strong></span> <span class='ocrx_word' id='word_1_482' title='bbox 2311 3353 2517 3424; x_wconf 83' lang='lat' dir='ltr'><strong>ardentibus</strong></span> 
     </span>
     <span class='ocr_line' id='line_1_73' title="bbox 1533 3446 2516 3539; baseline 0.001 -16"><span class='ocrx_word' id='word_1_483' title='bbox 1533 3455 1626 3523; x_wconf 92' lang='lat' dir='ltr'><strong>votis</strong></span> <span class='ocrx_word' id='word_1_484' title='bbox 1639 3477 1720 3534; x_wconf 92' lang='lat' dir='ltr'><strong>oro,</strong></span> <span class='ocrx_word' id='word_1_485' title='bbox 1745 3446 1845 3521; x_wconf 78' lang='lat' dir='ltr'><strong>ut&#39;in</strong></span> <span class='ocrx_word' id='word_1_486' title='bbox 1866 3473 1944 3517; x_wconf 89' lang='lat' dir='ltr'><strong>meo</strong></span> <span class='ocrx_word' id='word_1_487' title='bbox 1968 3462 2106 3539; x_wconf 88' lang='lat' dir='ltr'><strong>pectore</strong></span> <span class='ocrx_word' id='word_1_488' title='bbox 2128 3464 2162 3520; x_wconf 92' lang='lat' dir='ltr'><strong>et</strong></span> <span class='ocrx_word' id='word_1_489' title='bbox 2183 3452 2304 3521; x_wconf 90' lang='lat' dir='ltr'><strong>multis</strong></span> <span class='ocrx_word' id='word_1_490' title='bbox 2328 3452 2408 3521; x_wconf 90' lang='lat' dir='ltr'><strong>aliis</strong></span> <span class='ocrx_word' id='word_1_491' title='bbox 2430 3478 2516 3523; x_wconf 89' lang='lat' dir='ltr'><strong>con·</strong></span> 
     </span>
     <span class='ocr_line' id='line_1_74' title="bbox 1533 3549 2516 3640; baseline 0.003 -18"><span class='ocrx_word' id='word_1_492' title='bbox 1533 3559 1649 3623; x_wconf 87' lang='lat' dir='ltr'><strong>firmes</strong></span> <span class='ocrx_word' id='word_1_493' title='bbox 1664 3549 1756 3621; x_wconf 91' lang='lat' dir='ltr'><strong>banc</strong></span> <span class='ocrx_word' id='word_1_494' title='bbox 1770 3550 1999 3632; x_wconf 90' lang='lat' dir='ltr'><strong>sententiam,</strong></span> <span class='ocrx_word' id='word_1_495' title='bbox 2024 3572 2090 3618; x_wconf 93' lang='lat' dir='ltr'><strong>nos</strong></span> <span class='ocrx_word' id='word_1_496' title='bbox 2106 3573 2223 3640; x_wconf 90' lang='lat' dir='ltr'><strong>regas,</strong></span> <span class='ocrx_word' id='word_1_497' title='bbox 2249 3567 2290 3623; x_wconf 94' lang='lat' dir='ltr'><strong>ut</strong></span> <span class='ocrx_word' id='word_1_498' title='bbox 2306 3566 2340 3623; x_wconf 87' lang='lat' dir='ltr'><strong>te</strong></span> <span class='ocrx_word' id='word_1_499' title='bbox 2361 3555 2516 3625; x_wconf 88' lang='lat' dir='ltr'><strong>celebre·</strong></span> 
     </span>
     <span class='ocr_line' id='line_1_75' title="bbox 1531 3651 2516 3747; baseline 0.007 -27"><span class='ocrx_word' id='word_1_500' title='bbox 1531 3676 1629 3736; x_wconf 91' lang='lat' dir='ltr'><strong>mus,</strong></span> <span class='ocrx_word' id='word_1_501' title='bbox 1654 3677 1694 3720; x_wconf 92' lang='lat' dir='ltr'><strong>ac</strong></span> <span class='ocrx_word' id='word_1_502' title='bbox 1712 3652 1803 3720; x_wconf 88' lang='lat' dir='ltr'><strong>veris</strong></span> <span class='ocrx_word' id='word_1_503' title='bbox 1817 3651 1959 3734; x_wconf 87' lang='lat' dir='ltr'><strong>officiis,</strong></span> <span class='ocrx_word' id='word_1_504' title='bbox 1986 3674 2075 3744; x_wconf 90' lang='lat' dir='ltr'><strong>qnae</strong></span> <span class='ocrx_word' id='word_1_505' title='bbox 2089 3654 2281 3743; x_wconf 90' lang='lat' dir='ltr'><strong>approbas,</strong></span> <span class='ocrx_word' id='word_1_506' title='bbox 2305 3678 2442 3747; x_wconf 88' lang='lat' dir='ltr'><strong>semper</strong></span> <span class='ocrx_word' id='word_1_507' title='bbox 2456 3682 2516 3728; x_wconf 90' lang='lat' dir='ltr'><strong>co-</strong></span> 
     </span>
     <span class='ocr_line' id='line_1_76' title="bbox 1530 3755 2516 3844; baseline 0.007 -22"><span class='ocrx_word' id='word_1_508' title='bbox 1530 3755 1664 3838; x_wconf 90' lang='lat' dir='ltr'><strong>lamus,</strong></span> <span class='ocrx_word' id='word_1_509' title='bbox 1689 3767 1723 3824; x_wconf 91' lang='lat' dir='ltr'><strong>te</strong></span> <span class='ocrx_word' id='word_1_510' title='bbox 1744 3765 1886 3822; x_wconf 90' lang='lat' dir='ltr'><strong>nostrae</strong></span> <span class='ocrx_word' id='word_1_511' title='bbox 1905 3765 2042 3822; x_wconf 91' lang='lat' dir='ltr'><strong>mentes</strong></span> <span class='ocrx_word' id='word_1_512' title='bbox 2058 3766 2151 3822; x_wconf 91' lang='lat' dir='ltr'><strong>recte</strong></span> <span class='ocrx_word' id='word_1_513' title='bbox 2173 3773 2382 3844; x_wconf 87' lang='lat' dir='ltr'><strong>agnoscant,</strong></span> <span class='ocrx_word' id='word_1_514' title='bbox 2408 3771 2442 3827; x_wconf 93' lang='lat' dir='ltr'><strong>te</strong></span> <span class='ocrx_word' id='word_1_515' title='bbox 2458 3783 2516 3829; x_wconf 88' lang='lat' dir='ltr'><strong>so·</strong></span> 
     </span>
     <span class='ocr_line' id='line_1_77' title="bbox 1530 3854 2516 3944; baseline 0.008 -21"><span class='ocrx_word' id='word_1_516' title='bbox 1530 3871 1616 3926; x_wconf 89' lang='lat' dir='ltr'><strong>nent</strong></span> <span class='ocrx_word' id='word_1_517' title='bbox 1650 3870 1684 3926; x_wconf 90' lang='lat' dir='ltr'><strong>et</strong></span> <span class='ocrx_word' id='word_1_518' title='bbox 1720 3856 1866 3923; x_wconf 91' lang='lat' dir='ltr'><strong>laudent</strong></span> <span class='ocrx_word' id='word_1_519' title='bbox 1894 3867 2036 3925; x_wconf 87' lang='lat' dir='ltr'><strong>nostrae</strong></span> <span class='ocrx_word' id='word_1_520' title='bbox 2064 3854 2207 3944; x_wconf 87' lang='lat' dir='ltr'><strong>linguae</strong></span> <span class='ocrx_word' id='word_1_521' title='bbox 2232 3871 2265 3927; x_wconf 90' lang='lat' dir='ltr'><strong>et</strong></span> <span class='ocrx_word' id='word_1_522' title='bbox 2300 3858 2441 3939; x_wconf 89' lang='lat' dir='ltr'><strong>literae,</strong></span> <span class='ocrx_word' id='word_1_523' title='bbox 2481 3878 2516 3931; x_wconf 90' lang='lat' dir='ltr'><strong>et</strong></span> 
     </span>
    </p>
   </div>
   <div class='ocr_carea' id='block_1_19' title="bbox 1517 3953 2515 4054">
    <p class='ocr_par' dir='ltr' id='par_1_21' title="bbox 1517 3953 2515 4054">
     <span class='ocr_line' id='line_1_78' title="bbox 1517 3953 2515 4054; baseline 0.004 -28"><span class='ocrx_word' id='word_1_524' title='bbox 1517 3959 1731 4054; x_wconf 13' lang='lat' dir='ltr'><strong>*discernant</strong></span> <span class='ocrx_word' id='word_1_525' title='bbox 1747 3969 1782 4026; x_wconf 92' lang='lat' dir='ltr'><strong>te</strong></span> <span class='ocrx_word' id='word_1_526' title='bbox 1800 3979 1923 4025; x_wconf 88' lang='lat' dir='ltr'><strong>verum</strong></span> <span class='ocrx_word' id='word_1_527' title='bbox 1937 3953 2064 4040; x_wconf 90' lang='lat' dir='ltr'><strong>Deum,</strong></span> <span class='ocrx_word' id='word_1_528' title='bbox 2089 3981 2108 4025; x_wconf 91' lang='lat' dir='ltr'><strong>a</strong></span> <span class='ocrx_word' id='word_1_529' title='bbox 2125 3961 2380 4029; x_wconf 89' lang='lat' dir='ltr'><strong>commenticiis</strong></span> <span class='ocrx_word' id='word_1_530' title='bbox 2394 3964 2515 4030; x_wconf 89' lang='lat' dir='ltr'><strong>numi-</strong></span> 
     </span>
    </p>
   </div>
   <div class='ocr_carea' id='block_1_20' title="bbox 1530 4057 2515 4358">
    <p class='ocr_par' dir='ltr' id='par_1_22' title="bbox 1530 4057 2515 4358">
     <span class='ocr_line' id='line_1_79' title="bbox 1530 4057 2513 4149; baseline 0.004 -21"><span class='ocrx_word' id='word_1_531' title='bbox 1530 4060 1637 4129; x_wconf 92' lang='lat' dir='ltr'><strong>nibus</strong></span> <span class='ocrx_word' id='word_1_532' title='bbox 1651 4058 1802 4127; x_wconf 88' lang='lat' dir='ltr'><strong>aliarum</strong></span> <span class='ocrx_word' id='word_1_533' title='bbox 1822 4059 1999 4145; x_wconf 87' lang='lat' dir='ltr'><strong>gentium,</strong></span> <span class='ocrx_word' id='word_1_534' title='bbox 2025 4082 2115 4149; x_wconf 88' lang='lat' dir='ltr'><strong>quae</strong></span> <span class='ocrx_word' id='word_1_535' title='bbox 2131 4059 2260 4130; x_wconf 91' lang='lat' dir='ltr'><strong>nolunt</strong></span> <span class='ocrx_word' id='word_1_536' title='bbox 2284 4057 2380 4131; x_wconf 91' lang='lat' dir='ltr'><strong>hunc</strong></span> <span class='ocrx_word' id='word_1_537' title='bbox 2395 4061 2513 4132; x_wconf 89' lang='lat' dir='ltr'><strong>Deum</strong></span> 
     </span>
     <span class='ocr_line' id='line_1_80' title="bbox 1531 4155 2515 4256; baseline 0.006 -29"><span class='ocrx_word' id='word_1_538' title='bbox 1531 4161 1712 4242; x_wconf 91' lang='lat' dir='ltr'><strong>invocare,</strong></span> <span class='ocrx_word' id='word_1_539' title='bbox 1739 4159 1853 4249; x_wconf 90' lang='lat' dir='ltr'><strong>quise</strong></span> <span class='ocrx_word' id='word_1_540' title='bbox 1869 4161 1951 4226; x_wconf 92' lang='lat' dir='ltr'><strong>dato</strong></span> <span class='ocrx_word' id='word_1_541' title='bbox 1967 4155 2163 4248; x_wconf 86' lang='lat' dir='ltr'><strong>Evangelio</strong></span> <span class='ocrx_word' id='word_1_542' title='bbox 2186 4161 2223 4230; x_wconf 92' lang='lat' dir='ltr'><strong>in</strong></span> <span class='ocrx_word' id='word_1_543' title='bbox 2238 4159 2394 4234; x_wconf 87' lang='lat' dir='ltr'><strong>Ecclesia</strong></span> <span class='ocrx_word' id='word_1_544' title='bbox 2415 4177 2515 4256; x_wconf 88' lang='lat' dir='ltr'><strong>pate·</strong></span> 
     </span>
     <span class='ocr_line' id='line_1_81' title="bbox 1530 4258 2512 4358; baseline 0.006 -30"><span class='ocrx_word' id='word_1_545' title='bbox 1530 4261 1631 4343; x_wconf 84' lang='lat' dir='ltr'><strong>fecit,</strong></span> <span class='ocrx_word' id='word_1_546' title='bbox 1663 4272 1696 4327; x_wconf 90' lang='lat' dir='ltr'><strong>et</strong></span> <span class='ocrx_word' id='word_1_547' title='bbox 1726 4258 1969 4348; x_wconf 87' lang='lat' dir='ltr'><strong>obtemperent</strong></span> <span class='ocrx_word' id='word_1_548' title='bbox 1990 4271 2151 4329; x_wconf 87' lang='lat' dir='ltr'><strong>aeternae</strong></span> <span class='ocrx_word' id='word_1_549' title='bbox 2178 4263 2247 4353; x_wconf 89' lang='lat' dir='ltr'><strong>legi</strong></span> <span class='ocrx_word' id='word_1_550' title='bbox 2277 4279 2373 4350; x_wconf 88' lang='lat' dir='ltr'><strong>tuae,</strong></span> <span class='ocrx_word' id='word_1_551' title='bbox 2408 4289 2512 4358; x_wconf 90' lang='lat' dir='ltr'><strong>quam</strong></span> 
     </span>
    </p>
   </div>
   <div class='ocr_carea' id='block_1_21' title="bbox 1530 4358 2639 4443">
    <p class='ocr_par' dir='ltr' id='par_1_23' title="bbox 1530 4358 2639 4443">
     <span class='ocr_line' id='line_1_82' title="bbox 1530 4358 2639 4443; baseline 0.005 -14"><span class='ocrx_word' id='word_1_552' title='bbox 1530 4361 1635 4429; x_wconf 91' lang='lat' dir='ltr'><strong>uobis</strong></span> <span class='ocrx_word' id='word_1_553' title='bbox 1654 4358 1851 4443; x_wconf 88' lang='lat' dir='ltr'><strong>tradidisti,</strong></span> <span class='ocrx_word' id='word_1_554' title='bbox 1876 4372 2018 4429; x_wconf 88' lang='lat' dir='ltr'><strong>nostrae</strong></span> <span class='ocrx_word' id='word_1_555' title='bbox 2040 4360 2240 4434; x_wconf 86' lang='lat' dir='ltr'><strong>voluntates</strong></span> <span class='ocrx_word' id='word_1_556' title='bbox 2258 4379 2293 4434; x_wconf 91' lang='lat' dir='ltr'><strong>et</strong></span> <span class='ocrx_word' id='word_1_557' title='bbox 2308 4388 2430 4434; x_wconf 90' lang='lat' dir='ltr'><strong>sensus</strong></span> <span class='ocrx_word' id='word_1_558' title='bbox 2446 4390 2513 4436; x_wconf 89' lang='lat' dir='ltr'><strong>no·</strong></span> <span class='ocrx_word' id='word_1_559' title='bbox 2637 4388 2639 4393; x_wconf 80' lang='grc'><strong>’</strong></span> 
     </span>
    </p>
   </div>
   <div class='ocr_carea' id='block_1_22' title="bbox 1529 4459 2515 5356">
    <p class='ocr_par' dir='ltr' id='par_1_24' title="bbox 1529 4459 2513 4858">
     <span class='ocr_line' id='line_1_83' title="bbox 1530 4459 2511 4555; baseline 0.005 -24"><span class='ocrx_word' id='word_1_560' title='bbox 1530 4463 1604 4535; x_wconf 91' lang='lat' dir='ltr'><strong>stri.</strong></span> <span class='ocrx_word' id='word_1_561' title='bbox 1654 4459 1752 4530; x_wconf 91' lang='lat' dir='ltr'><strong>Haec</strong></span> <span class='ocrx_word' id='word_1_562' title='bbox 1776 4483 1857 4529; x_wconf 89' lang='lat' dir='ltr'><strong>vere</strong></span> <span class='ocrx_word' id='word_1_563' title='bbox 1880 4460 2001 4530; x_wconf 90' lang='lat' dir='ltr'><strong>divina</strong></span> <span class='ocrx_word' id='word_1_564' title='bbox 2023 4462 2116 4530; x_wconf 93' lang='lat' dir='ltr'><strong>bona</strong></span> <span class='ocrx_word' id='word_1_565' title='bbox 2137 4486 2157 4530; x_wconf 88' lang='lat' dir='ltr'><strong>a</strong></span> <span class='ocrx_word' id='word_1_566' title='bbox 2180 4476 2214 4532; x_wconf 89' lang='lat' dir='ltr'><strong>te</strong></span> <span class='ocrx_word' id='word_1_567' title='bbox 2238 4477 2382 4555; x_wconf 91' lang='lat' dir='ltr'><strong>propter</strong></span> <span class='ocrx_word' id='word_1_568' title='bbox 2400 4466 2511 4536; x_wconf 84' lang='lat' dir='ltr'><strong>filium</strong></span> 
     </span>
     <span class='ocr_line' id='line_1_84' title="bbox 1529 4560 2513 4657; baseline 0.001 -22"><span class='ocrx_word' id='word_1_569' title='bbox 1529 4578 1630 4635; x_wconf 91' lang='lat' dir='ltr'><strong>tuum</strong></span> <span class='ocrx_word' id='word_1_570' title='bbox 1652 4561 1850 4633; x_wconf 88' lang='lat' dir='ltr'><strong>Dominum</strong></span> <span class='ocrx_word' id='word_1_571' title='bbox 1878 4578 2039 4634; x_wconf 85' lang='lat' dir='ltr'><strong>nostrum</strong></span> <span class='ocrx_word' id='word_1_572' title='bbox 2073 4562 2188 4634; x_wconf 90' lang='lat' dir='ltr'><strong>lesum</strong></span> <span class='ocrx_word' id='word_1_573' title='bbox 2212 4560 2393 4637; x_wconf 89' lang='lat' dir='ltr'><strong>Christum</strong></span> <span class='ocrx_word' id='word_1_574' title='bbox 2422 4569 2513 4657; x_wconf 88' lang='lat' dir='ltr'><strong>peti-</strong></span> 
     </span>
     <span class='ocr_line' id='line_1_85' title="bbox 1530 4663 2512 4758; baseline 0.006 -24"><span class='ocrx_word' id='word_1_575' title='bbox 1530 4689 1628 4750; x_wconf 90' lang='lat' dir='ltr'><strong>mus,</strong></span> <span class='ocrx_word' id='word_1_576' title='bbox 1653 4688 1742 4757; x_wconf 87' lang='lat' dir='ltr'><strong>quae</strong></span> <span class='ocrx_word' id='word_1_577' title='bbox 1757 4677 1791 4733; x_wconf 89' lang='lat' dir='ltr'><strong>et</strong></span> <span class='ocrx_word' id='word_1_578' title='bbox 1804 4663 1858 4733; x_wconf 90' lang='lat' dir='ltr'><strong>vis</strong></span> <span class='ocrx_word' id='word_1_579' title='bbox 1876 4689 1895 4734; x_wconf 93' lang='lat' dir='ltr'><strong>a</strong></span> <span class='ocrx_word' id='word_1_580' title='bbox 1911 4679 1945 4735; x_wconf 92' lang='lat' dir='ltr'><strong>te</strong></span> <span class='ocrx_word' id='word_1_581' title='bbox 1959 4664 2032 4757; x_wconf 92' lang='lat' dir='ltr'><strong>peti</strong></span> <span class='ocrx_word' id='word_1_582' title='bbox 2047 4665 2253 4758; x_wconf 88' lang='lat' dir='ltr'><strong>praecipue,</strong></span> <span class='ocrx_word' id='word_1_583' title='bbox 2279 4680 2314 4738; x_wconf 88' lang='lat' dir='ltr'><strong>et</strong></span> <span class='ocrx_word' id='word_1_584' title='bbox 2329 4668 2425 4737; x_wconf 90' lang='lat' dir='ltr'><strong>solus</strong></span> <span class='ocrx_word' id='word_1_585' title='bbox 2441 4672 2512 4740; x_wconf 83' lang='lat' dir='ltr'><strong>lar·</strong></span> 
     </span>
     <span class='ocr_line' id='line_1_86' title="bbox 1529 4767 1722 4858; baseline 0.016 -23"><span class='ocrx_word' id='word_1_586' title='bbox 1529 4767 1597 4857; x_wconf 87' lang='lat' dir='ltr'><strong>giri</strong></span> <span class='ocrx_word' id='word_1_587' title='bbox 1611 4781 1722 4858; x_wconf 89' lang='lat' dir='ltr'><strong>potes.</strong></span> 
     </span>
    </p>

    <p class='ocr_par' dir='ltr' id='par_1_25' title="bbox 1529 4863 2515 5356">
     <span class='ocr_line' id='line_1_87' title="bbox 1631 4863 2512 4958; baseline 0.005 -20"><span class='ocrx_word' id='word_1_588' title='bbox 1631 4865 1689 4938; x_wconf 92' lang='lat' dir='ltr'><strong>llli</strong></span> <span class='ocrx_word' id='word_1_589' title='bbox 1712 4866 1839 4955; x_wconf 89' lang='lat' dir='ltr'><strong>igitur,</strong></span> <span class='ocrx_word' id='word_1_590' title='bbox 1861 4865 2046 4957; x_wconf 90' lang='lat' dir='ltr'><strong>inquibus</strong></span> <span class='ocrx_word' id='word_1_591' title='bbox 2070 4863 2155 4939; x_wconf 87' lang='lat' dir='ltr'><strong>haec</strong></span> <span class='ocrx_word' id='word_1_592' title='bbox 2177 4869 2263 4939; x_wconf 87' lang='lat' dir='ltr'><strong>fides</strong></span> <span class='ocrx_word' id='word_1_593' title='bbox 2284 4894 2426 4941; x_wconf 91' lang='lat' dir='ltr'><strong>accensa</strong></span> <span class='ocrx_word' id='word_1_594' title='bbox 2449 4888 2512 4958; x_wconf 90' lang='lat' dir='ltr'><strong>est,</strong></span> 
     </span>
     <span class='ocr_line' id='line_1_88' title="bbox 1529 4965 2512 5052; baseline 0.002 -12"><span class='ocrx_word' id='word_1_595' title='bbox 1529 4994 1626 5040; x_wconf 91' lang='lat' dir='ltr'><strong>nunc</strong></span> <span class='ocrx_word' id='word_1_596' title='bbox 1637 4968 1807 5041; x_wconf 87' lang='lat' dir='ltr'><strong>attentius</strong></span> <span class='ocrx_word' id='word_1_597' title='bbox 1823 4967 2060 5052; x_wconf 87' lang='lat' dir='ltr'><strong>considerent,</strong></span> <span class='ocrx_word' id='word_1_598' title='bbox 2085 4965 2153 5040; x_wconf 90' lang='lat' dir='ltr'><strong>hoc</strong></span> <span class='ocrx_word' id='word_1_599' title='bbox 2168 4972 2417 5042; x_wconf 91' lang='lat' dir='ltr'><strong>admirandum</strong></span> <span class='ocrx_word' id='word_1_600' title='bbox 2436 4976 2512 5043; x_wconf 88' lang='lat' dir='ltr'><strong>foe·</strong></span> 
     </span>
     <span class='ocr_line' id='line_1_89' title="bbox 1530 5064 2511 5163; baseline 0.004 -23"><span class='ocrx_word' id='word_1_601' title='bbox 1530 5075 1618 5156; x_wconf 89' lang='lat' dir='ltr'><strong>dus,</strong></span> <span class='ocrx_word' id='word_1_602' title='bbox 1643 5093 1715 5163; x_wconf 92' lang='lat' dir='ltr'><strong>quo</strong></span> <span class='ocrx_word' id='word_1_603' title='bbox 1737 5070 1775 5136; x_wconf 91' lang='lat' dir='ltr'><strong>in</strong></span> <span class='ocrx_word' id='word_1_604' title='bbox 1790 5069 1863 5135; x_wconf 89' lang='lat' dir='ltr'><strong>filio</strong></span> <span class='ocrx_word' id='word_1_605' title='bbox 1880 5064 1948 5136; x_wconf 90' lang='lat' dir='ltr'><strong>Dei</strong></span> <span class='ocrx_word' id='word_1_606' title='bbox 1964 5072 2125 5161; x_wconf 89' lang='lat' dir='ltr'><strong>copulata</strong></span> <span class='ocrx_word' id='word_1_607' title='bbox 2143 5086 2194 5142; x_wconf 87' lang='lat' dir='ltr'><strong>est</strong></span> <span class='ocrx_word' id='word_1_608' title='bbox 2215 5066 2370 5143; x_wconf 89' lang='lat' dir='ltr'><strong>humana</strong></span> <span class='ocrx_word' id='word_1_609' title='bbox 2385 5091 2511 5146; x_wconf 91' lang='lat' dir='ltr'><strong>natura</strong></span> 
     </span>
     <span class='ocr_line' id='line_1_90' title="bbox 1530 5165 2514 5262; baseline 0 -18"><span class='ocrx_word' id='word_1_610' title='bbox 1530 5197 1610 5244; x_wconf 91' lang='lat' dir='ltr'><strong>cum</strong></span> <span class='ocrx_word' id='word_1_611' title='bbox 1626 5173 1756 5242; x_wconf 86' lang='lat' dir='ltr'><strong>divina.</strong></span> <span class='ocrx_word' id='word_1_612' title='bbox 1801 5165 1926 5262; x_wconf 86' lang='lat' dir='ltr'><strong>¹Etiam</strong></span> <span class='ocrx_word' id='word_1_613' title='bbox 1943 5194 2021 5238; x_wconf 91' lang='lat' dir='ltr'><strong>cum</strong></span> <span class='ocrx_word' id='word_1_614' title='bbox 2038 5173 2237 5242; x_wconf 90' lang='lat' dir='ltr'><strong>testimonia</strong></span> <span class='ocrx_word' id='word_1_615' title='bbox 2260 5174 2411 5245; x_wconf 90' lang='lat' dir='ltr'><strong>illustria</strong></span> <span class='ocrx_word' id='word_1_616' title='bbox 2425 5202 2514 5246; x_wconf 89' lang='lat' dir='ltr'><strong>con-</strong></span> 
     </span>
     <span class='ocr_line' id='line_1_91' title="bbox 1531 5273 2515 5356; baseline 0.002 -15"><span class='ocrx_word' id='word_1_617' title='bbox 1531 5274 1680 5343; x_wconf 89' lang='lat' dir='ltr'><strong>vicerint</strong></span> <span class='ocrx_word' id='word_1_618' title='bbox 1704 5284 1837 5341; x_wconf 88' lang='lat' dir='ltr'><strong>mentes</strong></span> <span class='ocrx_word' id='word_1_619' title='bbox 1859 5283 2017 5356; x_wconf 88' lang='lat' dir='ltr'><strong>nostras,</strong></span> <span class='ocrx_word' id='word_1_620' title='bbox 2044 5287 2084 5343; x_wconf 92' lang='lat' dir='ltr'><strong>ut</strong></span> <span class='ocrx_word' id='word_1_621' title='bbox 2106 5273 2284 5345; x_wconf 83' lang='lat' dir='ltr'><strong>fateantur</strong></span> <span class='ocrx_word' id='word_1_622' title='bbox 2299 5301 2371 5346; x_wconf 89' lang='lat' dir='ltr'><strong>esse</strong></span> <span class='ocrx_word' id='word_1_623' title='bbox 2389 5277 2515 5356; x_wconf 87' lang='lat' dir='ltr'><strong>Deum,</strong></span> 
     </span>
    </p>
   </div>
   <div class='ocr_carea' id='block_1_23' title="bbox 496 5369 2514 5574">
    <p class='ocr_par' dir='ltr' id='par_1_26' title="bbox 496 5369 2514 5574">
     <span class='ocr_line' id='line_1_92' title="bbox 497 5369 2513 5472; baseline -0.005 -18"><span class='ocrx_word' id='word_1_624' title='bbox 497 5398 548 5455; x_wconf 89' lang='lat' dir='ltr'><strong>tes</strong></span> <span class='ocrx_word' id='word_1_625' title='bbox 582 5401 713 5472; x_wconf 89' lang='lat' dir='ltr'><strong>aquas,</strong></span> <span class='ocrx_word' id='word_1_626' title='bbox 752 5379 852 5449; x_wconf 84' lang='lat' dir='ltr'><strong>scidit</strong></span> <span class='ocrx_word' id='word_1_627' title='bbox 884 5379 1042 5467; x_wconf 88' lang='lat' dir='ltr'><strong>ingentes</strong></span> <span class='ocrx_word' id='word_1_628' title='bbox 1075 5375 1255 5464; x_wconf 90' lang='lat' dir='ltr'><strong>scopulos,</strong></span> <span class='ocrx_word' id='word_1_629' title='bbox 1288 5385 1322 5440; x_wconf 92' lang='lat' dir='ltr'><strong>et</strong></span> <span class='ocrx_word' id='word_1_630' title='bbox 1354 5369 1481 5441; x_wconf 88' lang='lat' dir='ltr'><strong>effudit</strong></span> <span class='ocrx_word' id='word_1_631' title='bbox 1531 5389 1566 5445; x_wconf 89' lang='lat' dir='ltr'><strong>et</strong></span> <span class='ocrx_word' id='word_1_632' title='bbox 1589 5397 1662 5444; x_wconf 88' lang='lat' dir='ltr'><strong>esse</strong></span> <span class='ocrx_word' id='word_1_633' title='bbox 1688 5375 1900 5466; x_wconf 87' lang='lat' dir='ltr'><strong>sapientem,</strong></span> <span class='ocrx_word' id='word_1_634' title='bbox 1933 5375 2087 5458; x_wconf 91' lang='lat' dir='ltr'><strong>bonum,</strong></span> <span class='ocrx_word' id='word_1_635' title='bbox 2121 5374 2273 5458; x_wconf 89' lang='lat' dir='ltr'><strong>iustum,</strong></span> <span class='ocrx_word' id='word_1_636' title='bbox 2308 5379 2513 5470; x_wconf 85' lang='lat' dir='ltr'><strong>punientem</strong></span> 
     </span>
     <span class='ocr_line' id='line_1_93' title="bbox 496 5474 2514 5574; baseline -0.004 -22"><span class='ocrx_word' id='word_1_637' title='bbox 496 5506 624 5574; x_wconf 90' lang='lat' dir='ltr'><strong>magna</strong></span> <span class='ocrx_word' id='word_1_638' title='bbox 638 5503 811 5574; x_wconf 87' lang='lat' dir='ltr'><strong>aquarum</strong></span> <span class='ocrx_word' id='word_1_639' title='bbox 828 5478 984 5562; x_wconf 79' lang='lat' dir='ltr'><strong>flumina,</strong></span> <span class='ocrx_word' id='word_1_640' title='bbox 1005 5477 1096 5570; x_wconf 89' lang='lat' dir='ltr'><strong>pluit</strong></span> <span class='ocrx_word' id='word_1_641' title='bbox 1111 5499 1218 5564; x_wconf 87' lang='lat' dir='ltr'><strong>grana</strong></span> <span class='ocrx_word' id='word_1_642' title='bbox 1234 5478 1278 5545; x_wconf 90' lang='lat' dir='ltr'><strong>de</strong></span> <span class='ocrx_word' id='word_1_643' title='bbox 1293 5474 1402 5557; x_wconf 91' lang='lat' dir='ltr'><strong>coelo,</strong></span> <span class='ocrx_word' id='word_1_644' title='bbox 1424 5498 1482 5542; x_wconf 90' lang='lat' dir='ltr'><strong>re·</strong></span> <span class='ocrx_word' id='word_1_645' title='bbox 1533 5477 1734 5560; x_wconf 88' lang='lat' dir='ltr'><strong>sceleratos,</strong></span> <span class='ocrx_word' id='word_1_646' title='bbox 1759 5488 1792 5544; x_wconf 89' lang='lat' dir='ltr'><strong>et</strong></span> <span class='ocrx_word' id='word_1_647' title='bbox 1815 5488 2015 5563; x_wconf 90' lang='lat' dir='ltr'><strong>parcentem</strong></span> <span class='ocrx_word' id='word_1_648' title='bbox 2039 5501 2078 5545; x_wconf 93' lang='lat' dir='ltr'><strong>ac</strong></span> <span class='ocrx_word' id='word_1_649' title='bbox 2092 5477 2365 5550; x_wconf 84' lang='lat' dir='ltr'><strong>benefacientem</strong></span> <span class='ocrx_word' id='word_1_650' title='bbox 2384 5478 2514 5568; x_wconf 91' lang='lat' dir='ltr'><strong>aliqui-</strong></span> 
     </span>
    </p>
   </div>
   <div class='ocr_carea' id='block_1_24' title="bbox 498 5573 2515 5744">
    <p class='ocr_par' dir='ltr' id='par_1_27' title="bbox 498 5573 2515 5744">
     <span class='ocr_line' id='line_1_94' title="bbox 498 5573 2515 5670; baseline -0.004 -16"><span class='ocrx_word' id='word_1_651' title='bbox 498 5584 637 5656; x_wconf 87' lang='lat' dir='ltr'><strong>vocavit</strong></span> <span class='ocrx_word' id='word_1_652' title='bbox 650 5582 783 5652; x_wconf 88' lang='lat' dir='ltr'><strong>multos</strong></span> <span class='ocrx_word' id='word_1_653' title='bbox 798 5604 839 5649; x_wconf 89' lang='lat' dir='ltr'><strong>ex</strong></span> <span class='ocrx_word' id='word_1_654' title='bbox 855 5592 966 5648; x_wconf 90' lang='lat' dir='ltr'><strong>morte</strong></span> <span class='ocrx_word' id='word_1_655' title='bbox 977 5578 1124 5647; x_wconf 88' lang='lat' dir='ltr'><strong>diversis</strong></span> <span class='ocrx_word' id='word_1_656' title='bbox 1138 5578 1366 5670; x_wconf 85' lang='lat' dir='ltr'><strong>temporibus,</strong></span> <span class='ocrx_word' id='word_1_657' title='bbox 1386 5573 1482 5645; x_wconf 86' lang='lat' dir='ltr'><strong>llaec</strong></span> <span class='ocrx_word' id='word_1_658' title='bbox 1535 5582 1601 5650; x_wconf 90' lang='lat' dir='ltr'><strong>bus</strong></span> <span class='ocrx_word' id='word_1_659' title='bbox 1623 5578 1914 5662; x_wconf 82' lang='lat' dir='ltr'><strong>modestioribus,</strong></span> <span class='ocrx_word' id='word_1_660' title='bbox 1939 5592 2056 5649; x_wconf 87' lang='lat' dir='ltr'><strong>tamen</strong></span> <span class='ocrx_word' id='word_1_661' title='bbox 2079 5581 2319 5652; x_wconf 75' lang='lat' dir='ltr'><strong>excruciemur</strong></span> <span class='ocrx_word' id='word_1_662' title='bbox 2338 5577 2391 5647; x_wconf 82' lang='lat' dir='ltr'><strong>his</strong></span> <span class='ocrx_word' id='word_1_663' title='bbox 2408 5579 2515 5664; x_wconf 87' lang='lat' dir='ltr'><strong>curis,</strong></span> 
     </span>
     <span class='ocr_line' id='line_1_95' title="bbox 1941 5677 1991 5744; baseline 0 -20"><span class='ocrx_word' id='word_1_664' title='bbox 1941 5677 1991 5744; x_wconf 72' lang='lat'><strong>7*</strong></span> 
     </span>
    </p>
   </div>
   <div class='ocr_carea' id='block_1_25' title="bbox 0 0 3018 6775">
    <p class='ocr_par' dir='ltr' id='par_1_28' title="bbox 0 0 3018 6775">
     <span class='ocr_line' id='line_1_96' title="bbox 0 0 3018 6775; baseline 0 1"><span class='ocrx_word' id='word_1_665' title='bbox 0 0 3018 6775; x_wconf 95' lang='lat' dir='ltr'><strong> </strong></span> 
     </span>
    </p>
   </div>
  </div>
 </body>
</html>
