6025 6775
346 469 482 590 ἰιι
928 494 1852 582 oncnunsccuasmcuntsrr.
2144 591 2147 598 ,
2344 525 2421 599 sao
2511 457 2515 462 ⁵

408 707 467 774 gas
481 684 568 768 tide,
593 675 824 759 confessione,
850 670 1074 742 invocatione
1089 682 1123 739 et
1137 669 1273 753 officiis,
1299 693 1389 762 quae
1436 675 1608 745 tuendum
1638 689 1699 749 εει.
1758 675 1806 750 Ει
1834 703 2036 776 quanquam
2067 684 2173 756 bonis
2201 692 2284 760 mali
2315 695 2417 767 mpffi

408 788 453 854 ad
487 784 563 856 eius
595 775 900 851 conservationem
931 770 1030 843 Deus
1068 771 1238 861 praestari
1276 771 1388 846 iussit.
1436 788 1536 845 sunt:
1567 788 1685 845 tamen
1719 801 1856 871 semper
1886 783 2014 876 aliquis
2037 800 2156 857 coetus
2179 803 2229 870 εει
2258 795 2415 866 veritatis

408 882 496 954 Vult
518 881 615 954 Deus
639 895 673 950 te
695 901 777 948 suae
799 872 975 945 Ecclesiae
998 871 1110 940 civem
1134 883 1169 941 et
1190 872 1388 941 communis
1436 890 1565 949 custos.
1617 875 1658 946 ln
1683 883 1835 951 secunda
1850 877 2028 973 Ephesina
2052 890 2210 980 syuodo,
2237 915 2326 982 quae
2351 920 2416 963 uo-

407 984 554 1055 militiae
572 982 708 1052 socium
725 998 894 1059 essenon
911 969 1151 1055 hostem,non
1163 972 1389 1062 parricidam,
1437 977 1594 1049 minatur
1618 977 1811 1077 ληστιρκὴ,
1843 980 2051 1078 Byzantium
2077 984 2291 1081 Episcopum
2324 1011 2417 1063 recte

408 1109 483 1153 non
499 1087 714 1154 desertorem
731 1091 763 1147 et
780 1074 1004 1163 transfugam.
1032 1069 1116 1141 Ideo
1132 1071 1301 1162 scriptum
1317 1088 1384 1144 est:
1434 1079 1644 1147 sentientem
1665 1080 1818 1153 calcibus
1842 1083 1892 1153 ita
1914 1087 2083 1177 percussit
2108 1087 2354 1163 Antiochcnus
2377 1096 2416 1164 in

375 1247 383 1266 ,
407 1183 567 1254 Plautati
584 1183 620 1250 in
635 1183 736 1251 domo
745 1174 911 1259 Domini,
936 1173 975 1242 in
989 1173 1088 1243 atriis
1104 1174 1230 1242 domus
1238 1170 1305 1241 Dei
1320 1198 1388 1243 no·
1435 1179 1580 1269 publico
1593 1203 1770 1267 consessu,
1784 1197 1825 1253 ut
1838 1184 1930 1255 incra
1946 1185 2101 1257 triduum
2119 1212 2225 1260 senex
2242 1195 2415 1265 minem,

409 1283 475 1354 stri
492 1284 676 1352 florebunt.
719 1275 825 1346 ltem:
850 1272 954 1346 Beati
973 1273 1036 1369 qui
1051 1268 1214 1344 habitant
1228 1275 1266 1341 in
1280 1275 1386 1343 domo
1435 1280 1492 1353 sit.
1542 1275 1655 1350 Erant
1677 1295 1794 1351 tamen
1816 1285 1879 1353 alii
1900 1301 1993 1355 recte
2023 1290 2234 1376 sentientes,
2266 1306 2300 1363 ει
2330 1297 2414 1367 vicit

409 1382 640 1455 tuaDomine.
662 1373 1033 1449 EtPsal.26.:Unum
1050 1368 1118 1444 hoc
1134 1371 1387 1465 petiiaDomi·
1435 1381 1734 1456 tandemveritas.
1785 1382 1882 1455 Haec
1896 1390 2080 1475 cogitanda
2097 1405 2180 1462 sunt
2196 1394 2334 1487 quoties
2357 1420 2415 1466 re-

411 1508 478 1563 ¹¹01
503 1495 541 1552 ut
557 1476 711 1550 habilem
729 1478 767 1545 51¹
787 1480 895 1547 domo
911 1476 1061 1547 Domini
1079 1475 1244 1544 omnibus
1260 1476 1386 1564 (liebus
1435 1482 1583 1550 citamus
1605 1483 1756 1552 dictum:
1791 1482 1908 1556 Credo
1933 1510 2006 1557 esse
2027 1488 2191 1562 Sanctam
2218 1489 2413 1565 Ecclesiam

409 1586 497 1653 vitae
510 1602 617 1651 meae.
643 1577 808 1649 Necvero
823 1592 963 1650 tantum
972 1578 1032 1650 liat
1043 1575 1221 1645 adiunctio
1235 1579 1279 1645 ad
1295 1571 1386 1646 hanc
1434 1576 1672 1667 catholicam,
1705 1584 1789 1653 lacti
1812 1584 1888 1657 Deo
1910 1589 2039 1675 gratias
2060 1613 2221 1680 agamus,
2254 1598 2348 1686 quod
2373 1597 2413 1665 in

407 1705 525 1751 veram
533 1677 741 1764 Ecclesiam,
755 1681 814 1749 sed
828 1680 932 1750 etiam
947 1677 1102 1748 studium
1112 1677 1157 1747 sit
1171 1678 1386 1746 inomnibus
1434 1681 1542 1750 tantis
1555 1683 1710 1753 dissidiis
1727 1701 1869 1777 propter
1883 1689 1997 1759 filium
2018 1705 2132 1762 servat
2152 1695 2304 1786 aliquem
2332 1721 2412 1767 coe-

406 1783 556 1854 tuendae
572 1781 845 1866 coniunctionis,
861 1780 963 1874 quale
975 1801 1047 1848 esse
1058 1778 1097 1850 in
1108 1777 1213 1847 bonis
1225 1791 1259 1847 et
1272 1778 1388 1846 fideli·
1434 1794 1528 1865 tum,
1554 1783 1593 1850 in
1609 1807 1679 1874 quo
1693 1801 1776 1856 sum
1791 1789 1890 1856 electi
1911 1792 1955 1859 ad
1978 1792 2177 1862 sociantem
2201 1796 2357 1866 coelestis
2377 1810 2412 1868 et

408 1887 475 1954 hus
487 1883 623 1971 civibus
637 1882 805 1951 omnibus
822 1884 929 1951 decet.
958 1879 1206 1950 Discernamus
1220 1873 1338 1947 hostes
1354 1890 1387 1948 et
1434 1895 1596 1952 aeternae
1613 1880 1802 1960 Ecclesiae.
1853 1887 1992 1959 Deinde
2013 1894 2190 1982 sapienter
2212 1896 2411 1968 considere-

409 1986 514 2055 cives.
553 1981 743 2052 ·Adversus
759 1977 876 2052 hostes
899 1982 1008 2049 simus
1029 1980 1212 2070 vigilantes
1233 1993 1267 2048 et
1281 2001 1387 2062 acres,
1434 2005 1531 2066 mus,
1562 2007 1651 2074 quae
1671 1997 1705 2054 ει
1725 1987 1788 2054 ubi
1813 1989 1856 2056 sit
1880 2015 1961 2059 vera
1983 1990 2164 2075 Ecclesia,
2208 2008 2241 2065 ει
2270 1997 2308 2064 in
2329 2021 2411 2067 eum

409 2108 489 2176 erga
505 2085 596 2154 cives
614 2082 762 2174 placidi,
787 2083 945 2167 benefici,
967 2081 1214 2151 obliviscentes
1228 2080 1387 2163 iniurias,
1434 2079 1572 2151 coetum
1602 2107 1668 2153 nos
1691 2086 1927 2174 includamus,
1966 2106 1999 2160 ει
2025 2095 2313 2182 conjunctionem
2336 2099 2412 2169 eiu,

409 2209 453 2255 ne
467 2184 715 2255 distractiones
730 2207 804 2252 non
818 2182 1032 2253 necessariae
1048 2181 1142 2251 haut.
1195 2179 1384 2249 Nouenim
1434 2184 1525 2252 tueri
1542 2186 1753 2259 studeamus.
1795 2187 2410 2268 Laetemuretiamnosadaliorum

409 2285 598 2378 loquimur·
613 2287 657 2354 de
669 2281 823 2354 Ecclesia
845 2281 952 2354 huius
969 2284 1080 2366 vitae,
1105 2296 1145 2351 ut
1167 2282 1211 2348 de
1227 2301 1384 2369 corpore,
1435 2295 1528 2352 recte
1543 2285 1784 2356 invocantium
1807 2314 1944 2379 preces,
1977 2293 2167 2381 adiungere
2190 2312 2329 2367 nostros
2351 2322 2412 2387 8²·

411 2388 448 2454 in
463 2409 535 2478 quo
551 2380 644 2453 nihil
659 2385 704 2455 sit
718 2386 943 2467 morborum,
970 2385 1028 2452 sed
1046 2377 1153 2450 habet
1174 2379 1280 2449 etiam
1304 2403 1385 2448 vera
1434 2384 1541 2453 mitns
1564 2397 1598 2455 ει
1624 2401 1724 2478 vota,
1750 2413 1840 2481 quae
1862 2391 1955 2463 filius
1979 2389 2064 2473 Dei,
2089 2396 2151 2485 qui
2175 2410 2225 2465 εει
2248 2393 2413 2493 πρεσβύ-

408 2482 583 2570 Ecclesia,
606 2486 762 2556 retinens
775 2487 1057 2563 fundamentum,
1082 2503 1156 2549 non
1173 2480 1312 2569 exiguas
1328 2480 1386 2546 in·
1433 2508 1519 2576 της,
1545 2509 1610 2575 pro
1625 2489 1740 2573 nobis,
1766 2493 1808 2559 ad
1826 2506 1960 2582 patrem
1977 2508 2157 2564 aeteruum
2174 2498 2314 2585 perfert.
2363 2497 2414 2570 Et

408 2585 612 2670 firmitates,
635 2599 691 2670 ut,
716 2588 869 2657 multum
886 2582 1045 2671 caliginis
1063 2594 1136 2650 erat
1150 2580 1187 2648 in
1203 2580 1385 2670 discipulis
1434 2587 1574 2676 quidem
1599 2588 1636 2655 in
1659 2593 1858 2679 precatione
1879 2592 2081 2664 intueamur
2108 2597 2184 2686 pios
2214 2598 2318 2683 alios,
2348 2601 2410 2692 qui
2534 2626 2539 2634 ·

408 2686 590 2776 Baptistae
607 2700 640 2758 et
652 2681 808 2770 Christi,
835 2687 872 2753 in
890 2684 949 2752 illa
966 2706 1112 2766 aurora,
1138 2694 1218 2750 ante
1235 2680 1385 2750 manife—
1433 2686 1540 2755 simul
1555 2704 1760 2777 precantur,
1785 2693 1876 2762 sicut
1892 2691 2068 2765 Dominus
2083 2696 2214 2789 inquit:
2244 2696 2312 2768 Ubi
2327 2713 2412 2770 sunt

411 2803 498 2857 ειιῐιι
521 2787 723 2856 missionem
739 2786 894 2876 Spiritus
919 2784 1065 2867 sancti‚·
1082 2795 1115 2851 et
1137 2793 1255 2851 tamen
1277 2782 1316 2848 in
1343 2803 1384 2850 eo
1433 2788 1504 2854 duo
1522 2802 1584 2858 aut
1598 2802 1667 2858 tres
1683 2793 1883 2882 congregati
1901 2795 1939 2862 in
1956 2798 2101 2865 nomine
2117 2823 2213 2883 meo,
2239 2799 2276 2867 in
2294 2802 2411 2870 medio

410 2899 511 2959 coetu
525 2902 626 2958 erant
644 2887 746 2956 electi
762 2888 807 2955 ad
823 2899 997 2955 aeternam
1014 2882 1172 2954 salutem.
1205 2879 1386 2974 Vocetque
1433 2909 1556 2956 eorum
1579 2912 1670 2958 sum.
1722 2889 1771 2961 Er
1792 2894 1936 2985 quidem
1958 2897 2033 2965 vult
2066 2920 2132 2965 nos
2154 2897 2250 2967 Deus
2280 2902 2413 2969 mutui,

411 3012 475 3059 nos
490 2988 535 3059 ad
557 2989 760 3059 societatem
776 2983 952 3055 Ecclesiae
977 2978 1062 3053 haec
1080 2982 1282 3052 dulcissima
1297 3005 1385 3051 con·
1434 2986 1736 3059 consolationibus
1765 2993 1872 3080 erigi,
1905 2995 1995 3065 sicut
2021 2997 2066 3064 ad
2087 2995 2233 3067 Petrum
2262 3000 2410 3067 dicitur:

409 3090 557 3175 solatio,
581 3090 678 3182 quod
697 3100 829 3157 certum
846 3101 910 3169 est,
936 3084 975 3157 in
994 3084 1384 3154 eococtuelectosesse
1433 3084 1481 3158 Et
1505 3099 1546 3156 tu
1575 3112 1764 3158 conversus
1791 3093 1959 3161 confirma
1993 3097 2117 3164 fratres
2146 3109 2236 3166 1003,
2299 3095 2410 3167 Mulli

410 3195 453 3261 ad
468 3203 642 3262 aeternam
659 3188 817 3260 salutem.
868 3186 995 3255 Necin
1017 3208 1166 3254 numero
1193 3184 1384 3253 electorum
1433 3189 1546 3257 sancti
1570 3190 1639 3258 viri
1654 3187 1786 3261 habent
1798 3192 1968 3274 familias,
1994 3196 2160 3282 coniuges
2177 3197 2251 3288 pias
2273 3210 2307 3268 et
2329 3199 2411 3266 dul·

413 3313 487 3361 esse
508 3290 603 3376 illos,
629 3290 690 3384 qui
715 3285 799 3359 huic
824 3287 940 3357 coetui
965 3308 1149 3377 nunquam
1169 3285 1386 3368 inseruntur,
1434 3288 1608 3357 cissimam
1623 3292 1793 3365 sobolem.
1843 3291 1946 3362 Hanc
1962 3296 2040 3365 vult
2054 3294 2149 3364 Deus
2170 3298 2412 3387 aparentibus

412 3394 509 3464 iuxta
531 3391 662 3464 dictum
679 3387 798 3462 Pauli:
826 3387 926 3477 Quos
951 3387 1071 3475 elegit,
1098 3380 1163 3454 bos
1189 3400 1224 3457 et
1238 3384 1384 3457 vocavit.
1433 3390 1554 3459 doceri
1569 3405 1603 3461 ει
1617 3392 1725 3461 inseri
1740 3390 1934 3477 Ecclesiae,
1956 3398 2031 3465 vult
2047 3420 2106 3465 eos
2122 3421 2194 3467 esse
2209 3399 2246 3465 in
2269 3422 2310 3467 eo
2331 3423 2413 3469 coe-

412 3493 602 3583 Quomodo
624 3504 740 3563 eutem
766 3491 804 3559 in
827 3503 921 3561 tanta
942 3486 1145 3559 confusione
1165 3487 1301 3576 generis
1317 3481 1384 3554 hu·
1433 3503 1489 3575 tu,
1516 3490 1554 3557 in
1579 3516 1649 3583 quo
1671 3507 1754 3563 sunt
1778 3496 1890 3587 aliqui
1921 3496 2030 3565 electi.
2083 3494 2178 3566 Haec
2208 3498 2412 3570 dulcissima

409 3596 530 3679 mani,
552 3594 593 3660 iu
607 3605 680 3662 tarn
693 3591 798 3662 variis
813 3591 1023 3683 opinionum
1047 3588 1203 3656 dissidiis
1222 3587 1299 3656 heri
1321 3588 1386 3655 ad·
1433 3592 1627 3662 consolatio
1643 3594 1713 3683 piis
1725 3597 1929 3684 parentibus
1945 3597 2127 3682 excutitur,
2141 3598 2172 3666 si
2186 3599 2412 3686 cogitandum

411 3692 551 3764 iunctio
574 3692 750 3760 adversm
770 3688 961 3763 Ecclesiam
985 3701 1115 3781 potest,
1149 3689 1179 3758 si
1204 3687 1384 3758 distinctio
1436 3707 1499 3776 est,
1525 3693 1661 3762 nullam
1678 3718 1751 3764 esse
1766 3697 1943 3765 visibilem
1958 3695 2162 3782 Ecclesiam,
2186 3722 2253 3769 nec
2269 3701 2351 3770 sciri
2366 3725 2413 3770 an

412 3791 602 3864 hominnm
621 3791 777 3863 sensibus
797 3818 869 3864 non
891 3791 1085 3884 accipitur?
1133 3788 1272 3861 Deinde
1295 3812 1386 3882 quo·
1434 3794 1588 3863 familiae
1601 3818 1684 3865 suae
1698 3799 1771 3866 sint
1786 3795 1963 3867 Ecclesiae
1978 3799 2081 3869 cives.

412 3896 520 3966 modo
536 3893 619 3964 tient
640 3892 769 3964 iudicia
793 3895 889 3965 iuxta
910 3895 1117 3962 mandatum
1132 3885 1283 3960 Christi:
1309 3895 1386 3963 Dic
1535 3890 1616 3965 Etsi
1635 3898 1831 3987 praestigiis
1853 3900 2131 3990 disputationum
2153 3901 2271 3989 magni
2298 3900 2335 3968 in
2356 3897 2413 3971 his

411 3994 604 4082 Ecclesiae,
630 3995 660 4066 si
681 3996 814 4065 iudices
835 3995 988 4085 conspici
1007 4014 1081 4060 non
1097 3990 1290 4082 poterunt?
1314 3990 1384 4060 Sed
1435 3997 1700 4088 quaestionibus
1730 4000 1904 4070 turnultus
1936 4001 2079 4070 excitari
2103 4015 2268 4091 possunt:
2296 4015 2414 4070 tamen

412 4095 477 4168 hoc
507 4097 622 4189 ipsum
658 4097 846 4167 consilium
876 4092 1143 4166 Alcibiadaeum
1175 4105 1236 4163 est.
1293 4088 1384 4162 Cum
1435 4120 1501 4165 nos
1525 4098 1729 4167 manifestae
1752 4100 1829 4166 voci
1849 4099 1991 4166 divinae
2021 4101 2320 4192 obtemperemus,
2351 4103 2414 4170 tir·

410 4201 503 4268 euim
520 4200 662 4271 vidisset
672 4194 875 4270 Alcibiades
887 4194 1059 4267 Periclem
1075 4193 1216 4263 silentio
1239 4203 1272 4262 et
1287 4205 1385 4284 gestu
1436 4196 1593 4266 missime
1607 4209 1809 4291 statuentes,
1826 4192 1893 4266 hoc
1912 4221 2036 4286 agmen
2054 4225 2171 4268 veram
2189 4216 2222 4272 et
2236 4202 2412 4269 visibilem

411 4301 658 4390 significantem
673 4323 784 4370 novas
800 4323 900 4369 curas
924 4313 959 4369 et
981 4295 1256 4380 sollicitudines,
1275 4297 1385 4365 inter·
1434 4293 1627 4366 Ecclesiam
1644 4297 1770 4365 esseio
1787 4292 1851 4366 hac
1875 4298 1965 4382 vita,
1991 4304 2086 4391 quod
2111 4317 2212 4372 sonat
2226 4299 2413 4389 Evangelii

411 4415 511 4492 rogat
530 4427 693 4488 causam,
726 4403 787 4471 ille
812 4402 1015 4490 respondet:
1054 4419 1090 4464 se
1114 4397 1266 4484 cogitare
1295 4419 1386 4488 quo-
1437 4397 1844 4488 vocemincorruptam,
1870 4412 1904 4470 et
1925 4400 1964 4467 in
1989 4395 2055 4468 hoc
2079 4402 2218 4489 agmine
2242 4423 2413 4469 cssevere
2501 4426 2504 4431 ·

410 4505 516 4572 ruodo
540 4505 695 4574 rationes
717 4505 872 4573 referret.
931 4496 1007 4567 lmo
1032 4521 1115 4565 vero
1137 4496 1256 4588 inquit
1274 4498 1386 4564 audax
1436 4497 1564 4567 electos
1580 4500 1625 4567 ad
1641 4510 1819 4569 aeternam
1836 4501 1993 4570 coelestis
2006 4497 2184 4570 Ecclesiae
2200 4501 2415 4586 societatem,

410 4603 631 4672 adolescens:
658 4606 786 4696 cogites
803 4603 983 4697 quomodo
999 4622 1073 4667 non
1088 4598 1229 4667 referas.
1270 4595 1311 4665 ld
1328 4597 1386 4667 isti
1436 4614 1470 4670 et
1484 4599 1575 4667 velle
1585 4596 1714 4685 Deum,
1738 4615 1779 4670 ut
1795 4595 1902 4670 huius
1916 4597 2093 4670 Ecclesiae
2108 4603 2200 4671 cives
2216 4603 2325 4671 simus
2339 4600 2412 4671 Nos

407 4703 559 4773 faciunt:
589 4701 835 4776 vociferantur
849 4703 986 4773 nullam
1009 4699 1163 4789 conspici
1177 4695 1385 4786 Ecclesiam,
1437 4713 1471 4770 et
1492 4698 1632 4786 Nostri,
1659 4715 1693 4772 et
1714 4726 1793 4771 cum
1816 4726 1855 4770 ea
1876 4701 2134 4773 invocationem
2152 4715 2308 4772 nostram
2326 4726 2415 4772 con·

408 4818 451 4873 ut
467 4805 594 4874 iudicia
615 4807 774 4892 deleant,
801 4808 835 4876 et
848 4806 917 4874 sibi
931 4801 1154 4896 tyrannidem
1177 4800 1216 4867 iu
1230 4797 1386 4870 Ecclesia
1436 4803 1634 4890 iungamus.
1686 4801 1781 4872 llaec
1806 4816 1899 4874 certa
1926 4817 1959 4874 et
1981 4803 2080 4873 firma
2104 4818 2205 4889 suut,
2231 4815 2267 4874 et
2283 4803 2352 4894 piis
2368 4804 2415 4872 ad

408 4919 569 4989 sumant,
594 4910 739 4996 gignant
753 4910 915 4996 dogmata
933 4918 1152 4987 monstrosa,
1176 4925 1266 4994 quae
1282 4927 1386 4972 nemo
1436 4904 1715 4974 consolationem
1738 4905 1829 4973 etad
1862 4927 1980 4975 veram
2010 4905 2270 4975 invocationem
2301 4905 2414 4975 utilia.

407 5024 521 5074 sanus
534 5008 657 5092 probat
671 5023 704 5077 et
717 5012 836 5079 frenos
852 5004 1104 5097 cupiditatibus
1119 5003 1251 5073 laxant.
1293 5002 1387 5073 Huic
1436 5003 1637 5093 Praestigiis
1660 5027 1743 5073 vero
1764 5005 2019 5074 contrariarum
2051 5005 2328 5094 disputationum
2349 5030 2416 5096 op·

412 5103 576 5173 licentiae
592 5124 810 5196 quaeruntur
825 5110 978 5178 latebrae
994 5107 1090 5175 velut
1102 5099 1189 5172 Orci
1204 5103 1312 5193 galea,
1327 5128 1389 5175 seu
1438 5128 1613 5194 ponamus
1627 5100 1712 5172 haec
1728 5102 1931 5191 gravissima
1950 5106 2057 5173 dicta:
2085 5103 2185 5191 Quae
2201 5103 2296 5175 Deus
2311 5130 2414 5196 prae·

411 5206 530 5297 potius
556 5218 595 5275 ut
616 5204 778 5279 Cerastae
798 5235 834 5279 se
856 5212 1009 5291 abdunt,
1035 5206 1097 5299 qui
1120 5226 1156 5272 se
1180 5206 1256 5273 luto
1271 5205 1389 5274 invol-
1438 5204 1540 5295 cepit,
1565 5217 1681 5273 sancte
1696 5204 1820 5292 cogita.
1857 5200 1964 5274 ltem:
1989 5201 2147 5274 Lucerna
2164 5206 2314 5294 pedibus
2328 5207 2416 5276 meis

412 5323 498 5378 runt
517 5323 549 5378 et
566 5334 701 5379 cornua
717 5327 881 5394 exerunt,
906 5325 946 5380 ut
969 5310 1128 5379 incautos
1143 5305 1293 5379 viatores
1308 5331 1388 5377 sau·
1439 5307 1587 5373 verbum
1604 5318 1715 5377 tuum.
1765 5301 1869 5374 Certe
1892 5304 1988 5373 enim
2012 5305 2292 5395 disputationum
2311 5331 2418 5396 opor·

410 5409 519 5482 cient:
554 5411 603 5480 sic
625 5412 683 5482 isti
707 5435 744 5480 se
766 5411 978 5481 factionibus
1001 5409 1188 5492 muniunt,
1211 5424 1299 5480 etex
1317 5409 1389 5480 suis
1440 5420 1486 5477 tet
1504 5429 1577 5475 esse
1592 5419 1701 5476 metas
1719 5404 1867 5497 aliquas.
1915 5400 1964 5475 Et
1983 5429 2101 5474 vocem
2118 5429 2215 5476 suam
2232 5405 2328 5477 Deus
2345 5421 2416 5476 tra·

411 5513 565 5601 gateleris,
589 5538 677 5604 quos
692 5515 836 5591 votuac·
854 5514 1024 5601 iugulant.
1060 5510 1110 5582 Ut
1126 5509 1234 5598 igitur
1249 5514 1288 5581 in
1307 5534 1389 5581 vera
1439 5508 1554 5595 didit,
1579 5520 1618 5576 ut
1633 5523 1742 5578 metas
1759 5507 1863 5577 uobis
1879 5505 2132 5594 circumdaret,
2157 5533 2202 5577 ne
2215 5504 2414 5601 Pyrrhonio

423 5608 576 5686 Ecclesia
603 5616 731 5688 iudicia
755 5616 994 5694 retineantur,
1034 5611 1189 5700 conspici
1213 5639 1289 5685 earn
1321 5630 1391 5687 sta·
1439 5633 1538 5678 more
1554 5609 1780 5699 vagabundae
1794 5620 1928 5677 mentes
1942 5609 2011 5678 tine
2035 5621 2163 5678 errent.

457 5718 632 5786 linitura.
656 5724 760 5792 Oeen,
787 5724 871 5786 Vos..
887 5716 964 5781 th.
1857 5705 1906 5781 24
