6025 6775
533 664 583 737 47
1116 733 1125 744 ,¹
1262 654 1423 731 DECL.
1461 655 1538 731 DE
1573 594 1823 737 ORION-E·
2503 681 2551 754 43

635 829 726 903 Cum
745 844 861 902 autem
885 829 924 899 in
939 826 995 899 his
1013 826 1256 918 congressibus
1274 842 1335 901 aut
1352 824 1520 900 historiae
1570 842 1665 900 runt.
1722 827 1795 900 Nec
1818 831 2026 902 incredibile
2058 849 2107 905 est
2133 862 2262 909 nomen
2288 836 2371 912 huic
2403 848 2555 922 sideria

535 935 749 1018 recitentur,
769 946 830 1003 aut
844 934 978 1026 aliquid
997 956 1036 1000 ex
1052 929 1187 998 artibus
1201 929 1397 1017 adseratur,
1423 934 1520 1025 quod
1569 930 1730 1022 principe
1757 933 1911 1002 inditum
1936 958 2026 1019 esse,
2060 936 2283 1029 quiGraecis
2305 953 2554 1022 annumordi-
2618 953 2621 958 ’

534 1034 712 1107 iuventuti
744 1036 911 1127 prodesse
934 1033 1093 1113 videtur,
1127 1030 1240 1120 delegi
1262 1046 1522 1121 argumentum,
1569 1032 1687 1117 navit,
1712 1047 1746 1103 et
1764 1027 1944 1105 doctrinae
1960 1037 2118 1108 coelestis
2140 1041 2273 1110 semina
2291 1046 2440 1133 sparsit,
2464 1053 2554 1125 sicut

534 1140 574 1207 in
596 1162 668 1232 quo
691 1138 735 1206 ad
763 1132 948 1206 historiam
970 1132 1134 1201 adiuncta
1159 1147 1210 1202 est
1230 1134 1520 1204 commonefactio
1569 1149 1603 1203 et
1619 1133 1698 1203 aliis
1719 1134 1840 1204 multis
1858 1136 1969 1205 stellis
1994 1139 2139 1220 nomina
2154 1142 2283 1210 ducum
2302 1158 2337 1214 et
2351 1149 2555 1222 docentium

533 1240 633 1310 utilis
665 1239 857 1309 iuventuti:
897 1245 930 1303 et
958 1245 999 1302 ut
1027 1231 1091 1300 alii
1126 1234 1170 1302 ‹le
1194 1233 1272 1301 aliis
1298 1234 1521 1325 principibus
1568 1234 1738 1306 attributa
1762 1249 1863 1319 sunt,
1898 1238 1958 1329 qui
1978 1240 2064 1308 auni
2088 1256 2197 1311 metas
2213 1246 2455 1320 ostenderunt.
2509 1249 2557 1324 Ut

534 1341 717 1422 dixerunt,
736 1339 785 1409 ita
800 1349 833 1407 et
847 1357 911 1423 ego
927 1334 971 1403 de
986 1347 1122 1404 vetusto
1136 1334 1294 1426 principe
1309 1331 1448 1406 Orione
1464 1338 1522 1405 di·
1568 1336 1789 1406 collocantur
1802 1337 1840 1405 in
1855 1339 1951 1407 coelo
1959 1337 2118 1426 Perseus,
2140 1339 2406 1433 Artanrisfitiae,
2429 1347 2556 1422 Astrea

535 1467 622 1515 cam.
680 1436 757 1509 Etsi
779 1448 897 1506 autem
918 1447 1089 1505 vetustate
1110 1437 1308 1525 argumenti
1325 1437 1521 1507 calumnias
1571 1436 1658 1505 lcari
1673 1438 1765 1517 lilia,
1792 1433 2154 1528 ChironCentuums,
2183 1439 2322 1537 Orphei
2334 1447 2443 1543 Lyra,
2462 1449 2555 1521 ller-

534 1544 687 1633 effugere
714 1562 771 1607 me
800 1560 901 1628 posse
932 1537 1145 1627 cogitabam,
1180 1549 1298 1607 tamen
1326 1534 1519 1630 reprehen·
1568 1538 1681 1621 cules,
1707 1535 1850 1623 Castor,
1883 1538 2029 1625 Pollux,
2064 1540 2244 1635 Cepheus,
2277 1573 2381 1641 quem
2400 1553 2555 1622 arbitror

534 1645 650 1716 aiones
668 1641 892 1734 quorundam
907 1651 1037 1709 metuo.
1089 1636 1161 1709 Sed
1177 1652 1216 1708 ut
1232 1639 1292 1709 illc
1308 1641 1521 1711 fortissimus
1568 1661 1641 1708 esse
1663 1634 1815 1711 Kithim.
1874 1638 1933 1711 Sic
1954 1642 2004 1713 ait
2026 1642 2219 1716 Pausanias
2247 1650 2353 1720 fuisse
2379 1648 2554 1723 Orionem

534 1748 605 1815 «lux
623 1741 816 1812 Pausanias
837 1740 970 1834 inquit:
998 1738 1090 1811 Satis
1103 1754 1155 1809 cst
1170 1764 1228 1809 me
1245 1739 1428 1831 Spartanis
1444 1742 1520 1834 pla·
1566 1737 1735 1810 Boeotiae
1759 1740 1975 1832 principem,
2007 1758 2041 1813 et
2064 1746 2102 1814 in
2120 1745 2283 1838 Tanagra
2307 1754 2425 1821 sedem
2447 1779 2553 1825 mon·

534 1856 670 1915 centem
698 1843 788 1913 iusta
812 1842 929 1910 dicere
953 1854 986 1911 et
1001 1843 1129 1927 lacere,
1153 1841 1201 1911 ita
1215 1865 1281 1911 uos
1298 1843 1519 1913 eruditorum
1568 1854 1710 1912 stratam
1729 1864 1821 1926 esse,
1847 1843 1886 1909 in
1901 1868 1968 1936 qua
1987 1842 2088 1914 Atlas
2102 1850 2233 1919 erudiit
2247 1846 2422 1922 Orionem
2441 1856 2485 1923 de
2503 1857 2554 1924 le-

532 1960 567 2018 et
582 1969 748 2015 sanorum
766 1944 896 2012 iudicia
915 1942 1116 2012 intueamur
1132 1956 1167 2013 et
1182 1965 1382 2035 sequamur.
1435 1942 1519 2013 Ideo
1566 1942 1669 2031 gibus
1690 1957 1850 2014 motuum
1875 1945 2089 2019 coelestium.
2141 1945 2231 2020 Eius
2246 1953 2447 2039 doctrinae,
2471 1957 2554 2047 quia

532 2060 649 2118 autern
667 2047 711 2114 de
728 2040 867 2114 Orione
882 2044 981 2127 dico,
1008 2057 1047 2113 ut
1064 2044 1265 2113 iunioribus
1280 2045 1346 2113 sim
1362 2046 1521 2116 monitor
1567 2044 1745 2113 studiosus
1769 2044 1851 2128 suit,
1886 2046 2018 2116 dicitur
2039 2072 2172 2119 amasse
2192 2075 2254 2122 seu
2271 2047 2467 2141 Auroram,
2492 2080 2555 2127 seu

532 2162 568 2218 et
594 2144 773 2230 hortator,
810 2145 963 2235 primum
987 2156 1026 2214 ut
1053 2157 1086 2213 et
1106 2140 1173 2213 hoc
1195 2146 1293 2214 sidus
1318 2159 1352 2215 et
1381 2146 1449 2216 alia
1480 2147 1519 2214 in
1568 2143 1737 2224 Dianam,
1764 2145 1886 2230 idest,
1911 2145 2063 2222 Lunam.
2116 2146 2169 2221 Ac
2182 2153 2260 2222 fieri
2276 2169 2409 2245 potest,
2434 2172 2473 2227 ut
2488 2182 2554 2249 po-

530 2250 630 2320 eoelo
641 2246 944 2337 contemplentur,
970 2247 1065 2337 quod
1081 2261 1122 2315 ut
1136 2246 1287 2315 libenter
1300 2241 1335 2315 et
1349 2270 1449 2339 saepe
1467 2248 1519 2315 sa·
1567 2246 1703 2315 steritas
1719 2269 1850 2316 nomen
1866 2248 2088 2320 benemeriti
2111 2254 2301 2344 principis,
2327 2258 2369 2325 ad
2388 2254 2554 2349 pulcher·

532 2351 646 2433 ciant,
671 2348 824 2417 invitare
849 2349 922 2437 ipsa
936 2347 1117 2416 stellarum
1137 2342 1364 2437 pulchritudo
1383 2372 1441 2417 eos
1458 2350 1520 2417 de-
1567 2346 1696 2415 rimum
1711 2348 1808 2416 sidus
1830 2352 2068 2438 transtulerit,
2094 2368 2135 2424 ut
2154 2358 2400 2427 monstratoris
2416 2382 2553 2428 memo·

531 2452 648 2522 bebat.
701 2446 839 2518 Deinde
856 2462 895 2517 ut
912 2450 1089 2515 intuentes
1107 2442 1191 2516 haec
1208 2442 1444 2537 pulcherrima
1461 2449 1519 2518 lu-
1567 2447 1656 2516 riam
1680 2449 1833 2522 traderet
1862 2452 1984 2522 multis
2008 2455 2181 2542 gentibus.
2249 2455 2320 2527 Sed
2342 2456 2472 2530 Po'e'tae
2495 2485 2554 2530 ac-

532 2554 645 2631 mina‚
679 2551 833 2639 cogitent
860 2551 904 2617 de
928 2548 1104 2617 totosnui
1124 2549 1269 2635 ordine,
1296 2564 1330 2619 et
1346 2554 1391 2618 de
1407 2551 1520 2620 causis
1566 2550 1793 2619 commodant
1827 2553 2098 2642 appellationem
2134 2559 2179 2624 ad
2212 2570 2376 2629 naturam
2416 2562 2554 2632 sideris.

531 2666 676 2744 propter
690 2674 778 2743 quas
796 2665 829 2721 et
853 2663 1052 2740 temporum
1069 2662 1102 2720 et
1119 2673 1295 2720 annorum
1312 2652 1518 2721 discrimina
1569 2644 1681 2719 Aiunt
1704 2644 1843 2720 Oriona
1868 2667 1990 2723 natum
2015 2677 2088 2726 esse
2105 2681 2145 2726 ex
2158 2658 2262 2728 urina
2280 2656 2392 2745 lovis,
2417 2660 2553 2754 Neptu-

529 2752 626 2824 Deus
648 2753 812 2821 conditor
835 2751 927 2820 lecit.
979 2747 1143 2843 Denique
1158 2764 1198 2821 ut
1221 2752 1259 2820 in
1275 2747 1340 2820 hac
1358 2753 1518 2821 'conside-
1566 2751 1605 2819 ni
1627 2763 1663 2822 et
1685 2749 1868 2821 Mercurii.
1924 2752 2017 2842 Quia
2040 2782 2120 2828 cum
2149 2762 2379 2832 ventoscieat
2403 2776 2440 2833 et
2471 2765 2553 2856 plu·

529 2855 668 2926 ratione
686 2865 876 2943 agnoscant
894 2849 1011 2920 Deum
1027 2852 1265 2937 conditorem,
1292 2867 1326 2923 et
1341 2854 1519 2923 celebrent
1565 2852 1640 2921 vias
1671 2855 1823 2938 adserat,
1864 2879 1995 2924 nomen
2040 2861 2204 2948 congruit
2248 2853 2379 2954 οὖρον,
2421 2864 2456 2931 id
2490 2880 2553 2949 est,

530 2956 605 3027 eius
627 2953 834 3045 sapientiam
862 2965 895 3022 et
909 2952 1120 3038 bonitatem,
1146 2978 1236 3047 quae
1251 2956 1467 3045 conspicitur
1479 2956 1517 3023 in
1565 2954 1681 3022 urina.
1740 2952 1874 3024 lmbres
1896 2970 2012 3025 autem
2038 2960 2230 3029 adsumunt
2254 2986 2273 3032 a
2294 2962 2480 3053 Neptuno,
2514 2966 2551 3033 id

527 3058 697 3127 varietate
727 3055 978 3125 beneficiorum
1008 3054 1163 3139 infinita,
1204 3055 1333 3149 quibus
1365 3056 1519 3127 ostendit
1566 3070 1635 3133 est,
1666 3053 1801 3122 amari
1826 3061 1990 3146 vapores,
2023 3059 2086 3149 qui
2111 3057 2150 3125 in
2172 3075 2251 3131 aere
2266 3063 2420 3146 densati,
2447 3089 2551 3158 quem

528 3158 597 3227 sibi
620 3182 723 3227 curae
751 3179 823 3225 esse
852 3179 963 3245 genus
985 3149 1194 3231 humanum.
1253 3156 1458 3246 Agnoscant
1484 3171 1519 3227 et
1564 3154 1738 3245 significat
1752 3152 1905 3245 Iupiter,
1931 3157 2096 3229 lundunt'
2108 3160 2279 3250 pluviam.
2332 3162 2466 3234 Ventos
2489 3192 2553 3236 au-

528 3260 759 3330 transfudisse
776 3259 814 3326 in
830 3281 897 3327 nos
912 3252 1008 3327 hunc
1022 3260 1216 3348 sapientem
1231 3271 1265 3329 et
1279 3261 1412 3331 iustum
1432 3283 1517 3329 con·
1565 3267 1636 3327 tem
1649 3270 1684 3327 ει
1698 3255 1767 3328 εἰει
1792 3270 1827 3328 et
1848 3257 2000 3350 impellit
2012 3258 2225 3335 Mercurius.
2280 3262 2553 3337 Hincsuntde-

528 3361 681 3432 ditorem
706 3382 789 3431 suae
812 3360 903 3426 lucis
924 3358 1061 3440 radios,
1094 3359 1243 3427 noticias
1262 3361 1518 3432 videlicetdis-
1564 3359 1773 3452 scriptiones
1806 3364 1900 3451 apud
1935 3358 2174 3456 Philosophus
2213 3379 2247 3436 ct
2286 3368 2380 3458 apud
2413 3365 2551 3440 Poetas.

528 3474 710 3534 cernentes
735 3455 896 3526 honestia
922 3468 956 3524 et
972 3457 1108 3544 turpia,
1141 3478 1228 3548 quas
1245 3459 1320 3526 vult
1335 3483 1407 3527 esse
1426 3463 1518 3528 vitae
1564 3457 1672 3548 Apud
1697 3460 1886 3546 Virgilium
1908 3464 1944 3529 in
1967 3466 2082 3550 primo
2104 3461 2298 3536 Aeneidos:

528 3583 689 3643 normas,
711 3571 746 3626 et
754 3557 959 3625 benefacere
974 3578 1055 3623 eum
1071 3556 1415 3646 obtemperantibus,
1432 3579 1518 3624 con·
1665 3558 1744 3620 Cum
1757 3563 1856 3619 subito
1871 3582 2026 3640 assurgens
2040 3571 2135 3631 suoru
2149 3576 2305 3635 nimbosus
2319 3574 2427 3639 Orion.

527 3679 582 3736 tra
598 3684 682 3731 vero
698 3671 919 3730 contumaces
935 3649 1155 3727 horribiliter
1169 3657 1298 3730 delere.
1337 3655 1438 3726 Hanc
1452 3681 1517 3726 na·
1563 3649 1612 3724 Et
1628 3653 1666 3721 in
1683 3652 1849 3742 septimo:

528 3781 628 3837 turae
651 3759 933 3852 adspectionem,
964 3771 999 3827 et
1031 3758 1241 3848 sapientiae,
1279 3759 1448 3831 bonitatis
1477 3783 1519 3828 ac
1716 3757 1809 3822 Sinus
1824 3762 1877 3822 ubi
1892 3761 2023 3825 hibernis
2049 3760 2149 3826 Orion
2165 3767 2305 3829 conditur
2320 3770 2419 3831 undis.

528 3858 687 3935 irlsticiae
714 3862 856 3932 divinae
877 3860 1195 3929 considerationem
1220 3861 1317 3930 scitis
1340 3861 1378 3930 in
1401 3861 1517 3952 primo
1665 3850 1928 3928 Etllristotcles
1950 3859 2082 3952 inquit:
2105 3858 2265 3950 χαλεπὸς
2279 3857 2320 3936 δὲ
2336 3861 2550 3962 λέγεταικαὶ
2576 3949 2580 3956 ,

529 3967 641 4058 capite
658 3966 703 4036 ad
715 3961 900 4034 Romanos
917 3963 1095 4030 laudatam
1119 3984 1203 4031 esse.
1254 3962 1330 4032 Nec
1346 3986 1429 4032 vero
1449 3963 1518 4031 du·
1563 3950 1694 4030 δύνειν
1706 3953 1769 4029 καὶ
1791 3954 2034 4032 ἀνατέλλωνὸ
2053 3957 2188 4057 ὡρίων.
2241 3962 2379 4035 Harum
2395 3968 2550 4041 effectio·

516 4070 628 4141 ,ΗΜ
644 4082 696 4137 032
710 4060 802 4134 hanc
819 4064 930 4155 ipsam
946 4064 992 4133 ob
1009 4086 1165 4149 causam,
1190 4077 1261 4134 tam
1279 4061 1438 4156 pulchris
1460 4064 1517 4133 lu-
1563 4084 1651 4130 num
1665 4060 1763 4130 testis
1777 4050 1829 4132 est
1846 4062 2060 4153 experientia
2075 4065 2237 4136 omnium
2252 4068 2451 4140 seculorum
2464 4096 2549 4142 con-
2671 4134 2677 4141 .

527 4171 685 4241 minibus
700 4167 836 4236 coelum
859 4166 1024 4235 ornatum
1041 4187 1131 4245 esse,
1159 4178 1281 4236 ettam
1299 4167 1516 4236 concinnum
1564 4161 1737 4246 sentiens,
1762 4185 1802 4231 ac
1818 4164 1978 4252 proximo
1995 4187 2091 4234 anno
2110 4167 2284 4254 vidimus,
2309 4193 2390 4239 cum
2407 4187 2550 4267 propter

530 4296 603 4342 esre
630 4270 793 4342 ordinem
821 4280 1003 4352 motuum,
1037 4280 1078 4337 ut
1099 4267 1145 4335 ad
1174 4268 1410 4358 aspectionem
1441 4268 1516 4359 ipsa
1564 4263 1659 4334 Iovis
1683 4276 1718 4333 et
1742 4261 1872 4333 Martis
1894 4264 2181 4337 coniunctionem
2203 4270 2242 4340 in
2258 4266 2399 4353 Leone,
2425 4298 2574 4365 magna.

527 4369 795 4465 pulchritudine
818 4383 852 4439 et
874 4369 1000 4439 ordine
1017 4368 1257 4438 invitaremur.
1308 4367 1435 4440 Dicam
1449 4368 1517 4458 igi·
1565 4366 1648 4434 inde
1664 4386 1774 4457 usque
1799 4388 1819 4432 a
1836 4361 1927 4433 lulio
1951 4368 1995 4435 ad
2012 4367 2249 4441 Novembrem
2266 4372 2401 4444 siccitas
2416 4376 2551 4462 fuisset,

526 4490 586 4546 tur
601 4476 772 4568 quaedam
788 4474 832 4542 de
848 4465 1005 4554 Orione,
1042 4468 1207 4539 videlicet
1222 4471 1314 4538 etde
1329 4470 1404 4560 ipso
1422 4469 1516 4538 side·
1564 4479 1600 4538 et
1617 4465 1700 4535 sicci
1721 4465 1845 4550 flatus,
1872 4490 1996 4558 magna
2018 4471 2136 4542 subito
2153 4471 2243 4543 facta
2262 4486 2313 4542 est
2328 4477 2418 4547 aeris
2434 4492 2549 4549 muta·

502 4590 584 4660 're,
610 4589 644 4645 et
659 4579 703 4644 de
718 4574 955 4664 appellatione
971 4564 1013 4641 ac
1025 4569 1176 4655 sabulis,
1202 4592 1291 4663 quae
1306 4571 1350 4640 de
1372 4571 1448 4662 ipso
1462 4571 1517 4640 le-
1564 4567 1637 4652 tio,
1663 4579 1697 4636 et
1711 4567 1799 4656 largi
1817 4568 1948 4639 imbres
1962 4573 2114 4643 suerunt
2130 4597 2211 4642 cum
2229 4569 2348 4644 Orion
2366 4580 2550 4654 occideret.

526 4691 659 4768 guntur
675 4674 769 4763 apud
789 4672 925 4742 Poetae.
1431 4696 1451 4729 ο
1563 4667 1637 4738 Νεε
1661 4668 1786 4738 dubito
1809 4670 1922 4739 mensi
1950 4669 2145 4744 Novembri
2170 4699 2301 4745 nomeu
2320 4677 2451 4749 lactum
2478 4704 2550 4752 erse

627 4775 806 4846 Homerus
820 4798 896 4843 non
913 4772 1109 4856 subtiliter,
1135 4773 1195 4841 sed
1206 4783 1324 4841 tamen
1337 4784 1378 4842 ut
1392 4770 1516 4840 rudio.
1564 4769 1657 4861 apud
1681 4766 1819 4840 Ebreos
1839 4769 1985 4858 Kisleu,
2019 4777 2115 4868 quod
2143 4789 2235 4846 extat
2259 4778 2296 4846 in
2318 4775 2489 4851 Zacharia
2516 4797 2551 4853 et

526 4902 582 4949 res
600 4878 778 4959 erudiret,
804 4876 876 4945 duo
899 4873 988 4944 coeli
1017 4872 1125 4943 latera
1147 4873 1328 4959 distinxit,
1357 4884 1515 4942 arctoum
1564 4871 1665 4940 libris
1679 4867 1951 4942 Maccabeorum
1970 4876 2015 4945 ab
2032 4870 2186 4963 Orione,
2219 4903 2324 4972 quem
2346 4881 2415 4972 ipsi
2432 4884 2552 4952 nomi-

527 4996 561 5053 et
581 4980 829 5051 meridianum.
884 4974 927 5045 ln
949 4987 1088 5064 arctoo,
1119 4976 1159 5043 in
1182 5000 1253 5069 quo
1280 4990 1315 5047 et
1337 4974 1514 5064 fastigium
1564 4969 1759 5043 nantKesil
1772 4974 1817 5043 ab
1834 4973 2079 5063 instabilitate,
2106 4994 2145 5049 ut
2158 4979 2337 5065 existimo,
2363 4995 2549 5075 tempesta-

527 5084 615 5154 coeli
630 5105 691 5151 seu
710 5081 844 5172 polum,
869 5090 910 5148 ut
924 5077 1161 5163 nominamus,
1184 5079 1343 5162 collocat,
1369 5100 1442 5147 esse
1459 5076 1512 5145 di·
1564 5089 1652 5148 tum.
1713 5071 1824 5165 Saepe
1846 5071 1937 5145 mihi
1958 5077 1996 5147 in
2019 5095 2172 5150 mentem
2195 5083 2292 5152 venit
2317 5077 2383 5152 boc
2408 5109 2547 5177 quoque

528 5186 583 5266 cit
600 5183 751 5266 Ursum,
783 5184 822 5251 in
853 5179 1030 5250 contrario
1061 5180 1170 5251 latere
1196 5175 1391 5263 Orionem,
1422 5179 1517 5249 inter
1564 5177 1697 5248 dictum
1720 5199 1793 5246 csse
1815 5172 1983 5272 ὥρι’ωνα,
2007 5181 2089 5274 quia
2112 5181 2280 5255 discernit
2296 5199 2447 5277 quatuor
2461 5183 2545 5252 anni

527 5285 689 5358 Taurum
710 5298 744 5354 et
765 5281 949 5356 Geminos.
1010 5279 1111 5370 Quae
1128 5281 1238 5353 totius
1258 5281 1383 5352 sideris
1405 5280 1515 5372 figura
1564 5292 1742 5369 tempora,
1769 5302 1858 5371 quae
1874 5283 2105 5353 nominantur
2120 5275 2225 5379 alpes,
2278 5284 2383 5355 Veris
2405 5283 2544 5374 ipitium

528 5390 585 5474 sit,
609 5387 816 5457 discendum
831 5397 894 5467 est,
920 5384 1067 5453 sublatis
1081 5383 1120 5453 in
1135 5383 1273 5454 coelum
1287 5383 1410 5454 oculis.
1444 5381 1514 5454 Sed
1564 5394 1615 5453 est
1629 5402 1772 5450 occasus
1787 5374 1942 5452 heliacus
1960 5379 2120 5454 Orionis.

528 5491 611 5585 quia
632 5489 812 5559 stellarum
829 5486 916 5555 situs
932 5488 1170 5575 'repraesentat
1190 5483 1259 5553 viri
1278 5485 1403 5556 armati
1425 5485 1517 5581 figu—
1661 5477 1817 5552 'Aestatis
1848 5481 1990 5554 initium
2030 5480 2186 5555 heliacus
2221 5500 2333 5556 ortus.
2398 5480 2546 5574 Hyemis

526 5616 621 5677 ram,
643 5590 771 5662 Poetae
784 5589 901 5657 virum
918 5585 970 5656 ibi
982 5585 1193 5657 collocatum
1205 5610 1278 5657 esse
1293 5586 1387 5658 inter
1400 5588 1515 5657 sidera
1563 5582 1707 5653 initium
1729 5605 1872 5653 occasus
1893 5585 2075 5667 cosmicus.
2127 5584 2223 5657 Haec
2238 5600 2272 5655 et
2293 5583 2419 5672 vulgus
2434 5584 2546 5653 oculis

526 5695 723 5779 linxerunt,
759 5706 794 5762 et
830 5690 870 5759 in
899 5689 1046 5758 nomine
1073 5702 1108 5759 et
1133 5683 1282 5760 historia
1307 5687 1441 5782 aliquid
1472 5690 1517 5759 de
1563 5700 1649 5756 tunc
1668 5685 1830 5771 notabat,
1857 5686 1940 5779 quia
1957 5701 2067 5759 metas
2083 5689 2169 5759 anni
2185 5686 2420 5761 constituebat
2432 5708 2547 5756 acces-

527 5809 608 5867 ortu
624 5809 659 5868 et
675 5817 801 5868 occasu
816 5791 960 5877 sideris,
985 5803 1022 5862 et
1041 5792 1226 5863 denatura
1247 5791 1324 5863 eius
1339 5789 1514 5882 significa·
1563 5809 1642 5858 sum
1661 5784 1756 5859 Solis
1784 5788 1829 5858 ad
1850 5801 1959 5859 certas
1979 5791 2097 5862 stellas
2116 5813 2179 5862 seu
2203 5789 2336 5874 sidera,
2368 5810 2458 5883 quae
2482 5813 2548 5859 no-
