6025 6775
493 623 565 701 187
955 620 1119 698 DECL.
1150 618 1226 695 DE
1259 622 1405 698 VITA
1442 620 1514 699 ΕΤ
1553 624 1820 705 scissuris
1851 633 2049 713 Psltttt
2443 651 2518 726 188

598 794 705 869 Nunc
718 818 829 889 pauca
846 796 890 866 de
904 793 981 885 ipso
998 789 1147 865 authore
1163 794 1339 878 adiiciam,
1352 809 1395 867 ut
1407 820 1481 890 quo
1531 795 1721 868 sectionem
1737 799 1923 888 effugitis,
1941 805 2003 899 qui
2023 806 2062 875 in
2081 810 2265 899 pestilente
2282 820 2362 887 2520
2376 820 2517 895 diffisa,

501 916 660 994 tempore
677 900 822 982 vixerit,
847 898 971 989 etquis
987 896 1111 979 fuerit,
1136 899 1365 991 cognoscatis,
1391 919 1482 992 quac
1532 900 1665 969 versari
1690 900 1840 989 cogitur.
1889 898 1946 974 Ex
1974 901 2082 978 buius
2112 914 2223 983 seculi
2253 918 2424 1007 pravitate
2441 921 2516 997 hic

499 1004 658 1075 narratio
672 1025 752 1071 cum
769 1000 815 1069 sit
830 998 935 1067 nobis
949 996 1167 1065 occasionem
1191 1000 1392 1090 praebitura
1418 1024 1482 1069 cu·
1533 1013 1654 1071 noster
1674 997 1804 1072 author
1828 1002 1908 1073 illas
1929 1006 2055 1098 impias
2069 1024 2104 1082 et
2118 1010 2312 1106 Epicureas
2329 1022 2515 1112 opiniones

499 1106 638 1177 iusdam
651 1100 864 1173 necessariae
878 1093 944 1167 hoc
962 1111 1119 1189 tempore
1132 1101 1397 1185 admonitionis,
1421 1122 1482 1170 ae-
1533 1096 1672 1189 hausit,
1698 1106 1796 1195 quod
1817 1118 1920 1195 negat
1932 1103 2047 1180 Deum
2072 1135 2146 1184 esse
2161 1116 2272 1187 alium
2287 1144 2393 1212 quam
2408 1148 2516 1196 mun·

500 1229 612 1302 quum
635 1218 705 1285 est,
737 1201 910 1295 patienter
942 1223 1006 1270 vos
1033 1222 1109 1270 cam
1128 1200 1274 1288 audire,
1307 1202 1415 1295 idque
1439 1214 1481 1271 ut
1532 1203 1640 1288 dum,
1665 1204 1761 1297 tollit
1776 1207 2049 1297 providentiam,
2073 1228 2109 1285 et
2124 1216 2250 1288 irridet
2264 1243 2338 1306 eos,
2363 1225 2426 1317 qui
2440 1250 2517 1296 cre-

496 1309 647 1392 faciatis,
672 1305 776 1375 etiam
791 1324 866 1372 oro.
1532 1304 1620 1376 dant
1632 1303 1766 1375 inferos
1786 1330 1877 1393 esse,
1904 1324 1966 1381 aut
1986 1313 2123 1387 animas
2144 1333 2301 1410 separata
2318 1347 2337 1393 a
2355 1330 2516 1419 corpori.

601 1408 738 1477 Plinius
755 1402 1212 1478 secundusNovocomensis
1224 1408 1302 1481 fuit.
1327 1402 1480 1477 Comum
1532 1406 1600 1476 bus
1616 1430 1796 1499 superatae
1811 1433 1851 1479 ac
1869 1410 1998 1483 vivere.

500 1527 614 1584 autem
624 1506 746 1577 ltaliae
755 1504 1033 1598 Transpadanos
1042 1512 1214 1601 oppidum
1226 1523 1289 1595 est,
1303 1532 1378 1578 non
1396 1530 1481 1598 pro-
1632 1505 1821 1580 Caeterum
1836 1534 1952 1583 mores
1968 1515 2045 1586 eius
2057 1540 2131 1587 non
2146 1521 2293 1610 perinde
2308 1520 2514 1617 inquinatos

500 1614 556 1684 cul
582 1633 601 1679 a
619 1607 828 1678 Mediolano
847 1611 891 1677 ad
908 1608 1053 1680 Larium
1071 1611 1204 1697 lacum,
1231 1612 1294 1705 qui
1316 1633 1413 1681 nunc
1434 1609 1479 1678 ab
1531 1608 1657 1695 luisse,
1691 1615 1922 1703 temperantia
1944 1616 2055 1709 ipsius
2079 1633 2113 1689 et
2128 1620 2301 1694 indefessa
2326 1628 2515 1702 assiduitas

498 1708 567 1783 hoc
582 1711 659 1803 ipso
679 1712 810 1802 oppido
826 1711 879 1782 brt
894 1708 1033 1798 Chunus
1056 1712 1120 1803 icch
1146 1715 1354 1804 appellatur.
1404 1709 1480 1779 Atii
1532 1712 1668 1802 arguit,
1699 1737 1790 1805 quae
1812 1713 1959 1786 virtutes
1986 1722 2172 1813 praecipua
2195 1740 2277 1797 sunt
2298 1750 2361 1800 ceu
2385 1726 2512 1826 ἀλεξη-

495 1813 739 1884 Veronensem
768 1837 848 1882 eom
870 1811 1025 1899 faciunt,
1055 1815 1145 1885 moti
1170 1811 1237 1884 hoc
1260 1825 1479 1902 argumento,
1529 1806 1657 1907 τήρια,
1681 1815 1992 1906 coutraplurimos
2008 1822 2181 1893 viciorum
2206 1828 2360 1902 morbos.
2414 1831 2512 1906 idern

496 1919 593 2012 quod
608 1912 802 1999 Catullum,
827 1937 932 2006 quem
952 1921 1089 1987 constat
1104 1915 1345 1986 Veronensem
1361 1913 1479 1996 fuisse,
1529 1915 1657 2005 probat
1671 1915 1779 1985 etiam
1796 1918 1949 1988 amicitia
1962 1918 2170 2013 Vespasiani
2185 1925 2423 2020 Imperatoris,
2449 1961 2513 2006 cu-

496 2042 601 2089 suum
626 2030 896 2086 conterraneum
920 2031 1031 2087 vocat.
1082 2016 1193 2087 Natus
1207 2032 1259 2088 est
1272 2028 1412 2101 autem,
1438 2027 1479 2084 ut
1531 2016 1587 2085 ius
1619 2015 1802 2107 integritas
1837 2031 1872 2089 et
1887 2024 2055 2093 severitas
2089 2026 2128 2096 in
2160 2053 2301 2101 morum
2322 2034 2510 2128 disciplina

497 2119 679 2208 colligitur
701 2142 796 2187 anuo
819 2116 956 2187 decimo
981 2117 1206 2209 imperatoris
1223 2118 1381 2202 Tiberii,
1405 2138 1478 2202 seu,
1529 2117 1670 2189 laudate
1685 2121 1877 2189 admodum
1894 2135 1946 2192 est
1961 2123 2000 2194 iu
2015 2120 2183 2214 historiis,
2210 2138 2510 2226 quemadmodum

425 2207 430 2216 ⁸
496 2234 741 2316 postmortem
759 2216 930 2307 Augusti,
957 2242 1027 2313 quo
1045 2234 1201 2313 tempore
1219 2218 1396 2290 Dominus
1411 2241 1478 2289 no-
1530 2218 1595 2287 lilii
1617 2243 1769 2312 quoque.
1779 2217 1878 2308 Titi,
1908 2224 2039 2316 quibus
2065 2232 2241 2303 ambobus
2270 2260 2349 2305 cum
2372 2238 2511 2312 plinfu,

497 2338 569 2395 ster
593 2319 690 2392 lesus
711 2315 876 2390 Christus
899 2319 969 2389 iam
996 2335 1116 2406 natus,
1157 2336 1192 2393 et
1213 2344 1318 2411 agens
1342 2343 1477 2391 annum
1531 2342 1633 2389 carus
1647 2334 1682 2390 et
1695 2313 1988 2396 familiarissimus
2002 2329 2125 2400 fuerit:
2153 2357 2227 2404 non
2244 2351 2294 2407 est
2308 2341 2512 2430 verisimile,

496 2424 620 2518 aetatis
642 2422 847 2492 vicesimum
863 2435 1018 2506 sextum,
1043 2423 1159 2494 adhuc
1182 2425 1249 2493 sub
1271 2447 1355 2493 cura
1372 2435 1406 2492 ct
1422 2422 1473 2489 di·
1531 2444 1611 2492 curn
1625 2420 1680 2491 sui
1694 2421 1803 2490 seculi
1816 2423 1994 2496 licentiam
2011 2430 2048 2500 in
2064 2433 2224 2505 moribus
2238 2461 2434 2531 usurpasse.

496 2525 645 2617 sciplina
679 2536 865 2615 parentum
900 2538 992 2603 erat,
1026 2548 1092 2593 nec
1122 2527 1207 2594 dum
1242 2524 1478 2594 ministerium
1631 2517 1799 2594 Eruditio
1814 2524 1890 2594 eius
1905 2540 2021 2599 autem
2038 2557 2117 2603 cum
2134 2538 2307 2609 excellens
2322 2558 2420 2629 esset,
2437 2545 2513 2632 illo,

496 2650 600 2700 suum
625 2626 767 2717 publice
790 2618 1028 2698 inchoaverat.
1080 2625 1166 2698 Fuit
1185 2639 1301 2696 antem
1318 2627 1349 2695 is
1363 2645 1478 2695 annus
1532 2624 1575 2693 de
1599 2648 1671 2717 quo
1696 2636 1814 2714 postca
1831 2625 1985 2710 dicetur,
2008 2636 2146 2706 ardenti
2163 2641 2282 2709 studio
2298 2663 2510 2737 comparata,

498 2728 627 2799 natalis
651 2725 782 2810 Plinii,
815 2728 1048 2814 sexagesimus
1080 2729 1227 2821 quintus
1257 2740 1336 2820 post
1366 2728 1479 2797 inter·
1530 2726 1638 2796 latere
1659 2749 1733 2794 uon
1753 2726 1881 2816 potuit.
1938 2730 2060 2826 itaque
2079 2737 2183 2808 etiam
2205 2744 2419 2833 aptioribus
2439 2747 2509 2819 hn-

495 2832 625 2901 lectum
639 2824 694 2899 M.
708 2825 927 2912 Ciceronem,
950 2830 1095 2923 quintus
1109 2852 1224 2899 annus
1236 2844 1315 2919 post
1327 2842 1477 2899 mortem
1532 2828 1770 2920 potatoribus,
1804 2830 1992 2922 praecipue
2034 2859 2117 2906 vcro
2151 2847 2334 2931 postremis
2361 2852 2513 2936 duobus,

497 2928 705 3003 Germanici
731 2925 905 3014 Caesaris,
946 2928 1024 3002 Titi
1046 2929 1141 2999 Livii
1160 2930 1350 3015 Historici‚
1382 2944 1417 3002 et
1438 2928 1479 3002 P.
1531 2952 1620 3022 quos
1633 2929 1718 3008 dixi,
1734 2932 1779 2999 ad
1794 2930 1983 3019 dignitates
1997 2935 2170 3008 militares
2185 2958 2321 3017 evectus
2336 2964 2398 3022 est.
2435 2947 2510 3021 Or-

472 3066 476 3074 ·
497 3027 625 3104 Ovidii
647 3028 797 3113 Poetae,
829 3030 892 3122 qui
915 3044 986 3101 tres
1010 3046 1225 3122 praestantes
1249 3032 1413 3122 ingenio,
1443 3043 1477 3100 et
1530 3030 1631 3100 dines
1647 3043 1763 3100 autem
1780 3045 1815 3102 et
1830 3046 1962 3103 turmas
1979 3038 2080 3109 duait
2093 3039 2131 3109 in
2140 3039 2325 3134 Hispaniis
2338 3048 2510 3135 etAlrica,

494 3133 619 3204 multis
635 3132 714 3201 aliis
731 3130 835 3199 donis
852 3132 940 3216 viri,
966 3136 1090 3203 codem
1109 3157 1203 3203 anno
1219 3133 1396 3206 obierunt.
1421 3126 1477 3201 Eo
1530 3132 1717 3223 praecipue
1742 3134 1886 3202 veroin
1911 3132 2103 3211 Germania
2133 3159 2273 3231 nostra,
2308 3151 2436 3244 inqua
2460 3156 2511 3225 ita

494 3249 653 3329 tempore
669 3234 732 3303 illa
748 3232 918 3303 orationis
933 3232 1083 3308 Latinae
1098 3237 1233 3326 puritas
1247 3247 1282 3305 et
1294 3234 1478 3323 elegantia,
1530 3233 1593 3303 diu
1616 3247 1773 3304 versatus
1788 3248 1858 3320 est,
1882 3250 1923 3307 ut
1942 3242 2152 3336 conquisitis
2173 3261 2208 3317 et
2221 3251 2442 3340 perlustratis
2456 3257 2511 3326 di-

494 3352 530 3410 ct
546 3334 813 3428 compositionis
826 3334 928 3420 ratio,
954 3362 1043 3430 quae
1057 3336 1366 3411 lucratCiceronis
1382 3350 1478 3408 aeta·
1529 3334 1680 3428 ligenter
1694 3337 1904 3423 annalibus,
1929 3344 2051 3415 omnia
2073 3345 2188 3432 bella,
2208 3376 2299 3445 quae
2320 3378 2400 3425 cnm
2418 3354 2511 3428 Ger.

496 3453 550 3523 te,
583 3439 653 3506 iam
678 3430 847 3515 nonnihil
870 3448 945 3504 erat
967 3438 1085 3507 studio
1102 3439 1289 3523 novitatis,
1321 3455 1361 3510 nt
1377 3440 1478 3524 solet,
1530 3438 1646 3508 manis
1660 3442 1704 3508 ad
1721 3461 1906 3534 suausque
1920 3458 2079 3536 tempora
2104 3446 2310 3524 aRomanis
2325 3471 2417 3544 gesta
2433 3460 2510 3527 fue.

496 3541 683 3608 immutata
707 3536 746 3602 in
769 3530 949 3604 horridius
976 3540 1154 3629 quoddam
1178 3555 1214 3609 et
1231 3541 1405 3610 concisius
1422 3543 1478 3612 di·
1530 3554 1631 3631 rant,
1658 3542 1898 3634 descripserit,
1932 3545 2059 3636 viginti
2084 3574 2123 3621 ea
2146 3554 2388 3628 voluminibus
2412 3583 2509 3629 com-

498 3638 603 3712 cendi
618 3660 748 3727 genus,
771 3637 874 3730 quale
891 3636 929 3704 in
944 3632 1050 3710 buius
1066 3634 1227 3710 authoris
1243 3641 1382 3732 scriptis
1400 3666 1475 3712 cer·
1529 3642 1670 3733 plexus,
1705 3644 1768 3736 qui
1792 3644 1878 3713 libri
1901 3646 1931 3713 si
1966 3662 2142 3730 extarent,
2175 3649 2386 3729 haberemus
2413 3656 2509 3733 haud

497 3767 582 3817 nere
603 3741 702 3826 licet,
733 3738 797 3833 qui
819 3751 936 3809 tamen
953 3742 1015 3812 ubi
1032 3742 1206 3827 adolevit,
1238 3743 1342 3813 etiam
1357 3766 1477 3835 gainas
1530 3742 1638 3812 dubie
1654 3757 1688 3812 et
1701 3746 1902 3832 regionum,
1928 3758 1963 3815 et
1981 3751 2194 3838 populorum
2212 3753 2509 3833 Germanicorum

496 3849 536 3918 in
551 3848 629 3918 foro
654 3843 743 3936 egit,
765 3856 800 3916 et
815 3840 927 3914 libros
943 3844 988 3913 de
1003 3842 1240 3916 Grammatico
1257 3845 1476 3939 conscripsit.
1529 3843 1758 3916 certissimam
1771 3846 2056 3938 descriptionem,
2076 3874 2182 3943 qnam
2198 3877 2296 3926 nunc
2311 3881 2413 3950 saepe
2427 3887 2507 3932 cum

498 3947 596 4019 Vixit
619 3962 736 4018 autem
758 3946 876 4016 seculo
892 3947 1051 4017 omnium
1069 3972 1158 4041 quae
1172 3948 1333 4034 fuerunt,
1357 3950 1476 4035 credo,
1528 3947 1652 4017 dolore
1672 3949 1922 4019 desideramus.

497 4050 782 4142 corruptissimo,
807 4047 871 4119 ubi
889 4072 962 4140 non
986 4050 1246 4140 modolegibus
1261 4053 1410 4135 scelera,
1436 4074 1476 4123 ac
1629 4047 1904 4122 Commendatae
1934 4052 2040 4123 etiam
2070 4057 2101 4125 ei
2132 4058 2277 4130 luerunt
2297 4061 2342 4129 ab
2372 4062 2509 4154 aliquot

495 4153 702 4248 praesertim
740 4149 929 4236 libidines,
967 4176 1043 4221 non
1080 4149 1374 4238 cohercebantur,
1414 4157 1475 4224 sed
1529 4149 1805 4244 imperatoribus
1819 4175 1939 4223 rerum
1956 4154 2262 4246 imperatoriamm
2288 4165 2509 4252 procuratio·

455 4285 459 4292 ·
494 4261 541 4329 ab
565 4256 651 4348 ipsis
679 4252 956 4344 imperatoribus
977 4253 1016 4322 in
1040 4255 1166 4346 vulgus
1181 4256 1342 4346 pessimis
1358 4279 1476 4325 exem·
1527 4276 1611 4339 nes,
1641 4253 1679 4321 in
1709 4253 1839 4346 quibos
1869 4278 1949 4323 cum
1973 4257 2078 4327 fidem
2100 4274 2136 4332 et
2163 4263 2381 4353 diligentiam
2406 4287 2506 4337 snam

494 4361 564 4452 plis
585 4369 836 4450 propagantur.
892 4352 1004 4425 Natus
1025 4358 1120 4425 enim
1143 4371 1300 4448 tempore
1324 4356 1474 4439 Tiberii,
1526 4353 1753 4444 Principibus
1769 4356 1968 4445 probasset,
1995 4363 2211 4450 pervenitad
2228 4389 2371 4456 magnas
2385 4393 2481 4460 opes.

495 4463 561 4532 sub
576 4455 855 4555 inquinatissimi
867 4469 902 4527 et
917 4457 1150 4526 crudelissimi
1175 4458 1346 4549 principis
1359 4460 1474 4549 impe·
1630 4454 1863 4548 Praecipuum
1877 4473 2008 4546 autem,
2035 4486 2100 4533 cur
2113 4465 2158 4533 de
2173 4459 2240 4536 boc
2255 4463 2404 4539 authore
2416 4466 2509 4539 mihi

494 4564 550 4632 rio
571 4563 739 4633 tredecim
765 4581 878 4630 annos
902 4557 1001 4632 vixit,
1053 4555 1152 4627 Vidit
1175 4571 1292 4648 postea
1306 4559 1479 4629 immania
1553 4556 1586 4627 ic
1605 4557 1795 4627 dicendum
1818 4573 2001 4650 putarem,
2026 4577 2078 4634 est
2093 4564 2190 4636 illius
2206 4568 2415 4641 incredibile
2430 4587 2507 4644 stu·

493 4662 623 4733 scelera
638 4657 717 4730 Caii
735 4658 933 4749 Caligulae,
959 4657 1120 4736 Claudii,
1145 4655 1306 4729 Neronis.
1347 4657 1473 4732 Postea
1526 4660 1626 4729 diurn
1652 4659 1794 4748 legendi
1818 4672 1853 4730 et
1874 4665 2070 4733 annotandi
2086 4689 2144 4752 ea,
2172 4693 2262 4761 quae
2282 4672 2377 4743 inter
2390 4675 2509 4765 legen-

493 4763 563 4833 fuit
586 4775 758 4850 spectator
781 4760 1002 4839 tristissimae
1021 4759 1205 4843 lanienae,
1228 4760 1292 4829 ubi
1315 4773 1385 4831 tres
1403 4760 1473 4831 lm·
1526 4761 1611 4831 dom
1632 4761 1880 4833 observatione
1902 4764 2008 4853 digua
2037 4786 2285 4857 occurrerunt,
2319 4800 2424 4867 quam
2452 4801 2508 4845 as-

492 4877 673 4957 peratorcs
696 4861 862 4950 deinceps
886 4880 959 4928 sese
971 4871 1097 4927 mutuo
1114 4861 1358 4945 confecerunt,
1385 4859 1474 4931 Gal·
1525 4862 1728 4932 siduitatem
1767 4863 1879 4955 ipsius
1916 4865 2116 4936 luculenter
2152 4872 2336 4963 descripsit
2376 4879 2509 4947 sororis

493 4970 557 5051 ba,
583 4957 684 5035 Otho
702 4974 737 5032 et
755 4960 939 5042 Vitellius,
966 4973 1000 5030 et
1021 4984 1140 5034 secum
1158 4987 1246 5056 pene
1260 4963 1403 5052 imperii
1418 4965 1474 5033 vi·
1525 4964 1638 5048 iilius,
1660 4960 1801 5035 Plinius
1816 4962 1941 5034 iunior
1956 4967 1994 5035 in
2011 4965 2170 5058 Epistola
2184 4978 2337 5067 quadam
2360 4981 2403 5048 ad
2420 4977 2510 5050 Cae-

492 5089 549 5137 res
563 5058 784 5145 everterunt,
809 5084 896 5158 quas
913 5075 1032 5152 postea
1055 5077 1172 5136 tamen
1188 5087 1310 5137 rursus
1325 5078 1471 5136 conatus
1525 5066 1668 5146 cilium,
1695 5065 1732 5131 iu
1755 5089 1823 5158 qua
1847 5065 1954 5151 dicit,
1980 5073 2196 5144 avunculum
2214 5100 2338 5159 suum,
2366 5104 2410 5149 ne
2427 5081 2507 5172 qui·

494 5183 547 5240 cst
561 5169 710 5239 excitare
732 5164 969 5259 Vespasianus
992 5181 1110 5258 pater,
1138 5168 1201 5262 qui
1234 5167 1339 5239 etiam
1367 5166 1473 5237 disci·
1525 5168 1605 5236 dem
1622 5189 1725 5236 curae
1741 5167 1896 5257 corporis
1914 5192 2058 5259 operam
2074 5175 2232 5263 dedisse,
2259 5193 2320 5249 aut
2344 5203 2505 5250 coenasse

493 5270 629 5365 plinam
666 5290 806 5337 morum
844 5268 1081 5342 severioribus
1115 5269 1251 5358 legibus
1278 5264 1471 5342 cohercuit.
1525 5267 1602 5337 sine
1618 5267 1769 5337 lectione
1783 5264 1958 5338 librorum
1976 5286 2036 5342 aut
2058 5279 2327 5351 auscultatione.
2377 5279 2506 5350 Surre-

494 5371 566 5445 Sed
583 5369 770 5460 imperium
795 5368 870 5439 eius
894 5394 969 5440 non
985 5370 1138 5440 multum
1155 5368 1247 5440 ultra
1263 5394 1392 5441 novem
1407 5395 1472 5440 an·
1523 5369 1615 5438 risse
1634 5369 1831 5462 plerunque
1854 5373 2008 5443 secunda
2031 5367 2119 5447 hora
2144 5383 2276 5466 noctis,
2301 5393 2340 5448 ut
2354 5403 2419 5450 nos
2436 5403 2507 5450 nu-

492 5497 559 5546 nos
572 5469 727 5543 duravit.
780 5466 823 5537 ln
838 5462 900 5538 'tati
915 5494 1056 5538 morum
1074 5470 1321 5561 corruptione,
1346 5486 1381 5543 et
1396 5471 1473 5539 bel·
1524 5492 1722 5550 meramus,
1750 5471 1929 5542 interdum
1958 5475 2093 5565 prima,
2125 5502 2226 5574 saepe
2254 5479 2357 5549 etiam
2387 5483 2504 5552 media

490 5578 608 5647 lorum
624 5570 874 5642 intestinorum
891 5568 989 5638 rabie
1006 5569 1068 5662 qui
1090 5569 1235 5659 vivunt,
1260 5595 1361 5661 aegre
1381 5571 1473 5641 effu·
1524 5585 1646 5654 nocte,
1671 5572 1763 5643 sicut
1785 5573 1860 5665 ipse
1880 5586 2028 5647 testatur
2038 5575 2196 5665 Plinius,
2219 5603 2255 5649 se
2275 5602 2356 5649 cum
2379 5604 2505 5654 somno

491 5678 614 5768 giuut,
645 5673 734 5768 quin
760 5669 896 5765 aliquid
926 5671 1169 5742 communium
1200 5673 1375 5742 viciorum
1402 5672 1471 5763 ipsi
1524 5671 1764 5744 valetudinem
1792 5691 2052 5769 computasse„
2067 5674 2135 5751 hoc
2165 5693 2236 5765 est,
2273 5702 2401 5754 somno
2431 5711 2507 5757 non

491 5801 633 5873 quoque
649 5775 844 5859 imbibant,
869 5788 999 5845 utnon
1014 5773 1118 5846 facile
1136 5773 1339 5863 contagium
1362 5787 1398 5845 et
1411 5773 1470 5844 in-
1523 5771 1605 5863 plus
1618 5774 1789 5864 temporis
1802 5776 2035 5868 impendisse,
2058 5802 2164 5874 quam
2186 5780 2387 5858 valetudini
2402 5801 2509 5860 tuen·
