6025 6775
491 736 564 805 957
1060 726 1088 797 Ι.
1129 716 1420 794 cuuoutcou
1447 714 1695 795 cautouts
1748 720 1874 795 PARS
1898 722 1945 811 lt.
2431 732 2505 803 958

494 905 647 973 ditiones
673 910 896 989 pepererunt.
962 895 1059 965 Sicut
1086 890 1251 961 historiae
1277 888 1478 970 Clementis,
1530 888 1693 957 cutienda
1726 904 1776 961 est
1806 888 1861 960 his
1891 894 2221 983 imaginationibus,
2254 922 2343 990 quae
2371 901 2507 990 fingunt

495 1000 691 1094 Epiphanii
722 1014 756 1070 et
786 996 950 1079 Eusebii,
983 997 1065 1061 inde
1092 1016 1202 1085 usque
1232 1015 1252 1060 a
1281 989 1478 1059 Marcionis
1529 984 1716 1057 discrimen
1738 993 1776 1059 in
1801 988 1985 1062 hominum
2012 998 2156 1068 materia
2179 1022 2271 1083 esse,
2295 1013 2357 1069 aut
2378 1003 2416 1069 in
2433 1001 2507 1071 Deo

497 1120 656 1194 tempore
684 1113 846 1183 narrant,
878 1100 914 1164 in
944 1095 1075 1187 quibus
1100 1094 1267 1161 scribitur
1289 1090 1476 1159 colluviem
1531 1088 1856 1186 προσωποληψίαν.
1910 1095 1980 1164 Sed
1997 1112 2143 1189 utraque
2160 1100 2282 1168 concio
2297 1101 2507 1171 universalis

496 1203 693 1275 Marcionis
711 1201 880 1291 oppidum
898 1191 1071 1287 Phrygiae
1087 1193 1262 1283 Pepuzam
1278 1191 1479 1258 nominasse
1530 1207 1597 1261 est:
1625 1193 1810 1262 Accusatio
1832 1198 1962 1285 peccati
1987 1199 2024 1265 in
2047 1199 2231 1284 omnibus,
2256 1202 2316 1292 qui
2335 1203 2409 1271 nati
2427 1219 2509 1273 sunt

497 1303 766 1396 lerosolymam,
791 1312 824 1367 et
847 1297 898 1367 ibi
918 1297 1126 1365 seditionem
1143 1292 1310 1374 movisse,
1335 1314 1478 1381 prorsus
1531 1316 1571 1360 ex
1593 1293 1842 1363 commixtione
1866 1298 1972 1366 maris
1994 1313 2027 1368 et
2049 1300 2243 1386 foeminae,
2271 1315 2305 1370 et
2322 1305 2509 1392 promissio

496 1420 536 1475 ut
553 1402 802 1492 Anabaptistae
819 1397 1028 1467 seditionem
1048 1395 1085 1462 in
1100 1395 1188 1462 urbe
1204 1391 1479 1463 Monasteriensi
1531 1394 1679 1481 gratiae,
1710 1397 1807 1465 iuxta
1836 1390 1920 1465 haec
1948 1399 2057 1469 dicta:
2090 1397 2219 1472 Venite
2239 1405 2283 1471 ad
2308 1426 2365 1470 rue
2388 1428 2510 1473 omnes

495 1518 692 1574 moverunt.

598 1603 760 1672 Tandem
789 1623 872 1667 vero
894 1595 1020 1665 Manes
1044 1596 1176 1665 dicitur
1197 1590 1264 1662 hoc
1289 1595 1394 1664 modo
1416 1617 1479 1685 pe-

484 1697 606 1776 riisse.
653 1701 741 1774 Cum
758 1725 794 1769 se
809 1724 872 1788 pro
888 1700 1024 1766 medico
1040 1697 1238 1766 venditaret
1252 1697 1344 1785 apud
1363 1717 1479 1783 regem

497 1805 693 1887 Persicum,
725 1816 758 1870 et
782 1801 895 1869 lilium
919 1799 993 1866 eius
1017 1799 1054 1864 in
1078 1798 1277 1878 curatione,
1311 1795 1479 1864 seudolo

497 1929 559 1974 seu
587 1904 726 1972 inscitia
754 1914 927 1984 necasset,
960 1922 1019 1966 rex
1044 1897 1203 1966 Persicus
1225 1909 1339 1964 cutem
1363 1897 1395 1964 ei
1419 1897 1480 1964 de·

497 2003 590 2075 trahi
607 2004 724 2085 iussit,
751 2016 784 2070 et
801 2003 849 2070 sic
865 2024 943 2069 eum
961 1998 1119 2066 interfici.

600 2099 892 2175 Cohorrescamus
919 2113 1033 2167 autern
1059 2094 1146 2167 haec
1167 2111 1366 2166 monstrosa
1392 2097 1480 2184 dog-

498 2217 590 2273 mata
629 2204 799 2291 legentes,
840 2215 873 2271 et
911 2200 1173 2268 considerantes
1202 2210 1332 2289 quanta
1357 2197 1481 2266 multi-

499 2306 585 2373 tudo
610 2305 859 2371 fascinatorum
876 2300 915 2368 in
931 2324 971 2368 ea
986 2313 1076 2368 secta
1094 2299 1220 2379 fuerit,
1246 2310 1280 2367 et
1294 2320 1400 2390 quam
1417 2297 1480 2366 diu

498 2401 584 2473 haec
599 2403 704 2493 pestis
719 2402 910 2473 duraverit.
961 2398 1050 2467 Nam
1065 2411 1104 2466 ut
1113 2396 1309 2467 Marcionis
1323 2412 1480 2488 tempora

499 2504 678 2587 omittam,
723 2517 802 2593 post
832 2499 1066 2569 Aurelianum
1096 2495 1299 2568 Manichaei
1334 2521 1481 2587 magnos

499 2621 617 2674 coetus
645 2604 685 2671 in
709 2603 848 2684 Persia,
880 2598 1060 2692 Aegypto,
1090 2598 1212 2668 Africa
1241 2600 1334 2668 etin
1357 2601 1480 2670 multis

498 2704 603 2773 Asiae
617 2704 705 2773 locis
721 2699 943 2779 habuerunt,
968 2700 1120 2790 amplius
1137 2702 1298 2769 ducentis
1315 2702 1429 2771 annis.

485 2877 488 2884 ,
598 2802 696 2872 Haec
712 2799 903 2891 cogitantes
918 2822 1147 2889 agnoscamus
1161 2814 1195 2871 et
1209 2824 1282 2872 esse
1297 2802 1481 2885 Diabolos,

499 2920 534 2977 et
554 2902 776 2975 horribiliter
800 2900 964 2970 insidiari
980 2897 1177 2985 Ecclesiae,
1203 2915 1237 2971 et
1259 2926 1333 2971 non
1354 2904 1481 2971 adsen-

498 3008 628 3075 tiamur
656 3003 885 3095 inexploratis
915 3003 1158 3088 dogmatibus,
1189 3005 1252 3072 sed
1281 3004 1481 3073 doctrinam

497 3103 676 3175 Ecclesiae
698 3107 790 3174 r'ecte
812 3105 1003 3185 discamus,
1028 3116 1064 3171 et
1086 3104 1235 3170 assiduis
1257 3101 1349 3172 votis
1370 3100 1480 3172 aDeo

497 3220 678 3297 petamus,
709 3220 747 3275 ut
772 3227 837 3273 nos
859 3204 982 3273 doceat
1004 3216 1037 3271 et
1060 3205 1253 3291 gubernet,
1280 3203 1375 3291 ,sicut
1393 3202 1481 3271 Pro-

499 3303 605 3399 pheta
630 3307 772 3376 clamat:
798 3304 867 3374 Fac
890 3328 970 3372 curn
995 3326 1095 3372 servo
1120 3317 1182 3371 tuo
1202 3306 1395 3371 secundum
1414 3304 1482 3369 mi·

500 3408 725 3477 sericordiam
748 3421 864 3490 tuam,
891 3419 924 3475 et
946 3405 1207 3474 iustificationes
1224 3418 1302 3472 tuas
1314 3407 1400 3472 doce
1416 3427 1481 3473 me.

500 3509 651 3598 Sintque
662 3509 701 3575 in
715 3522 904 3598 conspectu
918 3507 1037 3573 firmae
1052 3506 1297 3594 refutationes,
1324 3517 1481 3592 sumptae

501 3633 542 3677 ex
564 3608 757 3698 perspicuis
781 3607 988 3677 testimoniis
1013 3606 1165 3687 divinis,
1196 3627 1285 3696 quae
1306 3605 1481 3673 affirmant

501 3732 573 3776 esse
590 3732 702 3777 unum
715 3721 749 3777 ct
764 3722 944 3778 aeternum
958 3706 1174 3798 principium
1189 3707 1341 3788 bonurn,
1366 3702 1480 3773 Deum

500 3832 624 3877 verum
650 3821 841 3876 creatorem
875 3809 1034 3877 omnium
1062 3820 1300 3876 creaturarum
1335 3819 1368 3874 et
1398 3805 1480 3873 uni-

502 3933 619 3978 versae
640 3908 808 3978 materiae
832 3932 1034 3997 corporum:
1070 3932 1134 3976 nec
1159 3932 1230 3976 esse
1251 3907 1347 3975 aliud
1370 3919 1481 3974 aeter-

1531 1494 1595 1583 qui
1618 1493 1784 1566 laboratis
1807 1510 1841 1566 et
1861 1500 1998 1567 onerati
2013 1500 2113 1583 estis,
2138 1515 2172 1572 et
2189 1526 2252 1591 ego
2268 1504 2419 1571 reficiam
2437 1528 2509 1573 vos.

1533 1588 1702 1661 lobannis
1718 1596 1770 1667 3.:
1803 1596 1863 1667 Sic
1884 1596 1980 1667 Deus
2003 1602 2124 1670 dilexit
2145 1604 2335 1687 mundum,
2368 1617 2408 1673 ut
2430 1607 2513 1672 uni-

1532 1693 1688 1782 genitum
1717 1695 1831 1763 filium
1858 1699 2015 1778 dederit,
2045 1712 2084 1768 ut
2111 1703 2226 1769 omnis
2257 1702 2319 1796 qui
2339 1704 2450 1773 credit
2473 1708 2511 1772 iu

1533 1818 1613 1864 eum
1650 1819 1723 1862 non
1754 1812 1898 1884 pereat,
1940 1802 1997 1867 sed
2034 1795 2160 1871 habeat
2187 1804 2294 1872 vitam
2323 1820 2513 1878 aeternam.

1533 1893 1638 1963 ltem:
1677 1897 1776 1964 Deus
1814 1897 1890 1965 vult
1927 1922 2048 1967 omnes
2082 1897 2244 1976 homines
2280 1905 2394 1974 salvos
2426 1904 2513 1988 fieri,

1534 1993 1639 2065 ltem:
1666 1995 1747 2066 Non
1764 1997 1867 2066 estin
1881 1995 1957 2066 Deo
1971 1997 2281 2095 προσωποληψία,
2308 2017 2374 2077 etc.

1635 2096 1739 2184 Quod
1758 2099 1860 2167 etiarn
1876 2095 2080 2167 Manichaei
2094 2101 2275 2171 dixerunt:
2303 2100 2436 2172 Omnia
2454 2129 2515 2171 ne-

1532 2199 1680 2267 cessario
1704 2199 1800 2278 fieri,
1825 2199 1937 2267 bonas
1958 2212 1992 2269 et
2011 2200 2119 2269 molas
2134 2201 2308 2281 actiones,
2336 2217 2466 2275 tetrum
2483 2220 2518 2273 et

1533 2298 1748 2367 diabolicum
1771 2300 1994 2369 mendacium
2015 2314 2084 2384 est,
2118 2304 2411 2372 contumeliosum
2430 2329 2517 2372 con-

1533 2410 1585 2468 tra
1602 2397 1737 2482 Deum,
1758 2414 1793 2470 et
1812 2401 2048 2491 perniciosum
2062 2402 2233 2476 moribus.
2285 2402 2518 2474 Manifestum

1533 2512 1584 2570 est
1601 2500 1696 2567 enim
1713 2499 1864 2570 Paulum
1881 2503 2066 2571 adfirmare
2082 2526 2154 2573 esse
2169 2504 2323 2597 aliquam
2341 2505 2517 2574 iusticiam

1533 2601 1666 2686 carnis,
1699 2625 1789 2692 quae
1821 2616 1873 2671 est
1895 2616 2036 2672 externa
2060 2604 2288 2689 gubernatio,
2312 2629 2388 2699 ¹qua
2409 2600 2517 2673 homo

1533 2702 1643 2769 libere
1671 2702 1761 2788 regit
1787 2717 1929 2772 externa
1958 2704 2135 2782 membra,
2167 2727 2213 2772 ne
2243 2705 2374 2775 faciant
2396 2710 2520 2775 contra

1532 2802 1643 2887 legem
1674 2799 1754 2871 Dei.
1817 2801 1899 2871 Ideo
1932 2803 2066 2894 inquit:
2099 2803 2172 2872 Lex
2204 2803 2428 2893 Paedagogus
2459 2820 2518 2872 est.

1533 2899 1664 2990 Aliqua
1682 2901 1790 2989 igitur
1804 2901 1947 2971 libertas
1963 2920 2028 2984 est,
2054 2918 2088 2974 et
2103 2904 2141 2972 in
2157 2928 2231 2973 non
2246 2906 2394 2987 renatis,
2421 2907 2516 2972 vide‹

1534 3002 1615 3070 licet
1630 3001 1773 3088 regendi
1790 3015 1949 3071 externas
1963 3004 2137 3085 actiones,
2162 3028 2241 3088 seu,
2267 3019 2307 3075 ut
2321 3027 2387 3073 nos
2401 3005 2519 3097 loqui-

1535 3125 1632 3183 mur,
1674 3102 1818 3189 regendi
1848 3104 2108 3175 locomotivam.
2168 3103 2288 3175 Multo
2319 3106 2436 3175 verius
2467 3122 2518 3176 est

1534 3203 1678 3272 libertas
1714 3202 1752 3269 in
1781 3203 1928 3286 renatis,
1967 3199 2095 3295 loseph
2125 3205 2313 3278 adiuvatur
2336 3232 2356 3275 a
2380 3204 2518 3296 Spiritu

1534 3317 1674 3382 sancto,
1700 3315 1739 3371 ut
1762 3297 1841 3370 heri
1865 3304 2049 3393 coniugem
2069 3307 2198 3397 fugiat,
2225 3321 2390 3377 ettamen
2406 3307 2517 3375 libere

1534 3418 1568 3473 et
1590 3404 1714 3472 voleus
1735 3427 1808 3472 non
1830 3418 1969 3473 coactus
1985 3407 2084 3495 fugit.
2136 3409 2255 3478 David
2273 3409 2383 3478 libere
2400 3423 2435 3479 et
2453 3435 2517 3477 vo-

1534 3506 1610 3572 lens
1636 3528 1707 3572 non
1731 3519 1871 3574 coactus
1893 3508 1985 3596 rapit
2009 3507 2153 3578 alterius
2170 3511 2375 3598 coniugem,
2402 3521 2436 3578 et
2453 3532 2517 3598 po-

1535 3619 1624 3674 terat
1648 3606 1820 3695 imperare
1843 3608 1994 3675 externis
2017 3607 2206 3693 membris,
2231 3632 2276 3677 ne
2294 3610 2445 3677 alienam
2463 3622 2517 3677 at-

1534 3707 1701 3793 tingeret,
1726 3708 1929 3796 pracsertim
1956 3732 2036 3776 cum
2059 3721 2159 3778 antea
2181 3709 2402 3780 domicilium
2428 3711 2516 3779 fuis-

1533 3820 1584 3876 set
1614 3806 1768 3896 Spiritus
1801 3807 1926 3876 sancti.
1996 3805 2104 3876 Posse
2133 3809 2243 3898 igitur
2273 3810 2346 3878 labi
2377 3825 2517 3879 renatos

1533 3911 1724 3977 ostendunt
1752 3909 1907 3996 exempla
1938 3903 2151 3992 Pharaonis,
2185 3908 2321 3994 Saulis,
2354 3910 2518 3990 Davidis,

501 4036 584 4081 num
602 4009 816 4100 principium
834 4031 995 4099 pugnans
1011 4032 1092 4077 curn
1106 4010 1213 4094 bono,
1230 4020 1480 4098 necpeccatum
1534 4006 1628 4079 Petri
1651 4022 1684 4077 et
1706 4009 1858 4077 aliorum
1875 4007 2210 4094 innumerabilium,
2237 4032 2388 4102 quorum
2403 4009 2516 4099 aliqui

502 4126 617 4180 ortum
634 4135 705 4181 esse
722 4111 767 4179 ab
783 4123 923 4179 aeterna
939 4121 1078 4190 natura,
1104 4134 1168 4179 nec
1185 4135 1225 4180 ex
1240 4109 1396 4188 materia,
1422 4109 1480 4175 sed
1534 4120 1656 4178 rursus
1679 4108 1723 4174 ad
1743 4103 1858 4174 Deum
1879 4118 2153 4191 convertuntur,
2184 4125 2224 4179 ut
2244 4107 2409 4196 Abaton,
2441 4107 2516 4178 Da-

502 4212 725 4282 avoluntate
747 4208 984 4280 Diabolorum
1006 4224 1039 4279 et
1062 4211 1260 4301 primorum
1283 4221 1481 4299 parentum,
1534 4210 1605 4281 vid.
1664 4205 1787 4297 Aliqui
1815 4217 1925 4275 ruunt
1954 4204 1993 4273 in
2024 4221 2205 4278 aeternum
2234 4206 2398 4290 exitium,
2440 4234 2515 4278 non

503 4309 565 4404 qui
586 4335 622 4378 se
638 4315 748 4381 libere
763 4324 964 4381 averterunt
981 4333 1001 4378 a
1017 4310 1109 4394 Deo,
1134 4312 1217 4402 quia
1234 4309 1480 4397 scriptumest:
1534 4309 1630 4403 quod
1655 4307 1726 4375 sint
1748 4309 1792 4377 ab
1815 4307 1882 4376 alia
1900 4308 2045 4377 materia
2063 4309 2153 4395 orti,
2177 4311 2235 4378 sed
2254 4333 2335 4379 suae
2351 4312 2515 4380 volunta·

503 4410 584 4481 Non
593 4411 691 4478 Deus
705 4411 826 4481 volens
840 4410 1054 4502 impietatem
1070 4424 1110 4477 tu
1126 4433 1171 4482 es.
1221 4408 1328 4491 ltem,
1349 4406 1481 4478 Iohan-
1535 4412 1578 4483 tis
1593 4408 1743 4480 malicia.

504 4514 560 4579 nis
578 4511 628 4578 8.:
656 4509 808 4596 Quando
824 4511 1044 4581 mendacium
1061 4507 1233 4580 Diabolus
1247 4511 1415 4602 loquitur,
1442 4534 1483 4578 ex
1634 4507 1783 4578 Errores
1799 4504 2089 4578 Manichaeorum
2114 4511 2158 4580 de
2179 4510 2343 4601 coniugio
2365 4527 2399 4580 ct
2419 4513 2515 4604 poli-

504 4614 658 4704 propriis
673 4610 847 4702 loquitur,
871 4615 952 4705 quia
968 4614 1118 4680 mendax
1134 4625 1195 4694 est,
1221 4624 1253 4679 et
1270 4625 1368 4701 pater
1381 4635 1482 4680 meu·
1535 4614 1604 4682 tico
1623 4612 1766 4694 ordine,
1792 4633 1869 4678 rum
1886 4610 2068 4680 manifeste
2081 4610 2183 4699 impii
2200 4613 2288 4695 sint,
2313 4610 2514 4683 testimonia

503 4713 604 4782 dacii.
1535 4726 1618 4784 sunt
1640 4737 1714 4781 eam
1739 4723 1865 4780 sectam
1889 4723 1922 4778 et
1944 4711 2094 4793 similes,
2125 4710 2359 4782 Diabolorum
2382 4737 2514 4804 organa

608 4813 750 4882 Falsum
770 4825 820 4881 est
836 4812 939 4883 etiant
953 4827 1097 4906 propter
1113 4811 1291 4880 materiam
1308 4811 1483 4879 diversam
1535 4838 1621 4884 esse.
1671 4809 1761 4882 Cum
1784 4810 1892 4900 igitur
1913 4809 2087 4884 filiusDei
2109 4813 2193 4884 velit
2217 4815 2370 4884 discerni
2394 4839 2513 4893 veram

508 4916 596 4983 alios
627 4937 727 5002 posse
756 4913 933 4991 converti,
967 4917 1054 4985 alios
1085 4938 1158 4983 non
1190 4935 1290 5003 posse
1314 4912 1485 4996 converti,
1535 4912 1728 4985 Ecclesiam
1756 4913 1800 4980 ab
1822 4913 1929 5001 impia
1952 4914 2120 4997 colluvie,
2150 4915 2391 4984 doctrinarum
2415 4941 2513 5002 voce,

508 5017 591 5107 quia
621 5027 753 5081 certum
776 5027 829 5084 est
851 5036 925 5081 non
947 5037 1018 5083 esse
1035 5016 1226 5085 discrimen
1251 5014 1290 5080 in
1305 5036 1485 5104 propaga·
1535 5017 1624 5084 sicut
1646 5014 1813 5102 scriptum
1837 5025 1902 5079 est:
1935 5008 2031 5080 Oves
2051 5037 2151 5082 meae
2173 5039 2292 5084 vocem
2315 5040 2427 5084 meam
2447 5042 2512 5086 au-

507 5118 604 5185 tione
625 5110 828 5197 hominum,
855 5125 997 5203 propter
1013 5117 1165 5187 diversas
1180 5114 1362 5197 materias,
1388 5115 1484 5207 quod
1536 5117 1652 5185 diunt.
1704 5112 1807 5181 ltem:
1833 5107 1889 5178 Ex
1903 5109 2074 5182 fructibus
2084 5137 2206 5184 eornm
2217 5119 2430 5206 cognoscetis
2443 5143 2512 5190 eos.

466 5253 469 5258 ·
507 5220 553 5286 ad
569 5229 749 5304 peccatum
763 5215 904 5299 attinet,
927 5216 985 5282 sed
1002 5239 1121 5287 omnes
1134 5214 1297 5288 homines
1312 5239 1353 5284 ex
1368 5211 1484 5284 Adam
1537 5215 1696 5288 Sciamus
1711 5207 1941 5280 Manichaeos
1957 5225 1991 5282 et
2006 5213 2137 5284 similes
2150 5238 2229 5284 cum
2248 5217 2431 5289 manifeste
2445 5221 2513 5286 im-

508 5333 543 5388 et
557 5314 657 5384 Heva
677 5330 903 5407 propagatos,
929 5339 969 5384 ex
983 5317 1228 5388 commixtione
1243 5316 1351 5386 maris
1365 5328 1400 5384 et
1411 5316 1485 5384 foe·
1536 5317 1614 5407 pios
1630 5316 1768 5385 furores
1783 5311 1993 5399 defendant,
2015 5338 2236 5409 nequaquam
2252 5340 2324 5387 esse
2340 5319 2430 5388 cives
2444 5315 2514 5387 Ec-

508 5418 624 5486 minae
654 5430 853 5500 nascentes,
887 5416 1023 5484 adferre
1050 5431 1226 5506 peccatum
1252 5417 1415 5507 originis,
1446 5428 1487 5484 ut
1537 5416 1662 5487 clesiae
1682 5415 1771 5494 Dei,
1804 5426 1838 5483 et
1865 5413 2039 5503 fugiamus
2066 5429 2100 5489 ct
2129 5440 2330 5488 exercemur
2352 5443 2410 5487 eos
2434 5432 2513 5486 tan-

509 5520 623 5606 capite
666 5519 791 5611 quinto
831 5519 876 5587 ad
910 5515 1093 5587 Romanos
1129 5519 1309 5606 perspicue
1345 5517 1485 5587 dicitur.
1537 5541 1644 5610 quam
1666 5514 1784 5585 hostes
1806 5515 1897 5599 Dei,
1929 5530 1965 5586 et
1986 5518 2125 5606 agmina
2147 5515 2389 5589 Diabolorum.
2441 5517 2516 5588 Ex-

509 5617 650 5688 Rursus
671 5621 776 5689 etiam
799 5641 940 5700 omnes,
966 5617 1084 5710 quiin
1099 5616 1191 5684 veris
1205 5619 1385 5689 doloribus
1404 5613 1487 5686 voce
1537 5631 1615 5688 tant
1635 5631 1752 5688 autem
1775 5617 1901 5707 scripta
1922 5619 1967 5686 de
1989 5619 2153 5708 coniugio
2176 5637 2210 5688 et
2230 5617 2374 5707 politico
2389 5617 2515 5686 ordine

508 5715 717 5804 Evangelii,
743 5722 779 5789 id
803 5736 870 5805 est,
894 5719 1125 5811 promissione
1147 5715 1278 5804 gratiae
1293 5721 1488 5808 eriguntur,
1538 5720 1578 5789 in
1591 5720 1721 5790 nostris
1736 5713 1901 5788 Ecclesiis
1918 5718 2029 5805 edita,
2053 5712 2393 5813 quaeManichaeis,
2418 5714 2516 5788 Ana-

509 5819 602 5888 fiunt
621 5814 788 5890 haeredes
803 5834 963 5893 aeternae
978 5820 1117 5905 salutis,
1141 5840 1205 5888 nec
1222 5818 1414 5890 consolatio
1429 5845 1489 5890 ex·
1539 5823 1698 5916 baptistis
1713 5831 1747 5891 ct
1760 5819 1838 5891 aliis
1853 5819 2014 5891 fanaticis
2027 5819 2159 5913 opponi
2174 5816 2267 5890 volo.
2304 5813 2395 5887 Nam
2410 5813 2518 5890 buius

1904 5919 1995 5991 61*
