6025 6775
503 677 575 748 761
1184 669 1212 741 1.
1266 665 1561 744 CHRONICON
1592 665 1840 745 CARIONIS.
2456 707 2531 785 752

504 847 680 920 heruatio.
747 841 945 916 Crevcrunt
972 842 1039 912 sub
1069 863 1109 908 eo
1143 839 1321 910 idolorum
1361 840 1487 910 cultus.
1513 845 1518 890 ¹
1542 841 1717 933 completa
1732 856 1814 913 sunt
1828 844 1896 914 tria
1911 848 2022 919 millia
2036 845 2407 941 an'norumaeoudito
2422 899 2526 948 mun.

503 947 640 1041 Spretis
664 945 843 1014 seniorum
870 942 1042 1024 consiliis,
1068 964 1147 1009 cum
1173 965 1247 1012 non
1267 940 1374 1009 vellet
1392 939 1488 1009 leva·
1539 942 1599 1016 do.
1651 939 1704 1012 lta
1720 940 1818 1015 Deus
1833 970 1906 1016 non
1923 948 2037 1039 longis
2053 954 2250 1031 intervallis
2265 964 2440 1043 Doctores
2455 981 2522 1047 mi.

503 1050 637 1120 tionem
652 1069 801 1116 onerum
818 1045 1039 1137 publicorum
1052 1042 1258 1131 admittere,
1283 1042 1488 1111 defecerunt
1537 1043 1601 1127 sit,
1626 1044 1758 1136 quibus
1774 1047 1913 1119 addidit
1930 1050 2081 1123 illustria
2101 1060 2318 1137 testimonia:
2345 1069 2429 1146 Post
2444 1074 2520 1150 Noe

501 1153 546 1220 ab
570 1173 611 1218 eo
633 1149 754 1217 decem
783 1146 914 1228 tribus,
944 1155 980 1212 et
1001 1141 1100 1211 aliud
1122 1165 1269 1232 regnum
1293 1142 1486 1211 constitue-
1537 1139 1737 1231 Abraham,
1779 1144 1924 1240 loseph,
1966 1150 2112 1240 Mosen,
2149 1157 2270 1249 losue,
2306 1167 2519 1265 Samuelem,

501 1263 599 1322 runt.
661 1245 776 1318 Gessit
803 1244 896 1313 bella
925 1240 1139 1313 infoeliciter
1168 1266 1248 1311 cum
1275 1264 1355 1331 rege
1388 1239 1485 1312 lero·
1533 1241 1726 1326 Davidem,
1751 1260 1786 1316 et
1807 1274 1887 1318 mox
1908 1251 2010 1322 valde
2029 1255 2184 1347 insignes
2198 1260 2316 1338 Ellam
2334 1269 2518 1350 etElisae.

501 1351 604 1420 boam
629 1362 664 1417 et
685 1370 762 1415 cum
785 1339 980 1438 Aegyptiis.
1042 1341 1095 1414 lta
1116 1356 1196 1434 post
1219 1366 1361 1412 auream
1388 1359 1482 1415 aeta·
1532 1368 1607 1419 um.
1658 1341 1838 1417 Elisaeum
1863 1352 1999 1421 audivit
2020 1349 2154 1435 Esaias.
2206 1362 2313 1440 Hunc
2336 1370 2513 1454 Ieremias,

501 1465 571 1520 tem
613 1445 812 1518 Salomonis
852 1459 888 1514 et
929 1454 1068 1535 peccata
1100 1445 1276 1512 cumulata
1308 1455 1408 1528 sunt,
1448 1459 1482 1516 et
1534 1443 1718 1515 lercmiam
1742 1446 1883 1524 Daniel.
1933 1450 2115 1528 Danielem
2142 1459 2304 1555 Aggasus
2327 1474 2515 1553 etZacha.

499 1569 643 1638 magnae
659 1546 877 1615 calamitates
894 1557 1044 1615 secutae.
1078 1540 1175 1614 Haec
1191 1545 1483 1644 exemplanosten·
1532 1545 1614 1620 rias.
1663 1545 1803 1620 Deinde
1819 1551 2190 1649 tuemntMatachias,
2213 1562 2346 1654 Onias,
2372 1574 2514 1654 Maces.

499 1653 607 1733 dunt,
627 1670 693 1717 nec
710 1646 921 1715 diuturnum
938 1668 1014 1716 esse
1028 1645 1189 1717 soelicem
1205 1656 1334 1716 statum
1352 1667 1481 1736 regno·
1532 1645 1630 1729 basi,
1656 1644 1813 1733 Simeon,
1838 1650 2040 1742 Zacharias,
2065 1657 2242 1737 Iohannes
2255 1667 2443 1763 Baptista*
2450 1686 2513 1774 qui

497 1773 597 1833 rum,
621 1772 686 1818 nec
703 1749 820 1816 sedem
838 1748 986 1816 eandem
1000 1745 1231 1837 imperiorum
1246 1746 1310 1815 din
1324 1769 1480 1836 manere,
1531 1746 1743 1817 monstravit
1776 1747 1959 1824 Christum
1995 1778 2224 1849 praesentem.
2288 1771 2512 1854 Gubernatio

494 1852 587 1921 sicut
610 1848 647 1917 in
671 1846 832 1919 Siracide
847 1848 993 1918 dicitnr:
1017 1843 1184 1936 Regnum
1209 1860 1347 1937 agente
1363 1860 1480 1917 trans·
1531 1860 1649 1918 autem
1672 1842 1714 1913 E
1721 1843 1738 1915 l
1744 1844 1761 1915 i
1767 1872 1834 1931 oe,
1860 1870 2031 1943 quantum
2057 1886 2097 1931 ex
2114 1866 2243 1958 scripta
2258 1865 2405 1948 historia
2418 1885 2511 1952 sumi

495 1951 612 2021 fertur
626 1951 670 2018 ad
685 1963 824 2039 gentem
841 1962 986 2041 propter
1000 1944 1226 2022 iniusticiam.
1262 1944 1478 2042 Quanquam
1530 1962 1656 2040 potest,
1682 1950 1928 2041 complectitur
1943 1978 2055 2027 annos
2071 1962 2198 2052 viginti
2215 1970 2363 2044 circiter.
2400 1974 2442 2046 E
2448 1977 2512 2050 li.

494 2065 611 2123 autem
643 2063 679 2120 et
703 2046 882 2119 Ecclesiae
917 2059 1045 2118 nocent
1074 2048 1306 2140 imperiorum
1343 2050 1480 2133 ruinae,
1529 2047 1632 2118 soei
1652 2050 1860 2138 gubernatio
1876 2053 2016 2125 circiter
2031 2081 2144 2133 annos
2158 2074 2391 2163 septuaginta.
2428 2079 2512 2156 Fuit

493 2166 613 2223 tamen
628 2149 724 2221 Deus
736 2151 873 2241 potenti
887 2152 1006 2219 dextra
1027 2149 1196 2243 reliquias
1213 2163 1417 2235 conservat,
1443 2163 1479 2220 et
1529 2167 1646 2221 autem
1670 2151 1794 2239 ingens
1810 2152 2038 2242 heneficium,
2063 2163 2149 2231 tales
2163 2168 2324 2243 doctores
2340 2190 2413 2247 tam
2431 2182 2511 2253 lon.

495 2266 640 2345 propter
659 2274 717 2321 eas
738 2251 994 2345 aliquantisper
1015 2249 1162 2341 imperia
1182 2251 1326 2334 retinet,
1352 2273 1398 2319 ne
1414 2251 1477 2319 de·
1528 2274 1572 2341 go
1598 2266 1754 2342 tempore
1778 2247 1923 2340 habere,
1948 2258 2010 2351 qui
2032 2260 2076 2329 de
2104 2264 2225 2335 dubiis
2245 2280 2511 2363 quaestionibus

495 2354 566 2425 sint
600 2347 768 2443 hospitia.
831 2348 935 2422 Hanc
972 2351 1249 2421 consolationem
1278 2346 1477 2443 Prophetae
1527 2353 1741 2441 respondere
1769 2366 1943 2443 poterant.
2002 2355 2056 2428 Ac
2085 2383 2273 2456 propagata
2305 2390 2356 2446 est
2380 2374 2509 2454 horum

495 2451 598 2546 saepe
617 2466 791 2543 repetunt.
1527 2453 1689 2522 doctrina
1713 2455 1756 2521 ad
1774 2470 1951 2543 posteros,
1979 2460 2063 2551 quia
2079 2478 2197 2538 coetus
2222 2471 2433 2549 discentium
2450 2507 2511 2555 eos

598 2549 635 2622 A
642 2549 687 2621 bi
692 2575 716 2621 o
739 2554 833 2623 lilius
853 2550 1018 2623 Roboam
1040 2552 1201 2640 regnavit
1221 2565 1292 2622 tres
1308 2573 1421 2621 annos
1437 2550 1476 2620 in
1527 2548 1692 2623 habuisse
1707 2556 1932 2626 manifestum
1949 2573 2009 2630 est.

493 2650 594 2724 Iuda.
648 2651 742 2724 Vicit
755 2676 882 2742 magno
896 2652 1031 2744 praelio
1046 2653 1235 2721 exercitum
1250 2649 1448 2724 lerohoam.
1629 2653 1775 2724 Necesse
1798 2671 1849 2727 est
1870 2671 2009 2745 autem,
2036 2675 2143 2734 totam
2170 2672 2295 2744 seriem
2311 2674 2509 2772 Propheta-

595 2747 688 2822 Aso
713 2756 874 2843 regnavit
897 2753 935 2821 in
963 2751 1050 2822 luda
1077 2775 1189 2821 anuos
1214 2750 1276 2826 41.
1334 2751 1477 2823 Delevit
1527 2777 1625 2839 rum,
1649 2779 1771 2825 corum
1788 2775 1927 2842 vocem,
1952 2771 2376 2862 consensumdoctrinae,
2399 2785 2509 2856 mira.

492 2853 607 2938 idola,
640 2857 746 2924 etiam
778 2855 1004 2924 suae'matris
1031 2853 1161 2944 impios
1184 2852 1300 2922 cultus
1323 2853 1475 2924 sustulit.
1527 2853 1626 2938 cula,
1665 2856 1952 2928 coniunctionem
1991 2861 2085 2931 inter
2119 2866 2233 2956 ipsos,
2274 2881 2509 2961 considerare.

490 2945 589 3027 Vicit
602 2951 808 3045 Aethiopes.
859 2952 929 3024 Sed
945 2966 1065 3044 postca
1081 2968 1237 3023 mutatus
1254 2953 1336 3023 iecit
1350 2954 1475 3023 soedus
1526 2953 1616 3024 Nam
1641 2957 1864 3028 consentiens
1887 2983 1954 3028 vox
1979 2961 2160 3035 doctrinae
2184 2974 2301 3042 erudit
2323 2993 2356 3048 et
2378 2985 2509 3053 confir·

493 3043 573 3128 cum
592 3079 673 3146 rege
687 3054 832 3150 Syriae,
855 3066 889 3125 et
904 3054 1111 3144 obiurgatus
1124 3050 1341 3148 Prophetam
1358 3054 1474 3125 inclo-
1525 3068 1600 3126 mat
1621 3055 1696 3145 pias
1726 3070 1880 3143 mentes,
1914 3073 1949 3129 et
1981 3061 2078 3133 illins
2099 3063 2331 3156 pulcherrimi
2358 3083 2509 3166 agminis

492 3157 788 3230 sitiucarcerem.
1527 3155 1730 3228 coniunctio
1762 3159 1935 3243 ostendit,
1973 3174 2007 3232 ct
2035 3187 2108 3234 csse
2139 3162 2333 3244 Ecclesiam
2356 3177 2442 3268 Dei,
2474 3200 2509 3256 et

593 3248 831 3354 Iosophat
853 3253 1116 3346 pinsetsoelix.
1166 3251 1345 3346 Regnavit
1359 3257 1398 3326 in
1413 3255 1474 3327 lu·
1527 3257 1639 3350 qualis
1657 3257 1713 3330 sit.
1765 3256 1892 3330 Monet
1905 3262 2089 3350 docentes,
2122 3282 2162 3338 nt
2177 3271 2246 3362 ipsi
2264 3300 2405 3372 qnoque
2422 3309 2509 3357 con.

491 3361 538 3431 da
559 3382 670 3433 annos
692 3357 822 3451 viginti
848 3355 1016 3450 quinque.
1075 3355 1219 3429 fecerat
1247 3360 1373 3430 foedus
1394 3383 1474 3429 cum
1527 3358 1742 3429 iunctionem
1766 3358 1859 3431 inter
1879 3384 1953 3433 sese
1975 3377 2151 3442 tueantur.
2203 3371 2301 3464 Quid
2325 3379 2510 3471 pulchrius

491 3484 573 3553 rege
594 3460 706 3555 impio
729 3453 875 3543 Achab,
901 3471 1045 3550 propter
1063 3458 1159 3552 quod
1175 3483 1195 3529 a
1211 3457 1289 3530 Deo
1306 3461 1474 3550 obiurga·
1526 3473 1576 3530 est
1592 3460 1654 3531 tali
1670 3459 1837 3550 collegio,
1860 3464 1964 3555 quale
1977 3481 2027 3537 est
2042 3465 2175 3553 Elisaei
2191 3487 2226 3545 et
2240 3479 2509 3575 discipulorum,

493 3574 636 3633 tuaest.
686 3560 814 3631 Postea
834 3560 933 3630 domi
946 3558 1078 3629 iudicia
1099 3561 1302 3645 constituit,
1328 3576 1363 3631 et
1380 3562 1475 3630 indi·
1525 3562 1564 3629 in
1599 3584 1670 3653 quo
1702 3558 1799 3631 Deus
1833 3557 1989 3650 habitat,
2029 3582 2064 3640 et
2096 3574 2280 3647 manifesta
2307 3583 2510 3661 testimonia

494 3663 595 3733 cibus
607 3662 665 3752 pia
679 3662 842 3732 mandata
860 3661 976 3746 dedit,
1001 3682 1091 3754 quae
1106 3661 1299 3732 recitantur
1313 3665 1350 3736 Ξ.
1366 3659 1475 3732 Para·
1526 3662 1700 3745 ostendit,
1724 3675 1758 3732 et
1772 3663 1808 3732 in
1826 3688 1897 3757 qno
1914 3669 2029 3737 studia
2052 3687 2137 3745 sunt
2151 3698 2253 3747 verae
2270 3681 2451 3758 doctrinae
2466 3692 2511 3759 de

494 3762 645 3853 lip.19:
685 3759 768 3833 Non
802 3757 957 3832 hominis
992 3761 1157 3831 exercetis
1187 3762 1378 3847 iudicium,
1413 3764 1473 3833 sed
1525 3763 1601 3833 Deo
1628 3776 1662 3832 et
1686 3764 1730 3831 dc
1757 3778 1881 3836 natura
1898 3769 2041 3838 rerum?
2081 3770 2129 3845 Et
2145 3777 2273 3850 ordine
2293 3783 2411 3878 aliqua
2425 3790 2511 3861 talia

491 3860 580 3939 Dei.
636 3858 686 3935 Et
712 3861 893 3934 vobiscum
917 3876 968 3934 est
1001 3862 1039 3931 in
1071 3862 1222 3947 indicio,
1254 3865 1418 3934 videlicet
1442 3878 1475 3934 et
1525 3858 1784 3956 Prophetarum
1809 3867 1953 3958 collegia
1977 3871 2130 3950 suerunt.
2189 3876 2232 3946 ln
2263 3876 2348 3955 haec
2372 3888 2511 3963 intuea-

491 3967 633 4039 adiutor
656 3978 690 4037 et
713 3964 854 4035 vindex.
913 3962 968 4035 Sit
988 3963 1095 4033 timor
1119 3963 1265 4035 Domini
1279 3965 1475 4050 vobiscum,
1526 3990 1625 4051 mur,
1651 3980 1878 4058 quaerentes,
1905 3994 1995 4060 quae
2009 3988 2043 4043 et
2056 3977 2117 4044 ubi
2133 3976 2240 4049 suerit
2257 3977 2415 4058 Ecclesia
2428 3992 2510 4061 Dei.

491 4083 583 4140 recte
614 4065 815 4159 cognoscite
840 4079 874 4137 et
905 4065 982 4135 sitis
1003 4077 1213 4139 executores.
1270 4065 1365 4137 Vicit
1385 4063 1475 4137 Am·
1527 4066 1743 4158 Quanquam
1771 4067 1903 4135 interea
1927 4069 1965 4136 in
1992 4071 2053 4139 illo
2080 4075 2155 4166 ipso
2179 4102 2287 4170 reguo
2313 4081 2508 4162 Isra'e‘litico

491 4172 642 4241 monitae
660 4170 738 4241 sine
758 4167 913 4260 praelio,
937 4181 978 4237 nt
997 4166 1145 4236 victoria
1162 4168 1403 4238 testimonium
1420 4192 1474 4237 es-
1526 4181 1664 4260 praeter
1687 4163 1774 4234 baec
1805 4166 1951 4254 collegia
1979 4171 2048 4240 suit
2071 4198 2198 4264 magua
2224 4185 2416 4258 multitudo
2441 4191 2511 4259 im.

492 4286 543 4346 set
557 4273 772 4364 praesentiae
786 4266 854 4338 Dei
870 4268 907 4334 iu
927 4267 993 4337 isto
1009 4268 1161 4357 populo,
1183 4283 1218 4339 et
1233 4270 1425 4339 doctrinae.
1524 4268 1666 4361 piorum
1690 4263 1987 4352 sacrificulorum,
2012 4273 2116 4345 multi
2136 4301 2234 4367 reges
2254 4285 2406 4359 cultores
2428 4291 2511 4362 ido·

489 4356 495 4363 ’
596 4370 774 4464 Tempore
787 4361 952 4459 losaphat
969 4367 1039 4435 snit
1055 4364 1096 4433 E
1103 4364 1142 4435 li
1149 4363 1414 4458 osPropbcta,
1441 4382 1476 4438 et
1526 4370 1662 4452 locum,
1687 4366 1791 4436 multi
1813 4368 1972 4439 seditiosi
1997 4374 2123 4463 duces,
2149 4382 2211 4472 qui
2235 4406 2383 4473 regnum
2403 4415 2508 4463 occu.

494 4466 700 4558 aliquandiu
720 4473 895 4563 deinceps.
948 4464 1121 4538 Successit
1152 4463 1235 4537 huic
1258 4465 1298 4537 E
1308 4465 1475 4555 liseos,
1525 4471 1674 4563 pabant,
1699 4481 1733 4538 ct
1747 4470 1898 4559 patriam
1913 4472 2162 4552 dilacerarnnt.
2213 4479 2272 4553 Sic
2289 4486 2382 4559 inter
2396 4492 2510 4565 varias

496 4591 586 4662 quos
618 4571 777 4641 excitavit
798 4570 896 4644 Deus
924 4569 1094 4639 immensa
1117 4569 1275 4641 bonitate
1301 4570 1339 4640 in
1364 4594 1474 4662 regno
1527 4569 1752 4642 confusiones
1769 4565 1962 4642 Ecclesiam
1983 4589 2100 4647 tamen
2112 4579 2210 4652 Deus
2224 4603 2359 4674 servat,
2383 4591 2423 4661 in
2438 4618 2508 4688 qua

495 4669 607 4752 impio
634 4669 754 4738 decem
781 4673 956 4756 tribuum,
988 4682 1028 4740 ut
1054 4669 1140 4739 inde
1164 4672 1331 4765 reliquias
1350 4666 1475 4744 Eccle-
1526 4673 1578 4766 pii
1597 4691 1737 4754 omnes,
1762 4694 1803 4742 ac
1818 4674 2003 4765 praecipue
2020 4680 2200 4768 doctores,
2227 4709 2268 4755 eo
2285 4690 2509 4766 coniunctio-

495 4758 567 4841 siae
589 4785 832 4860 excerperent,
863 4789 897 4845 et
920 4773 1016 4845 idola
1040 4772 1218 4857 delerent,
1251 4787 1286 4843 et
1307 4775 1475 4844 docerent
1526 4798 1607 4844 nem
1630 4772 1742 4862 magis
1765 4796 1902 4859 amare,
1933 4789 1967 4846 et
1982 4780 2148 4854 omnibus
2162 4782 2288 4857 officiis
2302 4790 2423 4864 lovere
2444 4797 2508 4867 ds-

495 4873 667 4964 populum
692 4894 859 4963 quaerere
877 4898 994 4945 veram
1015 4873 1212 4944 doctrinam
1231 4888 1264 4944 et
1281 4897 1382 4944 veros
1399 4877 1474 4945 cul·
1526 4877 1628 4954 beot,
1662 4888 1702 4944 ut
1730 4873 1806 4966 ipsa
1834 4878 2038 4950 coniunctio
2062 4883 2177 4971 decus¹
2198 4887 2344 4982 aliquod
2367 4894 2508 4983 afferat,

495 4987 551 5043 tus
575 4973 610 5039 in
636 4971 868 5066 lerosolyma,
895 4988 929 5046 et
951 4977 1175 5047 ostenderent
1204 4976 1407 5045 testimonia
1430 4978 1474 5046 de
1525 4989 1628 5047 ornet
1641 4976 1839 5045 doctrinam
1854 4992 1888 5047 et
1901 5002 2032 5050 nomeu
2045 4981 2129 5067 Dei,
2151 4991 2484 5086 etconlirmetpios.

496 5098 579 5142 vera
599 5074 780 5157 doctrina,
805 5097 845 5142 ac
865 5076 1098 5170 utaliquanto
1118 5077 1252 5147 diutius
1274 5071 1340 5145 bae
1355 5078 1474 5147 decem
1627 5071 1786 5144 loram
1808 5080 1968 5165 regnavit
1992 5081 2031 5150 in
2056 5081 2143 5154 luda
2167 5108 2282 5159 annos
2305 5092 2341 5169 8.
2392 5095 2508 5169 Dissi-

495 5174 610 5245 tribus
630 5174 669 5242 in
685 5175 798 5265 patria
823 5174 1068 5251 retinerentur.
1122 5177 1213 5249 Nam
1231 5173 1387 5270 postbos
1403 5192 1474 5247 sta·
1525 5177 1621 5247 milis
1658 5175 1750 5267 patri
1781 5172 1957 5267 losapbat.
2016 5180 2196 5259 interfecit
2226 5214 2349 5263 omnes
2381 5196 2507 5270 iratres

494 5277 559 5347 tim
585 5278 756 5346 abductae
781 5289 874 5349 sunt.
924 5270 977 5345 Ac
998 5293 1039 5348 ut
1059 5281 1229 5352 autoritas
1247 5281 1475 5364 maioressct,
1526 5300 1626 5359 suos,
1653 5276 1764 5347 coluit
1780 5276 1875 5348 idola
1898 5283 2057 5372 exemplo
2078 5301 2250 5365 materno.
2299 5287 2389 5368 Erat
2408 5298 2505 5369 enim

495 5391 644 5473 uterque
668 5389 865 5462 natusest,
896 5380 1159 5471 nonsubrege
1183 5380 1289 5463 luda,
1324 5382 1385 5449 sed
1408 5382 1475 5450 sub
1525 5392 1629 5449 natus
1651 5402 1691 5446 cx
1715 5391 1825 5450 matre
1839 5376 1913 5451 filia
1929 5383 2019 5471 regis
2033 5384 2213 5461 Samariae
2233 5388 2371 5468 Achab.
2423 5398 2508 5495 Fv’c

494 5481 635 5569 regibus
660 5478 853 5552 Samariae.
906 5473 1004 5547 Elias
1029 5477 1067 5545 in
1084 5483 1215 5573 oppido
1230 5478 1367 5554 Thesbi
1382 5484 1475 5554 ultra
1527 5480 1673 5552 infoelix
1694 5479 1770 5550 cius
1788 5481 2007 5577 gubernatio.
2056 5485 2160 5560 Tunc
2183 5493 2278 5562 enim
2293 5492 2429 5569 Arabes
2446 5496 2506 5571 lu-

495 5579 703 5667 lordanem,
729 5579 891 5653 Elisacus
905 5579 942 5647 in
959 5575 1126 5666 Galgala,
1151 5605 1225 5653 non
1239 5585 1364 5676 procul
1384 5608 1404 5655 a
1421 5583 1475 5654 le·
1527 5584 1649 5653 daeam
1665 5593 1867 5668 vastarunt,
1892 5598 1926 5654 et
1942 5585 2033 5656 lilios
2049 5585 2166 5660 loram
2183 5593 2444 5669 interfecerunt.

494 5678 608 5756 richo.
661 5682 793 5755 Incidit
815 5696 932 5754 autem
954 5679 1165 5771 gubernatio
1191 5706 1315 5755 eorum
1337 5686 1376 5755 in
1399 5709 1475 5756 me·
1629 5673 1869 5753 Ochozios
1891 5689 2049 5775 regnavit
2071 5690 2110 5759 in
2131 5690 2367 5764 ludaannum
2382 5721 2507 5785 nuum,

497 5784 592 5853 diam
619 5798 766 5867 aetatem
792 5783 929 5857 mundi.
988 5779 1080 5850 Nam
1107 5780 1173 5850 sub
1194 5796 1293 5873 patre
1311 5783 1478 5883 Iosaphat
1528 5797 1682 5877 captusa
1698 5806 1777 5875 rege
1792 5782 2120 5870 Samariaelehn,
2145 5805 2234 5862 etex
2249 5794 2394 5867 vnlnere
2409 5826 2506 5872 rnor-

546 5886 725 5955 Manassis.
751 5890 854 5959 Orsa.
880 5890 963 5957 Vos.
978 5884 1055 5954 XII.
1540 5902 1545 5909 '
1949 5886 1999 5959 49
