6025 6775
501 583 573 676 sot
944 590 1117 674 ‘nucu
1146 594 1222 674 nn
1264 598 1408 673 vara
1440 596 1516 673 nr
1549 594 1820 702 soraterra
1852 602 2051 683 natust.
2431 628 2504 703 194

494 771 590 841 lestis
608 767 795 841 doctrinae
805 764 960 838 retinere
974 766 1061 861 ipsi,
1086 783 1121 843 et
1143 770 1281 841 tradere
1296 769 1420 841 liberis
1436 793 1476 841 ac
1523 790 1701 837 novorum
1722 766 1898 838 bellorum
1920 771 2102 862 incendia,
2134 784 2191 851 vel
2213 787 2373 875 priorum
2395 816 2499 887 aegre

495 872 645 964 posteris
660 867 794 940 nostris
815 867 997 958 possimus.
1524 866 1721 959 sopitorum
1736 868 1889 939 flammi,
1904 872 2022 943 denuo
2045 886 2326 975 erumpentibus,
2350 896 2498 967 maium

472 990 475 993 ’
599 970 717 1043 Acuat
738 968 893 1040 discendi
910 993 1040 1040 curam
1064 982 1097 1039 et
1111 969 1351 1043 assiduitatem
1369 968 1486 1040 etiam.
1522 968 1747 1041 vastationes.
1797 966 1893 1039 Haec
1908 974 2063 1061 pericula
2077 1000 2158 1048 cum
2182 1005 2247 1053 nos
2261 988 2497 1084 circumstent,

496 1070 630 1143 borum
652 1068 1024 1161 temporumincertus
1045 1084 1173 1157 status,
1206 1084 1242 1143 et
1265 1070 1475 1163 impenden-
1522 1091 1595 1137 non
1612 1067 1682 1136 iarn
1699 1081 1751 1138 est
1764 1067 1940 1159 integrum
1956 1074 2059 1144 nobis
2070 1078 2196 1152 ociosis
2211 1086 2498 1183 circumspectare
2521 1075 2524 1079 .

498 1174 592 1242 tium
613 1169 841 1241 mutationum
863 1183 899 1240 et
920 1172 1155 1243 vastationum
1180 1196 1254 1242 non
1277 1172 1366 1241 lalsn
1387 1192 1473 1240 con·
1521 1181 1558 1238 et
1586 1189 1735 1253 cessare,
1761 1182 1824 1239 aut
1840 1169 1926 1240 alias
1950 1196 2006 1242 res
2024 1197 2143 1264 agere,
2160 1184 2220 1252 sed
2241 1212 2348 1280 quem
2370 1196 2495 1267 admo.

503 1289 622 1365 ceptns
645 1284 776 1353 metus,
807 1281 850 1341 ut
879 1273 964 1341 dnm
988 1270 1228 1364 tranquillitas
1256 1271 1473 1355 conceditur,
1520 1269 1607 1338 dum
1626 1280 1753 1338 nautae
1779 1270 1931 1356 faciunt,
1963 1274 2044 1366 qui,
2075 1277 2161 1346 dum
2189 1289 2352 1361 secundis
2379 1298 2495 1368 ventis

502 1374 709 1443 instmamus
733 1392 798 1440 nos
820 1394 939 1441 rerum
961 1371 1234 1443 necessariarum
1264 1373 1473 1464 cognitione,
1519 1368 1595 1469 usi,
1627 1368 1836 1463 aliquandiu
1866 1371 2063 1461 remigandi
2091 1376 2248 1450 laborem
2272 1392 2493 1484 remiserunt,

499 1486 537 1543 nt
552 1471 723 1564 possimus
743 1493 817 1540 esse
833 1472 952 1541 fideles
979 1474 1140 1544 custodes
1162 1486 1342 1545 tantorum
1357 1474 1472 1544 bono-
1520 1481 1555 1538 et
1568 1491 1695 1559 corpus
1709 1493 1749 1539 ac
1762 1470 1921 1541 animum
1937 1472 2054 1564 quiete
2066 1490 2101 1547 et
2124 1477 2261 1551 lusibus
2282 1495 2493 1583 recrearunt,
2616 1509 2619 1513 “

496 1596 586 1657 rum,
611 1572 742 1665 quibus
755 1567 854 1641 Deus
867 1568 1061 1644 Ecclesiam
1078 1569 1367 1668 huius'poneemi
1383 1586 1472 1645 tem·
1518 1570 1582 1641 ubi
1596 1570 1651 1639 rel
1668 1571 1782 1641 ventis
1806 1571 2066 1656 destituuntur,
2091 1578 2147 1646 vel
2169 1587 2355 1656 contrariis
2378 1598 2493 1683 repet,

491 1674 590 1765 poris
603 1672 729 1743 mundi
744 1672 897 1747 ornavit,
1090 1655 1109 1690 ⁰
1281 1678 1284 1682 ’
1518 1670 1660 1756 luntur,
1700 1672 1759 1744 rel
1788 1685 2034 1764 tempestatum
2061 1675 2160 1766 signa
2187 1683 2491 1777 animadvertunt,

596 1773 716 1845 Licuit
731 1773 911 1865 superiore
926 1788 1037 1846 aetate
1049 1774 1265 1873 discentibus
1288 1776 1471 1870 aliquanto
1519 1794 1599 1841 mox
1613 1774 1658 1840 ad
1674 1795 1789 1844 remos
1811 1787 1846 1845 et
1863 1776 2031 1845 rudentes
2045 1795 2251 1863 accurrunt,
2275 1799 2310 1857 et
2325 1793 2490 1863 commis·

495 1873 626 1946 lentius
649 1873 688 1943 in
709 1872 836 1945 studiis
855 1877 1003 1962 versari,
1029 1888 1062 1947 et
1086 1900 1160 1972 non
1180 1889 1252 1947 tarn
1268 1878 1470 1961 utilitatem,
1517 1891 1597 1940 sum
1618 1870 1766 1964 quisquc
1784 1896 1915 1944 munus
1938 1889 2080 1948 strenue
2101 1892 2231 1951 etcum
2245 1885 2395 1959 maximo
2411 1915 2490 1965 coc·

497 2000 603 2069 qnam
627 1974 733 2046 etiam
753 1975 1007 2047 iucunditatem
1029 1969 1185 2071 aliquam
1209 2001 1250 2047 ex
1271 1978 1315 2047 iis
1338 1976 1471 2062 venari,
1518 1970 1616 2063 poris
1637 1984 1673 2041 et
1692 1971 1803 2040 animi
1830 1988 1958 2045 conatu
1982 1992 2165 2067 capessunt
2193 1994 2228 2054 et
2255 2007 2491 2080 exequuntur:

495 2100 576 2147 cum
600 2087 758 2166 tempora
777 2076 966 2147 laetissima
988 2077 1153 2162 facerunt,
1178 2092 1212 2149 et
1233 2078 1472 2172 tranquillitas
1517 2072 1567 2145 ita
1590 2094 1655 2141 nos
1675 2071 1776 2142 decet
1795 2071 2082 2164 impendentibus
2108 2091 2160 2149 tot
2185 2085 2368 2172 periculis,
2401 2118 2490 2186 quae

495 2177 535 2245 in
563 2174 706 2267 Repub.
727 2189 840 2259 tanta,
871 2192 911 2249 ut
934 2178 1100 2249 collatum
1124 2179 1214 2252 illud
1247 2179 1403 2249 seculum
1425 2180 1470 2246 ad
1517 2171 1621 2241 nobis
1655 2168 1854 2243 scholarum
1883 2173 2149 2266 dissipationem
2184 2197 2217 2252 et
2250 2188 2491 2264 doctrinarum

495 2272 589 2348 hanc
621 2279 855 2360 tumultuum,
891 2280 1122 2350 certaminum
1154 2302 1194 2349 ac
1222 2279 1469 2348 confusionum
1517 2273 1800 2344 obscurationem
1821 2273 2024 2360 minantur,
2054 2300 2192 2347 summo
2213 2287 2330 2356 studio
2350 2304 2385 2360 et
2404 2317 2490 2363 con-

495 2378 803 2450 foecundissimam
826 2389 973 2449 aetatem
995 2394 1175 2462 nostram,
1199 2400 1345 2447 aureum
1371 2401 1468 2448 secu·
1517 2372 1675 2443 tentione
1690 2374 1826 2458 anniti,
1851 2388 1970 2445 utnos
1985 2388 2158 2469 quantum
2173 2385 2319 2454 omnino
2335 2388 2409 2461 lieri
2426 2420 2490 2484 po.

495 2479 572 2548 lum
588 2479 701 2548 videri
717 2478 880 2570 potuerit.
930 2478 977 2550 At
992 2493 1078 2550 tunc
1093 2478 1198 2547 etiam
1213 2478 1324 2550 multo
1339 2482 1469 2549 arden·
1516 2484 1600 2559 test,
1631 2476 1905 2547 necessariarum
1926 2476 2057 2546 artium
2086 2478 2245 2553 doctriua
2267 2484 2491 2583 instruamus,

497 2580 567 2649 tius
587 2579 653 2651 luit
672 2582 829 2652 studium
851 2578 1121 2670 plerorumque,
1146 2602 1225 2648 cum
1240 2580 1362 2650 nullus
1376 2580 1467 2650 cala·
1515 2575 1691 2664 geminam
1709 2576 1756 2644 ob
1775 2598 1933 2646 causam:
1959 2574 2142 2665 Primum,
2166 2595 2206 2653 ut
2221 2582 2268 2668 ,in
2289 2597 2491 2663 cummuni-

496 2679 657 2750 mitatum
671 2694 785 2751 metus
799 2692 960 2773 urgeret,
985 2702 1089 2771 quam
1107 2703 1203 2750 nnnc
1217 2694 1285 2761 est,
1309 2681 1372 2753 ubi
1395 2682 1467 2749 fere
1515 2676 1581 2745 bus
1609 2675 1867 2747 calamitatibus
1898 2675 1965 2769 ipsi
1994 2678 2132 2749 firmam
2155 2687 2430 2761 consolationem
2455 2710 2489 2766 et

495 2781 624 2870 singuli
646 2782 721 2852 dics
740 2782 878 2871 aliquos
898 2802 1009 2850 novos
1029 2792 1178 2852 terrores
1201 2782 1385 2863 adierunt,
1406 2779 1467 2872 qui
1514 2796 1611 2864 spem
1635 2770 1764 2852 habere
1787 2778 1960 2867 possimus
1981 2792 2141 2851 aeternae
2159 2785 2298 2874 salutis,
2322 2792 2492 2888 quicquid

495 2882 759 2974 dissipationem
775 2874 916 2949 Scholia
939 2880 1160 2953 minitantur.
1212 2879 1287 2951 Cur
1308 2880 1468 2968 nonigi-
1515 2871 1829 2947 etiaminhacvita
1842 2876 2490 2984 nobisaccidat,etmitigationisquo-

495 2996 554 3056 tur
575 2983 757 3064 imitamur
781 2992 900 3052 cautos
924 2993 959 3053 et
981 2982 1166 3072 diligentes
1191 2980 1382 3071 agricolas,
1406 2978 1469 3072 qni
1515 2993 1585 3065 que
1599 2994 1812 3062 poenarum,
1833 2998 1939 3065 qnam
1947 2972 2043 3046 Deus
2059 2982 2322 3069 poenitentibus
2336 3003 2370 3058 et
2385 3016 2490 3065 suum

493 3081 641 3152 maturis
662 3081 732 3148 iarn
753 3079 932 3172 frugibus,
962 3107 1044 3154 cum
1071 3081 1286 3174 tempestatis
1317 3091 1380 3151 aut
1401 3079 1470 3148 im·
1515 3072 1670 3143 officium
1686 3070 1809 3142 sedulo
1823 3072 2043 3157 facientibus,
2057 3097 2159 3167 saepe
2171 3084 2354 3167 promittit
2381 3091 2493 3162 Dein-

493 3183 613 3251 brium
628 3180 728 3268 signa
741 3181 858 3274 aliqua
871 3182 1062 3268 ingruunt,
1086 3205 1210 3251 omnes
1224 3181 1469 3273 occupationes
1515 3176 1572 3257 de,
1597 3186 1637 3244 ut
1652 3173 1689 3258 ii,
1714 3194 1803 3263 quos
1818 3170 1858 3239 iu
1873 3172 2055 3239 communi
2068 3176 2250 3267 naufragio
2267 3178 2363 3252 Deus
2379 3211 2491 3261 emer.

496 3279 596 3356 alias,
622 3280 829 3368 voluptates,
854 3300 956 3348 curas
970 3257 1230 3370 posiponentes,
1252 3304 1317 3349 nec
1331 3280 1470 3348 iumen·
1516 3295 1597 3361 gere
1615 3286 1650 3343 et
1673 3293 1852 3362 superesse
1874 3268 2042 3356 voluerii,
2067 3275 2185 3346 sedata
2212 3279 2378 3354 nonnihil
2403 3302 2492 3361 tem-

496 3379 559 3456 tis,
585 3401 650 3447 nec
671 3375 843 3462 familiae,
875 3400 942 3447 nec
971 3377 1180 3469 corporibus
1208 3378 1281 3447 suis
1312 3389 1472 3468 parcunt,
1518 3383 1669 3463 pestate,
1693 3372 1821 3443 fractae
1844 3370 1944 3442 navis
1968 3371 2106 3443 tabulas
2126 3378 2226 3470 quasi
2248 3383 2431 3477 colligere,
2457 3412 2492 3468 et

493 3491 555 3547 aut
575 3478 729 3570 quietem
751 3478 862 3547 ullam
886 3480 1103 3563 concedunt,
1129 3481 1242 3547 donec
1262 3478 1390 3569 raptim
1408 3479 1469 3546 de·
1517 3472 1638 3542 ruinas
1663 3495 1727 3541 sun
1749 3473 1897 3566 quisque
1916 3471 1995 3540 loco
2016 3485 2051 3543 et
2069 3477 2196 3548 ordine
2218 3504 2283 3571 pro
2307 3486 2402 3559 virili
2415 3515 2491 3565 sar-

494 3579 635 3664 messis,
662 3579 837 3668 congestis
857 3592 891 3647 et
913 3579 1110 3667 importatis
1133 3578 1310 3665 frugibus,
1337 3592 1472 3666 tempe·
1517 3572 2493 3668 cirequeant,ellicereque,ullumencoelestisdoctrinae

494 3692 624 3750 statum
654 3678 804 3747 iniurias
835 3691 869 3746 et
888 3676 1093 3744 violentiam
1117 3676 1362 3746 antevertant?
1395 3675 1471 3745 Cur
1518 3685 1554 3742 et
1567 3671 1709 3740 utilium
1725 3671 1856 3742 artium
1873 3695 1995 3742 rursus
2009 3675 2178 3749 excitetur
2197 3695 2232 3753 et
2255 3705 2492 3775 conservetur.

494 3804 561 3851 nos
581 3780 781 3856 stertimus,
807 3789 840 3845 et
864 3789 935 3847 tam
960 3773 1113 3861 segniter
1132 3774 1247 3844 studia
1268 3787 1470 3857 tractamus,
1616 3769 1720 3841 Hanc
1740 3773 2111 3859 commonefactionem
2127 3780 2172 3849 de
2188 3784 2372 3860 sedulitate
2390 3794 2428 3863 in
2444 3798 2494 3867 li-a

494 3881 592 3975 quasi
627 3877 787 3971 polliceri
820 3875 925 3945 nobis
956 3874 1065 3942 vitam
1103 3868 1326 3943 Mathusalae
1365 3875 1469 3943 aetati
1516 3885 1673 3942 terarum
1687 3872 1825 3958 studio,
1848 3874 2006 3945 fortassis
2020 3877 2199 3971 aliquibus
2213 3883 2406 3979 insuavem,
2430 3902 2491 3969 sed

494 3982 675 4075 aequalem
698 3977 891 4070 possimus,
918 3986 958 4044 ut
977 3974 1072 4067 quod
1093 3968 1268 4043 hocanno
1282 3997 1357 4043 non
1375 3974 1471 4042 didi·
1517 3972 1665 4042 omnino
1689 3966 1759 4044 hoc
1780 3973 1887 4042 nimis
1908 3974 2058 4048 delicato
2081 3991 2116 4049 et
2129 3983 2230 4053 molli
2244 4000 2279 4057 et
2291 3990 2490 4084 voluptario

495 4086 665 4166 cerimus,
698 4078 927 4173 sequentibus
951 4075 1054 4143 annis
1077 4096 1142 4142 nos
1175 4095 1355 4163 speremus
1385 4075 1470 4143 satis
1516 4073 1633 4144 seculo
1669 4088 1791 4143 nostro
1832 4075 2080 4161 necessariam,
2121 4081 2201 4152 ideo
2240 4085 2491 4166 instituendam

495 4184 700 4276 tempestive
721 4176 994 4250 consecuturos?
1026 4170 1267 4266 Conqueritur
1292 4174 1336 4243 de
1365 4173 1469 4243 unica
1517 4171 1623 4256 duxi,
1648 4171 1731 4262 quia
1752 4194 1832 4240 cunr
1859 4173 1903 4240 de
1924 4171 2043 4243 Plinio
2063 4176 2198 4270 aliquid
2221 4186 2411 4264 dicendum
2433 4193 2492 4269 hic

494 4301 569 4358 arte
593 4283 737 4355 medica.
762 4279 925 4352 Medicus
948 4275 1205 4363 eruditissimus
1226 4271 1471 4366 Hippocrates,
1518 4282 1626 4354 esset,
1652 4271 1727 4339 eius
1751 4269 1966 4341 incredibile.
1979 4275 2121 4346 sudium
2136 4294 2170 4351 et
2191 4291 2359 4376 temporis
2379 4299 2491 4385 parsi-

496 4387 702 4478 ampliorem
719 4406 795 4452 eam
812 4402 906 4468 esse,
931 4400 1037 4470 quam
1055 4400 1144 4468 quae
1162 4375 1201 4444 in
1217 4370 1284 4445 hac
1297 4375 1387 4444 vitae
1402 4369 1472 4442 bu·
1516 4369 1636 4439 monia
1666 4366 1756 4439 mihi
1785 4392 1925 4441 causam
1950 4375 2129 4464 praebuit,
2155 4394 2195 4451 ut
2218 4380 2309 4456 hanc
2334 4408 2489 4468 nostram

494 4511 618 4560 manae
632 4485 802 4558 brevitate
813 4478 967 4567 perdisci
978 4489 1092 4569 queat,
1105 4500 1185 4546 cum
1201 4475 1335 4570 inquit:
1352 4469 1372 4547 ὃ
1387 4469 1471 4566 βίος
1517 4470 1711 4541 socordiam
1727 4470 1959 4562 deplorarem,
1983 4486 2017 4543 et
2032 4498 2113 4546 curn
2128 4473 2234 4551 buius
2246 4493 2391 4577 autoris,
2415 4510 2488 4567 tum

495 4583 660 4685 βραχὺς,
692 4579 756 4680 ἡδὲ
784 4583 894 4675 τέχνη
920 4572 1064 4673 μακρὴ,
1107 4571 1127 4647 ὃ
1153 4570 1193 4648 δὲ
1220 4571 1347 4671 καιρὸς
1376 4569 1471 4656 ὀξὺς.
1516 4571 1710 4662 superioris
1731 4570 1854 4642 aetatis
1874 4574 2034 4666 exemplo
2055 4599 2111 4647 me
2127 4593 2161 4650 et
2174 4583 2263 4654 alios
2278 4591 2323 4657 ad
2337 4595 2489 4687 diligen.

497 4691 596 4780 Quid
625 4713 690 4760 uns
711 4686 898 4767 iaciemus,
923 4680 1054 4774 quibus
1079 4679 1196 4769 plures
1214 4689 1306 4747 artes
1327 4689 1389 4747 aut
1409 4700 1471 4745 co-
1518 4673 1604 4742 tiam
1624 4672 1873 4752 exuscitarem,
1899 4673 1974 4742 sine
1995 4699 2064 4769 qua
2088 4679 2219 4752 virtute
2242 4684 2334 4757 nibil
2359 4693 2397 4761 iu
2413 4701 2488 4770 ulto

497 4792 715 4882 gnoscendac
735 4801 796 4858 aut
817 4797 910 4855 certe
938 4779 1193 4870 degustandae,
1221 4790 1255 4847 et
1282 4800 1471 4869 propemo-
1517 4795 1643 4862 genere
1668 4774 1759 4843 vitae
1780 4773 1870 4841 effici
1893 4786 1954 4845 aut
1984 4781 2179 4868 comparari
2204 4784 2309 4858 laude
2341 4794 2490 4886 dignum

501 4895 584 4960 dnm
609 4906 761 4984 quatuor
786 4887 928 4976 linguae
941 4881 1127 4952 discendae
1142 4878 1248 4949 sunt?
1272 4892 1306 4949 et
1323 4870 1470 4948 adhaec
1517 4885 1649 4965 potest,
1673 4887 1708 4943 et
1721 4873 1901 4943 verissime
1913 4873 2003 4946 dixit
2017 4873 2208 4952 Hesiodus:
2230 4885 2300 4960 olel
2313 4886 2352 4963 δ’
2363 4893 2490 4993 7οἰμβο.

500 4989 512 5058 i
517 5011 576 5079 psa
589 5001 657 5058 tam
671 4992 767 5060 varia
781 5001 815 5060 et
825 4981 983 5055 difficilia
996 4980 1112 5051 studia
1126 4992 1324 5070 temporum
1341 4974 1470 5048 borum
1519 4969 1660 5070 lespydc
1674 4968 1769 5064 ἀνὴρ
1785 4969 1908 5042 ἄταισι
1928 4971 2082 5050 παλαίει.
2499 4987 2502 4993 ’

501 5088 730 5170 infoelicitas,
755 5111 878 5182 parum
900 5081 1167 5174 tranquillitatis
1187 5101 1392 5151 concessura
1413 5079 1469 5146 vi·
1616 5069 1695 5142 Oro
1714 5085 1832 5142 autem
1848 5068 1960 5142 Deum
1981 5091 2162 5150 aeternum
2185 5099 2319 5174 patrem
2344 5093 2490 5172 Domini
2545 5135 2548 5141 ·

499 5195 618 5263 detur.
668 5187 816 5259 Tureica
831 5186 945 5257 rabies
957 5194 1134 5274 grassatur
1149 5180 1263 5248 indies
1280 5193 1315 5250 et
1330 5177 1470 5266 longius
1517 5173 1631 5244 nostri
1645 5171 1722 5241 lesu
1737 5165 1891 5254 Christi,
1915 5186 1955 5242 ut
1976 5175 2049 5266 ipse
2070 5180 2109 5248 iu
2129 5185 2233 5254 nobis
2253 5191 2490 5271 excitet'amo·

499 5307 533 5363 et
560 5289 719 5374 saevius,
744 5302 778 5360 et
795 5312 869 5357 non
889 5287 994 5356 modo
1020 5281 1195 5352 intestinis
1218 5279 1349 5349 nostris
1366 5277 1471 5346 dissi·
1517 5297 1593 5343 rem
1613 5285 1646 5342 et
1669 5270 1825 5341 studium
1844 5278 2103 5361 cognoscendae
2117 5293 2151 5352 et
2168 5300 2413 5378 propagandae
2428 5328 2487 5373 ve.

501 5395 570 5465 diis
593 5392 786 5474 invitatur,
817 5386 877 5455 scd
911 5378 1099 5455 attrahitur
1129 5380 1232 5451 ctiam
1261 5375 1471 5448 foedissimis
1517 5372 1648 5457 ritatis,
1679 5383 1713 5441 et
1735 5371 1944 5443 discentium
1969 5392 2086 5450 coetus
2114 5394 2150 5453 et
2173 5380 2260 5459 haec
2287 5392 2486 5469 scholarum

498 5493 701 5566 foederibus
713 5505 749 5562 et
762 5484 990 5581 pactionibus.
1042 5480 1084 5552 ln
1100 5478 1292 5550 Germania
1307 5492 1403 5549 tanta
1419 5490 1472 5548 est
1517 5470 1668 5564 hospitia
1684 5485 1860 5564 protegat,
1885 5478 2191 5573 et'praeceptorea‚
2214 5496 2486 5583 q⁰⁰⁸⁸l¹¹gutari
2607 5480 2612 5489 .

499 5595 706 5684 Principum
724 5584 912 5669 dissensio,
930 5594 964 5651 et
979 5583 1070 5653 inter
1084 5582 1179 5672 ipsos
1192 5579 1406 5663 diffidentia,
1431 5590 1472 5647 ut
1517 5575 1674 5645 bonitate
1704 5574 1808 5691 nobis
1835 5575 1956 5691 lideles
1988 5585 2168 5672 praebuit,
2202 5588 2265 5660 diu
2296 5595 2489 5671 incolumes

501 5693 663 5767 homines
679 5691 916 5779 intelligentes
930 5678 1024 5752 nihil
1040 5682 1149 5774 magis
1166 5694 1339 5766 metuant,
1364 5703 1469 5773 quam
1517 5686 1708 5752 conservet.
1757 5674 1857 5750 Dara,

549 5799 728 5866 Marenen.
750 5797 856 5865 Orrn.
882 5788 966 5855 Von.
977 5784 1059 5856 XII.
1909 5778 1958 5849 13

2574 485 2596 549 t
