6025 6775
459 660 505 732 4,
784 697 795 707 ,
1201 643 1365 720 nucu.
1408 636 1487 718 un
1522 637 1745 713 ursum.
2373 661 2378 670 ⁸
2430 647 2481 721 cs

458 830 590 900 ,ionem
607 821 695 907 Dei,
721 832 756 891 et
775 820 819 888 ad
835 813 998 888 honestos
1019 830 1055 889 et
1074 816 1152 907 pios
1169 840 1296 888 mores.
1350 815 1445 888 Sunt
1496 811 1615 903 aliqua
1631 810 1832 881 celebritate
1852 808 1991 900 linguas
2012 812 2211 887 docueruut
2223 811 2400 889 Ecclesiae
2420 844 2484 889 ne·

458 944 492 1002 et
511 927 646 1000 iudicia
671 920 897 991 ecclesiastica
919 918 1127 1003 constituta,
1153 931 1194 988 ut
1215 933 1371 1010 pastores
1387 944 1442 988 re·
1497 913 1683 998 cessarias,
1710 927 1743 983 et
1760 935 1817 981 eas
1840 911 1910 981 late
1931 912 2225 1005 propagaverunt
2277 916 2482 992 bernardus

361 1022 367 1026 ’
458 1047 591 1125 gamus
613 1039 645 1095 et
670 1023 917 1105 defendantur,
943 1033 979 1089 et
1001 1032 1042 1090 ut
1063 1021 1394 1110 doctrinaepuritas
1410 1034 1444 1091 et
1496 1012 1657 1103 Ciglerus
1682 1028 1785 1084 natus
1811 1014 1850 1081 in
1877 1014 2011 1086 familia
2041 1019 2194 1111 equestri
2224 1014 2332 1091 huius
2360 1023 2486 1112 gentis,

462 1131 628 1203 mem„
644 1123 885 1212 coniugiorum
900 1134 1162 1195 conserventur.
1213 1118 1443 1215 thuiaEc-
1497 1140 1577 1185 curn
1592 1117 1732 1205 linguae
1744 1110 1914 1185 hebraeae
1927 1140 2093 1208 magnum
2107 1143 2210 1191 usum
2224 1117 2384 1205 haberet,
2409 1149 2482 1195 non

465 1232 578 1303 etesiis
599 1239 628 1293 et
654 1223 901 1312 gubernationi
925 1223 1022 1293 civili
1051 1246 1140 1314 opus
1167 1236 1218 1294 est
1250 1226 1442 1294 multarum
1495 1218 1610 1287 solum
1626 1213 1733 1287 huius
1747 1217 1870 1287 aetatis
1885 1220 2010 1287 studiis
2025 1220 2062 1287 in
2079 1244 2118 1289 ea
2134 1222 2271 1312 lingua,
2299 1226 2483 1295 sedetiam

466 1336 674 1420 linguarum,
701 1338 735 1395 et
749 1325 880 1395 artium
895 1325 1058 1409 scientia,
1084 1337 1119 1393 et
1135 1326 1257 1395 lumen
1277 1326 1371 1397 vitae
1393 1337 1444 1394 est
1495 1320 1691 1410 posteritati
1708 1318 1852 1411 profuit.
1905 1315 2077 1388 Graecam
2098 1322 2255 1412 linguam
2272 1340 2354 1396 ante
2370 1349 2484 1398 annos

463 1454 537 1503 vera
553 1426 714 1498 doctriua
728 1427 773 1496 de
787 1424 866 1516 Deo
893 1427 986 1497 etde
1001 1439 1128 1496 natura
1145 1450 1277 1501 rerum.
1308 1425 1442 1516 ·Lipsi-
1496 1421 1640 1509 triginta
1669 1445 1727 1490 sex
1757 1417 1891 1489 Crocus
1921 1420 2135 1507 Britannus,
2175 1427 2237 1517 qui
2259 1424 2481 1499 Aleandrum

458 1557 493 1604 ca
514 1526 708 1601 Academia
731 1529 780 1598 ita
803 1528 991 1598 constituta
1014 1540 1082 1612 est,
1118 1540 1159 1598 ut
1182 1528 1302 1617 lingua
1322 1528 1443 1611 latina,
1496 1520 1851 1604 Luteciaeaudierat,
1877 1515 1936 1589 hic
1958 1522 2135 1612 frequenti
2159 1529 2336 1598 auditorio
2352 1530 2484 1615 docuit,

456 1656 573 1725 graeca
602 1643 636 1701 et
662 1630 786 1699 ebraea
810 1641 903 1699 recte
928 1642 961 1698 et
983 1629 1134 1698 lide'liter
1157 1624 1218 1698 hic
1239 1631 1442 1701 doceantur.
1495 1618 1592 1694 hunc
1608 1637 1747 1694 secutus
1767 1636 1818 1693 est
1840 1620 1966 1692 Petrus
1985 1620 2224 1709 Mosellanus,
2251 1631 2351 1699 cuius
2368 1631 2482 1701 oratio

455 1737 638 1806 Praeterea
672 1730 799 1801 ordine
834 1731 919 1800 libri
954 1726 1152 1822 prophetici
1189 1744 1223 1800 et
1260 1730 1443 1823 apostolici
1495 1721 2201 1815 Xenophonteamsuavitatemreserebat.
2231 1728 2484 1802 Nuncloachi·

393 1890 401 1896 -
456 1845 687 1911 enarrantur,
705 1845 753 1901 .et
778 1833 916 1902 assidue
939 1833 1109 1922 repetitur
1128 1832 1263 1923 integra
1281 1832 1441 1903 doctrina
1496 1849 1574 1895 mers
1592 1824 1835 1910 Camerarius,
1861 1827 1922 1917 qui
1940 1822 2045 1895 Croci
2070 1827 2212 1898 auditor
2233 1832 2316 1914 luit,
2341 1856 2483 1920 graecae

456 1935 634 2010 Ecclesiae
656 1933 742 2017 Dei,
775 1928 1026 2025 comprehensa
1056 1934 1095 2002 in
1120 1933 1222 2004 libris
1246 1929 1443 2025 Propheta·
1495 1927 1637 2015 linguae
1652 1928 1766 1998 studia
1782 1921 1841 1997 hic
1855 1928 1962 2017 regit,
1988 1928 2051 2019 qui
2067 1952 2147 1997 cum
2165 1931 2262 1998 omni
2274 1954 2399 2018 genere
2408 1936 2483 2005 vir-

454 2063 534 2110 rum
558 2051 593 2107 et
614 2029 889 2125 Apostolorum,
918 2050 953 2106 et
975 2036 1014 2106 in
1038 2032 1216 2129 Symbolis
1238 2037 1443 2126 apostolico,
1495 2043 1611 2099 tntum
1645 2029 1799 2111 excellit,
1833 2042 1908 2098 tum
1934 2054 2018 2099 vero
2045 2031 2283 2120 cognitionem
2311 2048 2347 2105 et
2379 2059 2481 2107 usum

455 2141 590 2212 Niceno
613 2150 647 2207 et
663 2132 924 2217 Athanasiano,
958 2150 994 2207 et
1015 2136 1054 2204 in
1072 2137 1291 2207 confessione
1306 2133 1442 2208 Luthe-
1493 2153 1636 2219 graecae
1666 2130 1807 2219 linguae
1835 2143 1972 2200 tantum
1997 2127 2120 2217 habet,
2153 2146 2192 2204 ut
2223 2158 2297 2203 rron
2320 2130 2482 2207 Athenae

456 2245 498 2317 ri,
549 2239 658 2309 Hunc
681 2251 887 2329 perpetuum
922 2260 1131 2308 consensum
1155 2234 1348 2309 catholicae
1370 2233 1440 2306 Ec.
1494 2245 1629 2302 veteres
1642 2245 1713 2302 tam
1731 2233 1800 2301 sint
1814 2225 1971 2313 Atticae,
1998 2255 2105 2324 quarn
2120 2248 2203 2304 snut
2218 2236 2328 2326 ipsius
2342 2238 2483 2330 scripta.

455 2343 580 2415 clesiae
608 2337 694 2424 Dei,
735 2338 925 2410 Academia
963 2340 1127 2411 universa
1167 2341 1226 2428 pie
1258 2339 1441 2429 amplecti·
1597 2331 1770 2422 Magnum
1796 2336 1902 2402 decus
1924 2347 1976 2404 est
1998 2346 2118 2404 autem
2139 2347 2173 2404 et
2192 2339 2305 2425 gentis
2322 2333 2430 2408 huius
2447 2353 2483 2410 et

454 2460 531 2529 tur,
567 2457 600 2513 et
623 2441 775 2512 fideliter
794 2456 931 2527 tuetur,
956 2456 997 2513 ut
1020 2440 1106 2510 libri
1127 2440 1190 2531 qui
1212 2435 1270 2510 hic
1286 2432 1441 2512 eduntur
1493 2430 1722 2521 Academiae,
1744 2435 1839 2528 quod
1857 2436 1895 2503 in
1911 2435 2010 2505 nulla
2029 2436 2165 2525 regioni
2183 2439 2250 2507 viri
2265 2440 2385 2528 plures
2399 2453 2483 2509 sunt

455 2547 658 2617 ostendunt.
1492 2551 1527 2607 et
1539 2537 1701 2618 luerunt,
1727 2538 1767 2605 in
1788 2536 1914 2606 ordine
1929 2539 2082 2631 equestri
2096 2540 2170 2608 nati
2187 2541 2396 2612 excellenter
2416 2543 2483 2612 do·

554 2644 648 2718 Sunt
666 2640 726 2714 hic
739 2656 775 2713 et
787 2644 904 2732 legum
928 2641 1088 2709 civilium
1107 2639 1332 2735 interpretes,
1358 2668 1440 2714 eru-
1494 2639 1543 2708 cti
1567 2653 1601 2710 et
1623 2639 1844 2732 eloquentes,
1871 2662 1977 2731 quam
1998 2640 2037 2708 in
2054 2635 2118 2710 hac
2135 2631 2289 2731 regionc'.
2341 2638 2478 2713 Schon·

452 2746 589 2818 ditione
611 2759 646 2816 et
665 2744 837 2837 sapientia
861 2742 1084 2828 excellentes,
1109 2737 1261 2837 quorum
1283 2745 1441 2815 consiliis
1492 2740 1624 2828 bergii,
1649 2740 1711 2834 qui
1726 2737 2004 2811 fuitCardinalis
2019 2754 2054 2813 et
2066 2738 2266 2835 Episcopus
2281 2740 2482 2835 Capuanus,

452 2865 486 2920 et
506 2848 689 2920 sententiis
708 2843 841 2916 iudicia
861 2843 902 2915 in
925 2844 1046 2915 multis
1068 2847 1231 2935 gentibus
1257 2863 1439 2936 reguntur.
1493 2840 1750 2932 eloquentiam,
1787 2843 1892 2913 etiarn
1914 2842 1988 2934 ipsa
2011 2842 2113 2914 ltalia
2127 2847 2300 2916 admirata
2318 2861 2391 2931 est,
2418 2845 2481 2938 qui
2599 2891 2602 2896 -

452 2950 544 3022 Sunt
567 2963 601 3018 et
623 2949 710 3017 artis
732 2946 887 3015 medicae
909 2946 1082 3017 Doctores
1106 2948 1174 3016 viri
1199 2947 1441 3030 eruditissimi,
1493 2940 1638 3033 quidem
1666 2940 1817 3027 Legatos
1838 2944 1905 3013 fuit
1927 2947 1971 3013 ad
2000 2945 2071 3015 tres
2092 2968 2247 3018 summos
2272 2948 2311 3015 in
2335 2944 2485 3038 Europa

450 3074 606 3144 quorum
629 3062 663 3118 et
685 3047 724 3117 in
743 3049 917 3118 medendo
946 3061 980 3118 et
1000 3049 1039 3118 in
1065 3050 1226 3120 docendo
1242 3049 1440 3119 celebratur
1492 3063 1608 3132 reges,
1634 3041 1679 3110 ad
1705 3038 1953 3129 imperatorem
1969 3041 2157 3127 Carolum,
2188 3052 2232 3117 ad
2255 3071 2372 3137 regem
2392 3047 2482 3119 Gal·

450 3154 603 3222 eruditio
623 3165 657 3220 et
680 3150 776 3220 fides.
828 3148 1039 3219 Traduntur
1054 3163 1088 3219 et
1105 3150 1306 3221 iunioribus
1323 3165 1440 3241 partes
1491 3145 1609 3214 lorum
1633 3141 1881 3221 Franciscum,
1917 3145 2017 3209 etad
2040 3144 2324 3232 regemAngliae
2344 3148 2481 3217 Henri·

449 3243 704 3333 Philosophiae
718 3269 859 3326 omues,
884 3248 1098 3338 fueruntque
1119 3251 1204 3317 olim
1225 3251 1341 3318 studia
1357 3248 1440 3317 Ma·
1492 3267 1584 3313 cum.
1635 3242 1739 3311 Nunc
1767 3262 1908 3331 quoque
1941 3251 1981 3309 ut
2012 3243 2118 3311 audio
2150 3245 2272 3313 doctos
2305 3246 2480 3332 iudicare,

453 3343 649 3418 thematum
666 3336 854 3422 hictanta,
875 3354 914 3413 ut
929 3344 1012 3412 inde
1029 3347 1068 3414 in
1082 3346 1169 3415 alias
1182 3348 1343 3435 regiones
1356 3370 1440 3438 pro·
1492 3342 1629 3412 nullius
1652 3340 1765 3411 oratio
1788 3340 1916 3425 latina,
1949 3341 2111 3419 omniurn
2136 3345 2198 3438 qui
2221 3368 2318 3415 nnnc
2335 3346 2479 3440 quidem

450 3460 573 3538 pagata
602 3445 691 3527 sint,
726 3444 930 3514 didicerunt
960 3439 1019 3513 hic
1048 3446 1151 3516 initia
1180 3443 1439 3517 Mathematum
1493 3443 1621 3532 scripta
1638 3445 1749 3511 edunt
1769 3442 1808 3509 in
1833 3439 1935 3511 ltalia
1957 3458 2020 3515 aut
2034 3446 2120 3515 alibi
2137 3447 2264 3517 melior
2279 3462 2348 3533 est,
2373 3474 2480 3542 quarn

447 3545 770 3636 Regiomontanus,
797 3541 1012 3622 Hasfurdus,
1039 3542 1260 3627 Schonerns,
1285 3568 1436 3634 quorurn
1492 3539 1576 3609 lulii
1600 3539 1730 3630 Pflugii
1761 3555 1795 3612 et
1815 3539 2066 3633 Christophori
2096 3543 2323 3620 Carolovicii.
2386 3550 2481 3622 Sunt

447 3649 597 3719 nomina
621 3658 703 3714 nota
727 3654 826 3712 sunt:
853 3653 888 3708 et
909 3640 1029 3710 docuit
1049 3637 1108 3709 hic
1124 3638 1343 3729 Alexander,
1375 3645 1436 3738 qui
1490 3656 1525 3712 et
1546 3641 1609 3711 alii
1630 3643 1756 3740 multi,
1791 3645 1852 3737 qui
1873 3646 2096 3719 nobilitatem
2116 3651 2253 3739 generis
2277 3652 2479 3724 eruditione

448 3767 484 3821 et
504 3748 617 3818 edidit
641 3742 900 3813 enarrationem
930 3741 1271 3814 demonstrationum
1297 3767 1437 3834 geome-
1490 3757 1631 3817 ornant.

448 3852 638 3929 tricarum,
670 3869 711 3915 ex
728 3843 860 3937 quibus
879 3864 1042 3931 magnam
1072 3856 1206 3935 partem
1229 3843 1437 3917 Dialectices
1558 3893 1560 3898 -
1591 3841 1675 3914 Diri
1692 3845 1899 3918 brevissime
1913 3845 2236 3925 deEcclesiisetde
2251 3854 2330 3925 luce
2344 3855 2480 3927 doctri-

449 3968 484 4024 et
504 3947 673 4045 Physices
689 3943 898 4016 Aristoteles
922 3945 1084 4017 extruxit.
1141 3942 1194 4016 Ac
1211 3948 1348 4037 peperit
1362 3948 1436 4038 ipsa
1489 3969 1629 4039 narum.
1674 3944 1902 4039 Nuncpauca
1918 3952 2046 4022 addam
2062 3955 2233 4026 deforma
2250 3959 2480 4045 gubernatio-

448 4053 566 4148 Mysia
591 4051 681 4120 duos
702 4048 742 4115 in
767 4041 836 4118 hoc
861 4068 987 4134 genere
1013 4045 1195 4116 doctrinae
1218 4049 1438 4135 excellentes,
1489 4047 1546 4116 nis
1567 4047 1742 4138 politicae.
1800 4047 1868 4119 Dei
1891 4053 2061 4124 beneficio
2083 4058 2153 4126 iam
2175 4080 2287 4129 annos
2304 4059 2479 4152 quadrin-

447 4155 592 4226 Petrum
612 4145 814 4242 Apianum,
840 4160 874 4216 et
889 4141 1085 4216 Iohannem
1107 4145 1217 4233 Pseil,
1242 4173 1346 4241 quern
1370 4175 1437 4219 no-
1489 4160 1612 4237 gentos
1634 4143 1741 4218 huius
1761 4149 1931 4242 trianguli
1953 4156 2161 4242 gubernatio
2184 4161 2315 4230 mansit
2346 4162 2479 4244 eadem,

447 4258 586 4327 minant
608 4251 712 4323 amici
733 4245 942 4332 Philonem,
977 4249 1060 4339 quia
1088 4264 1232 4340 propter
1261 4251 1437 4341 amplissi-
1489 4273 1559 4341 qua
1584 4248 1622 4316 in
1646 4273 1685 4317 re
1710 4263 1743 4319 et
1757 4247 1825 4319 Dei
1844 4253 2054 4325 beneficium
2068 4265 2330 4348 agnoscendum
2347 4275 2418 4345 est,
2444 4274 2479 4331 et

449 4382 540 4428 marn
557 4355 806 4433 eruditionem,
832 4351 1020 4420 conferunt
1033 4374 1112 4420 eum
1126 4353 1170 4420 ad
1187 4367 1338 4421 veterem
1350 4348 1436 4421 Phi·
1489 4351 1648 4441 ipsorum
1658 4347 1866 4442 Principum
1882 4354 2058 4427 laudanda
2074 4360 2211 4430 iusticia
2227 4361 2478 4435 etmoderatio.

448 4461 588 4540 lonem,
614 4461 658 4527 de
676 4480 747 4550 quo
764 4454 899 4523 dictum
915 4451 1001 4532 suit,
1026 4447 1051 4544 ἢ
1065 4447 1187 4547 φίλων
1203 4448 1433 4541 πλατωνίζει,
1489 4450 1908 4544 Accesseruut'l'uringia
1925 4470 1960 4526 et
1973 4481 2053 4547 pars
2070 4459 2262 4541 Saxoniae,
2289 4475 2323 4531 et
2335 4459 2477 4534 Electo-

447 4556 472 4655 ἢ
496 4553 649 4633 utetur
668 4548 868 4654 φιλωνίζει.
927 4551 968 4622 ld
991 4555 1035 4623 ad
1060 4549 1156 4624 hunc
1182 4569 1342 4625 nostrum
1360 4580 1435 4626 non
1488 4576 1568 4622 rum
1591 4553 1766 4643 dignitas,
1786 4581 1888 4649 quae
1915 4560 2066 4630 accessio
2095 4562 2199 4632 etiarn
2232 4563 2476 4635 testimoninm

448 4664 568 4736 minus
583 4659 768 4751 congruit,
793 4680 898 4750 quarn
915 4655 960 4723 ad
975 4655 1091 4745 illum.
1483 4668 1541 4725 est
1554 4655 1713 4740 virtutis,
1739 4669 1773 4725 et
1785 4659 1985 4730 autoritatis
1999 4656 2128 4734 horum
2145 4661 2364 4755 Principum.
2406 4665 2477 4737 Sed

550 4762 627 4837 Etsi
658 4763 753 4832 enirn
786 4781 860 4828 non
891 4769 943 4826 est
971 4781 1087 4828 meum
1110 4759 1154 4827 de
1181 4756 1328 4828 summis
1349 4757 1436 4827 viris
1487 4755 1609 4826 omnia
1622 4758 1808 4850 complecti
1822 4783 1919 4849 nunc
1933 4786 2007 4831 non
2024 4787 2178 4855 possum.
2210 4764 2360 4837 Familia
2370 4767 2478 4837 Priu-

453 4855 624 4952 iudicare,
649 4879 767 4936 tamen
781 4858 942 4931 existimo
958 4881 1039 4929 curn
1052 4859 1294 4932 antecelluisse
1314 4861 1434 4929 erudi·
1487 4858 1606 4948 cipum
1622 4872 1722 4929 vetus
1738 4874 1808 4943 est,
1834 4876 1911 4933 orta
1928 4865 1973 4934 ab
1989 4868 2111 4935 eadem
2128 4860 2259 4958 stirpe,
2281 4893 2372 4962 qnae
2391 4894 2477 4960 pro·

456 4964 551 5032 tione
564 4969 601 5035 in
620 4980 693 5037 tota
715 4953 949 5052 Philosophia
972 4961 1155 5047 omnibus,
1184 4985 1336 5054 qnorum
1352 4984 1436 5032 eru·
1487 4960 1617 5030 creavit
1629 4962 1889 5033 laudatissimos
1904 4964 2133 5057 imperatores
2147 4967 2340 5040 Saronicus
2357 4966 2477 5041 Otho·

453 5063 546 5133 ditio
564 5060 630 5134 hoc
643 5070 756 5137 seculo
773 5064 982 5135 celebratur.
1486 5084 1560 5131 nes.
1612 5058 1774 5154 Cumque
1789 5062 1942 5134 vicinam
1955 5071 2135 5158 regionem
2152 5070 2196 5138 ad
2212 5069 2349 5152 Salam,
2376 5071 2477 5144 Mul-

554 5163 638 5235 Non
657 5169 749 5236 volui
765 5163 925 5237 hocloco
943 5162 1342 5252 cataloguminstituere
1362 5163 1436 5232 cla-
1486 5165 1570 5259 dam
1589 5175 1623 5233 et
1639 5160 1785 5234 Plisiam
1806 5164 1869 5236 diu
1893 5170 2106 5253 tenuissent,
2133 5183 2251 5262 postea
2272 5171 2478 5247 Fridericus

450 5288 574 5339 rorurn
599 5265 774 5352 virorum,
798 5268 858 5360 qui
874 5268 911 5335 in
928 5260 995 5334 hac
1019 5259 1210 5333 Academia
1226 5265 1436 5349 floruerunt,
1486 5261 1721 5346 Barbarossa,
1752 5262 1918 5337 Conrado
1948 5283 2058 5340 totam
2090 5270 2244 5368 Mysiam
2274 5279 2478 5367 gubernare·

449 5371 561 5464 etqui
583 5365 747 5460 consiliis
765 5369 833 5437 suis
853 5368 1003 5459 patriam
1026 5379 1204 5438 rexerunt.
1254 5364 1345 5434 Nam
1361 5366 1434 5435 sor·
1486 5368 1568 5435 darn
1584 5365 1749 5447 tradidit,
1776 5393 1927 5462 eumque
1942 5368 2189 5445 Marchionem
2204 5375 2343 5472 Mysiae
2358 5379 2476 5448 nomi·
2568 5416 2571 5421 -

449 5498 506 5544 rna
522 5467 795 5563 gubernationis
808 5468 894 5539 iusta
910 5485 943 5540 et
956 5468 1151 5552 moderata,
1175 5481 1210 5536 et
1220 5467 1434 5537 iudiciorum
1486 5467 1604 5551 navit,
1629 5468 1702 5537 sive
1720 5469 1757 5538 id
1773 5494 1905 5542 nornen
1922 5489 1974 5545 est
1989 5501 2007 5544 a
2031 5473 2238 5574 νομαρχία,
2262 5495 2304 5551 ιιι
2321 5480 2476 5552 Sabinus

449 5571 656 5648 constitutio
688 5571 881 5640 ostendunt
904 5569 1008 5638 inisse
1038 5581 1072 5639 et
1097 5593 1187 5649 esse,
1218 5593 1292 5638 non
1318 5569 1433 5638 solnm
1485 5571 1543 5638 vir
1563 5569 1866 5659 ingeniosissimus
1881 5575 2073 5664 existimat,
2099 5581 2173 5652 sive
2193 5580 2339 5651 alimite
2356 5592 2476 5649 custo-

451 5678 653 5768 ingcniosos
678 5684 713 5743 et
735 5695 803 5742 usn
819 5667 951 5762 peritos
960 5669 1227 5758 gubernatores,
1249 5673 1310 5741 sed
1327 5671 1432 5743 etiam
1486 5673 1629 5745 diendo.
1681 5669 1770 5744 Inde
1792 5679 1972 5767 propagati
1996 5678 2180 5773 Principes
2207 5691 2395 5749 tenuerunt
2418 5693 2475 5752 to.

450 5781 616 5850 eruditos.
675 5772 833 5847 Tantum
854 5773 900 5843 de
921 5770 967 5841 iis
988 5770 1120 5855 duam,
1154 5772 1217 5868 qui
1231 5772 1336 5865 primi
1352 5796 1432 5845 cum
1485 5788 1561 5847 tum
1591 5768 1687 5846 huuc
1715 5777 1953 5868 triangulum,
1985 5805 2138 5874 quorum
2169 5801 2307 5868 semper
2335 5800 2515 5859 summa.
