6025 6775
394 670 469 752 ιιι,
878 723 881 728 .
960 639 984 720 -’
1086 664 1115 740 1.
1162 659 1457 743 cunoutcorv
1490 660 1737 744 cantoms.
2112 769 2116 785 Ι
2351 671 2427 748 aas

396 839 462 923 sit,
487 851 662 914 ettamen
684 851 818 913 servata
834 839 1026 925 divinitus,
1051 851 1085 909 et
1099 842 1279 934 morundo
1294 864 1379 933 pro-
1429 837 1528 907 mille
1549 836 1693 927 triginta
1714 849 1797 910 tres.
1854 831 1924 908 'Ac
1946 836 2054 931 periit
2073 838 2337 934 Sardanapalus
2368 865 2426 913 re-

396 955 522 1034 pagata
536 944 583 1014 sit
599 944 763 1012 doctrina
778 943 817 1012 in
832 938 895 1012 bas
910 943 1001 1032 ipsas
1017 940 1149 1011 vicinas
1164 956 1293 1032 gentes·
1359 1014 1363 1021 ,
1429 952 1559 1029 gnante
1574 939 1614 1008 in
1629 936 1758 1009 Iudaea
1775 930 1903 1013 Osia.

500 1037 706 1115 Ncmrod
731 1057 809 1136 post
830 1059 942 1114 annos
961 1042 1102 1113 circiter
1121 1056 1265 1114 centum
1288 1041 1380 1113 adi·
1529 1038 1654 1112 Postea
1676 1033 1806 1109 Phul
1823 1033 1914 1109 Bel
1922 1033 2079 1127 ochus,
2112 1042 2150 1112 id
2174 1056 2242 1129 est,
2267 1039 2423 1114 Eversdr
2462 1115 2472 1126 ,

396 1144 507 1217 luvio.
1427 1153 1587 1226 vastans,
1619 1139 1820 1212 Praefectus
1839 1140 2098 1236 Babylonicus,
2131 1147 2245 1216 tenuit
2264 1143 2422 1239 Babylo-

498 1241 638 1315 Deinde
648 1257 725 1336 post
735 1264 846 1313 annos
856 1244 929 1315 lere
938 1238 1167 1316 ducentosN
1172 1242 1190 1313 ι’
1194 1265 1219 1312 n
1229 1264 1279 1311 us
1293 1265 1378 1312 con·
1428 1243 1526 1312 niam
1549 1257 1583 1313 et
1601 1240 1777 1329 Niniven,
1817 1256 1851 1314 et
1874 1243 2035 1331 regnavit
2051 1266 2165 1315 annos
2185 1247 2420 1340 quadraginta

398 1346 491 1416 didit
513 1341 665 1415 Niniven
688 1342 727 1413 in
743 1341 910 1438 Assyria,
933 1368 973 1414 ac
995 1369 1132 1415 summa
1156 1344 1312 1437 potentia
1334 1345 1379 1412 ad
1427 1357 1520 1417 octo.
1572 1338 1610 1411 Α
1617 1341 1780 1413 rbaces
1801 1368 1884 1414 vero
1900 1344 2030 1414 Medus
2050 1345 2253 1419 dominatus
2271 1358 2323 1416 est
2339 1345 2420 1416 Me-

397 1445 564 1540 Assyrios
584 1444 751 1515 translata
773 1456 845 1531 est,
867 1445 931 1540 qui
948 1457 982 1515 et
997 1444 1154 1517 Niniven
1171 1458 1206 1516 et
1222 1443 1379 1540 Babylo·
1429 1444 1484 1513 dis
1514 1456 1549 1515 et
1569 1442 1696 1519 Persis.
1755 1442 1825 1516 Sed
1852 1468 1949 1514 nunc
1979 1459 2121 1537 pertexo
2143 1448 2269 1518 seriem
2291 1470 2418 1536 regum

396 1570 480 1616 nem
495 1556 696 1616 tenuerunt.
1428 1539 1655 1639 Assyriorum
1703 1570 1817 1637 usque
1857 1548 1903 1617 ad
1948 1543 2188 1617 monarchiam
2229 1547 2417 1619 Persicam.

496 1639 793 1731 Semitamt‘s,
822 1641 1031 1730 uxorNini,
1056 1645 1216 1716 condidit
1237 1646 1379 1716 moenia
1427 1643 1519 1715 Nam
1540 1641 1678 1738 Assyrii
1708 1648 1873 1739 deinceps
1902 1649 2022 1717 decem
2051 1648 2165 1720 tribus
2193 1647 2418 1732 israeliticas,

396 1744 608 1837 Babylonis,
640 1757 675 1815 et
699 1746 830 1815 fossam
858 1745 935 1817 lieri
959 1746 1112 1833 curavit,
1142 1762 1176 1822 et
1196 1770 1378 1839 progressa
1427 1760 1462 1817 et
1483 1759 1604 1837 postea
1625 1746 1758 1816 tribum
1779 1742 1902 1815 Iuda
1927 1749 2073 1821 adsidue
2096 1751 2316 1821 adflixerunt.
2373 1747 2418 1817 In

395 1848 514 1937 plures
529 1846 692 1936 regiones
704 1847 901 1938 occupavit.
1075 1893 1077 1898 .
1381 1917 1388 1924 ,
1426 1847 1519 1916 libro
1535 1841 1725 1935 allegam
1750 1848 1862 1935 capite
1881 1846 1938 1921 15.
1969 1851 2100 1924 dicitur
2125 1846 2292 1931 hicPhul
2308 1841 2417 1921 Belo-4

494 1941 675 2020 Niniue
699 1947 793 2017 filius
808 1943 893 2017 Nini
917 1962 952 2021 ct
967 1948 1218 2028 Semiramidos
1239 1951 1326 2023 vixit
1339 1953 1378 2021 in
1427 1944 1515 2019 chus
1528 1945 1689 2019 intulisse
1708 1947 1842 2017 bellum
1859 1951 1932 2037 regi
1950 1947 2142 2024 lsrauiuco
2157 1946 2362 2025 Menabem.
2398 2038 2400 2042 Ι

393 2047 491 2128 ocio,
516 2049 604 2117 adeo
624 2062 665 2120 ιιι
687 2048 816 2117 deinde
840 2048 878 2118 in
901 2050 1131 2141 scriptoribus
1149 2044 1280 2124 Ionicis
1295 2077 1378 2144 pro·
1528 2047 1703 2121 Successit
1721 2048 1813 2140 patri
1827 2041 1954 2117 Phul
1967 2044 2132 2136 Assar,
2158 2053 2279 2138 idest,
2302 2047 2417 2121 Ever-

393 2160 472 2237 pter
501 2148 679 2237 ignaviam
700 2150 936 2239 vituperetur,
966 2164 1009 2221 ut
1028 2165 1151 2223 narrat
1173 2148 1378 2224 Athenaeus
1425 2165 1486 2219 sor
1502 2143 1686 2246 Assyrius,
1706 2150 1770 2241 qui
1792 2149 1829 2216 in
1855 2150 1949 2218 libro
1964 2147 1998 2219 4.
2012 2146 2151 2238 Regum
2173 2148 2326 2243 ca'p.15.
2349 2176 2416 2222 no·

393 2248 488 2317 libro
507 2248 752 2345 2.ε”Αριστος
765 2243 983 2323 indictuni
997 2246 1135 2324 πίνειν.
1161 2248 1208 2324 τοὶ
1225 2248 1267 2326 de
1283 2250 1376 2326 ἀλλὰ
1425 2251 1583 2321 minatur
1612 2243 1781 2344 Tiglas
1812 2242 2092 2319 Philassar:
2132 2252 2206 2320 sive
2238 2276 2259 2321 a
2292 2255 2416 2323 tradu-

391 2343 488 2419 κατὰ
502 2349 765 2444 πειρῶνῶθει,
805 2348 884 2421 Hoc
900 2349 1376 2445 regnanteAbrahamvenit
1425 2352 1542 2421 ctione
1557 2350 1794 2422 Israelitarum
1817 2350 1855 2418 in
1876 2352 2042 2439 exilium,
2067 2351 2141 2421 sive
2155 2352 2200 2421 ab
2223 2353 2296 2444 ipsa
2313 2350 2417 2422 Gali-

392 2448 434 2516 in
448 2447 673 2527 Palestinam.
832 2444 836 2449 “
933 2463 938 2470 “
1425 2452 1496 2539 lea,
1523 2454 1607 2545 qnia
1629 2447 1688 2522 hic
1713 2454 1848 2543 primns
1869 2449 2009 2522 Galilea
2032 2453 2165 2544 potitus
2187 2451 2257 2532 e'st,
2291 2466 2324 2523 et
2348 2454 2415 2543 tri,-

495 2547 583 2621 Post
601 2547 696 2623 hunc
717 2553 756 2622 in
773 2550 921 2625 historia
936 2553 1172 2630 Sodomorum
1189 2560 1228 2630 lit
1243 2557 1375 2631 mentio
1424 2548 1686 2646 bumNephtali
1700 2554 1847 2625 abduxit
1864 2549 2105 2651 inAssyriam.
2155 2552 2334 2646 Regnavit
2348 2577 2415 2625 an·

391 2650 487 2741 regis
502 2648 679 2740 Sennaar,
711 2655 749 2725 id
765 2669 836 2739 est,
869 2653 1080 2751 Babylonis,
1105 2654 1377 2755 Amrophal,
1425 2679 1489 2727 nos
1504 2668 1576 2725 tres
1597 2668 1631 2725 el
1645 2656 1783 2745 viginti.
2134 2743 2136 2748 ,

388 2750 430 2823 id
453 2762 521 2837 est,
550 2751 671 2824 dicens
691 2756 929 2843 eversionem,
963 2755 1112 2829 Genesis
1136 2760 1194 2833 14.
1248 2761 1375 2833 Credi·
1525 2751 1891 2842 Salmanassar,
1917 2757 2039 2840 idest,
2063 2751 2414 2851 pacificusAssyrius.

390 2853 467 2923 hile
493 2865 545 2924 est
570 2867 707 2940 autem,
739 2856 853 2926 varias
876 2859 1088 2929 mutationes
1111 2857 1225 2932 inhia
1247 2863 1375 2933 vicinis
1423 2852 1602 2944 Regnavit
1623 2878 1736 2925 annos
1759 2859 1891 2931 decem.
1942 2855 2053 2928 Anno
2075 2859 2200 2949 quinto
2217 2857 2414 2928 saniarium

391 2953 531 3042 regnis,
561 2950 743 3027 Chaldaeo
769 2970 806 3028 et
824 2957 970 3052 Assyrio
993 2962 1170 3038 accidisse,
1227 2959 1282 3036 Aa
1306 2988 1374 3033 no-
1424 2956 1609 3025 obsidione
1624 2957 1751 3030 cinxit.·
1793 2956 1955 3050 Cumque
1971 2958 2011 3025 in
2032 2969 2106 3028 tota
2128 2958 2269 3045 regione
2293 2959 2415 3025 decem
2562 3009 2565 3021 .

391 3054 489 3123 mina
504 3075 627 3146 regum
643 3050 870 3151 Assyriorum
883 3074 1120 3148 recensentur,
1146 3064 1206 3135 sed
1222 3065 1304 3159 qnia
1319 3087 1374 3135 res
1423 3058 1582 3127 tribuum
1606 3058 1736 3149 oppida
1761 3058 1890 3148 passim
1912 3058 2115 3139 delevisset,
2155 3057 2325 3126 malorem
2346 3078 2414 3147 P0·

391 3166 506 3245 gestae
520 3163 595 3226 non
611 3170 697 3228 sunt
709 3157 868 3244 additae,
892 3160 1019 3232 omitto
1035 3177 1168 3233 caetera
1182 3166 1340 3237 nomina.
1422 3158 1501 3250 puli
1515 3171 1650 3249 partem
1667 3157 1816 3230 abduxit
1830 3159 1869 3226 in
1885 3159 2042 3232 exilium.

479 3251 572 3350 ‚Hoc
598 3259 743 3349 plurimi
776 3260 955 3342 scribunt,
985 3287 1027 3332 ex
1051 3258 1208 3361 Assyriis
1231 3268 1374 3356 regibus
1527 3256 1570 3326 ln
1594 3260 1708 3350 capite
1723 3259 1859 3328 decimu
1876 3257 2014 3328 Hoseae
2029 3259 2067 3328 lit
2084 3258 2218 3329 mentio
2234 3253 2341 3328 huius
2355 3281 2413 3327 re-

389 3351 558 3428 nltimum
582 3359 732 3432 tenuisse
752 3355 1016 3449 monarchiam,
1054 3366 1092 3436 id
1117 3380 1187 3455 eat,
1217 3364 1374 3464 Babylo.
1423 3360 1475 3449 gis
1490 3354 1706 3447 Salmas,
1731 3361 1794 3431 ubi
1813 3360 1959 3433 dicitur:
1987 3359 2088 3431 Sicut
2102 3359 2251 3430 vastavit
2266 3357 2414 3431 Salman

388 3481 473 3528 nem
495 3455 726 3548 etNiniven,
760 3456 1156 3561 Sardanapalum,
1206 3467 1277 3538 Hic
1298 3470 1375 3539 for.
1422 3463 1572 3531 domum
1593 3458 1725 3532 Arbela
1749 3463 1787 3530 in
1810 3463 1868 3531 die
1889 3462 2013 3552 prelii,
2049 3475 2162 3531 matre
2191 3484 2299 3553 super
2320 3461 2413 3530 tilios

388 3556 492 3629 tassis
514 3570 550 3628 et
561 3573 704 3651 propter
716 3563 825 3650 vicia,
849 3566 981 3656 etquis
997 3568 1373 3640 distractionimonar-
1422 3562 1540 3632 allisa:
1572 3563 1622 3633 sic
1649 3563 1754 3634 faciet
1774 3564 1876 3633 vobis
1899 3558 2045 3643 Bethet,
2072 3575 2216 3654 propter
2235 3561 2414 3631 maliciam

388 3653 492 3728 chiae
514 3658 694 3753 proximus
715 3663 803 3751 luit,
826 3666 1023 3739 celebratus
1045 3684 1107 3743 est.
1158 3671 1298 3742 Nomen
1321 3683 1374 3741 est
1421 3664 1593 3733 scelerum
1610 3677 1818 3735 vestrorum.
1861 3662 1934 3734 Ubi
1952 3663 2084 3734 latinus
2098 3663 2271 3754 interpres
2286 3662 2412 3732 lectio·

387 3759 538 3850 plenum
561 3763 791 3851 arrogantiae.
849 3763 941 3839 Cum
965 3769 1058 3839 enim
1080 3773 1206 3843 ruinae
1233 3772 1374 3864 impen·
1421 3788 1503 3833 nem
1520 3766 1637 3856 inepte
1651 3766 1829 3856 corrupit,
1856 3789 1936 3834 cum
1952 3760 2038 3835 haec
2059 3764 2106 3834 sit
2126 3765 2245 3834 nativa
2269 3776 2413 3834 senten-

389 3862 497 3943 dent,
531 3860 656 3934 crescit
678 3864 864 3955 superbia,
887 3869 978 3941 sicut
1001 3871 1148 3944 dicitur:
1176 3873 1374 3945 Tolluntur-
1421 3867 1487 3936 tia:
1521 3864 1654 3956 Regem
1669 3867 1815 3938 Salman
1837 3867 2037 3935 deleturum
2060 3888 2134 3934 esse
2153 3864 2333 3936 Samariae
2355 3888 2412 3934 re-

389 3961 430 4028 in
452 3960 582 4049 altum,
606 3977 646 4035 ut
660 3963 763 4063 lapsu
777 3968 937 4057 graviore
954 3987 1070 4043 ruant.
1120 3970 1232 4062 Sar,
1257 3976 1373 4060 idest,
1420 3990 1550 4057 gnum,
1575 3968 1665 4037 sicut
1682 3968 1808 4037 evertit
1838 3968 1964 4035 urbem
1980 3962 2123 4035 Arbela.

389 4062 479 4131 dux:
509 4058 639 4152 Dan,
666 4064 797 4139 luders
825 4060 877 4142 N
877 4063 1021 4168 iphil,
1041 4070 1208 4149 Eversor.
1264 4076 1324 4149 Sic
1339 4089 1374 4147 et
1522 4065 1629 4160 Apud
1644 4066 1886 4137 Pwlflmaeum
1907 4077 2112 4133 ¹¹⁰mt110⁸l
2134 4063 2226 4153 ¹⁰8ss
2248 4057 2294 4136 Ν
2299 4061 2411 4132 ⁰⁶⁰·

390 4158 559 4253 Gigantes
573 4167 808 4242 nominarunt
822 4193 859 4240 se
873 4168 1011 4264 Niphil.
1421 4190 1612 4253 nassar,
1645 4192 1665 4234 a
1692 4189 1763 4258 quo
1788 4176 1951 4233 numerat
1975 4165 2021 4233 ad
2045 4163 2239 4235 Alexandri
2259 4179 2412 4237 mortem

488 4261 603 4339 Aiunt
615 4283 753 4353 autem,
780 4264 877 4340 hunc
890 4271 1168 4369 Sardanapalum
1183 4264 1273 4350 fucis
1289 4280 1372 4371 pin.
1419 4292 1533 4338 annos
1548 4267 1824 4360 quadringentos
1837 4264 1964 4354 viginti
1987 4278 2152 4357 quatuor.
2208 4261 2316 4336 Hunc
2336 4288 2412 4336 esse

386 4359 481 4431 xisse
508 4364 653 4454 faciem,
683 4373 723 4441 in
747 4368 925 4468 Gyneceis
951 4376 1078 4446 omissa
1104 4379 1245 4472 imperii
1273 4402 1371 4464 cura,
1420 4370 1716 4441 salmanassarem
1731 4389 1907 4436 annorum
1922 4388 2092 4436 numerus
2113 4365 2281 4438 ostendit.
2331 4364 2409 4435 No·

387 4461 550 4530 obscenis
570 4466 808 4560 voluptatibus
832 4471 991 4545 deditum
1012 4477 1129 4550 fuisse.
1180 4477 1370 4568 Propterea
1418 4495 1500 4540 men
1516 4483 1632 4541 autem
1647 4463 1697 4542 N
1698 4465 1959 4559 ebosignificat
1971 4466 2145 4548 divinum,
2171 4464 2254 4556 qnia
2270 4464 2409 4535 idolum

387 4563 462 4631 dno
490 4558 691 4654 Principes,
734 4569 935 4648 Praefectus
963 4574 1204 4673 Babyloniam
1246 4574 1372 4652 Phul
1417 4573 1486 4644 fuit
1507 4572 1584 4642 eius
1603 4570 1777 4655 nominis,
1808 4569 2078 4639 avaticinando
2102 4566 2152 4635 sic
2178 4564 2332 4645 dictum,
2369 4579 2411 4637 ut

387 4653 650 4745 Bakchias,
680 4679 717 4737 et
742 4666 945 4751 Arsaces
979 4676 1124 4763 Medus,
1150 4683 1283 4755 bellum
1306 4684 1370 4753 ad.
1419 4672 1548 4744 Graeci
1565 4668 1730 4767 Pythium
1749 4670 1994 4743 nominarunt.
2027 4667 2269 4746 Nehonassar,
2295 4667 2409 4752 idest,

347 4862 351 4867 ,
386 4784 510 4832 Vffl⁰⁸
529 4787 611 4834 ‘⁰¹¹¹
629 4787 829 4846 “¹⁰V‘rtlsst·
875 4777 1033 4853 Narrant
1046 4782 1211 4875 quidam,
1237 4787 1284 4855 ab
1298 4780 1369 4854 Ar·
1418 4775 1755 4868 divinusAssyrius.

384 4863 473 4933 bace
494 4861 605 4935 Medo
633 4866 856 4946 interiectum
881 4902 974 4966 ene,
1007 4885 1068 4955 aad
1087 4881 1196 4955 Duris
1219 4886 1371 4978 scripsit,
1519 4867 1842 4947 Sennacherib
1865 4867 2264 4953 filiusSalmanassaris,
2288 4867 2409 4953 idest,
2495 4874 2498 4880 '

386 4986 469 5033 enm
491 4962 633 5035 incensa
651 4969 746 5058 regia
762 4970 974 5069 Babylonica
989 5008 1064 5057 aeae
1079 4999 1114 5058 aa
1128 4987 1311 5069 mulieres,
1334 4999 1370 5057 aa
1417 4979 1537 5072 biceps
1562 4978 1721 5068 gladius,
1759 4975 1919 5062 regnavit
1940 4971 2054 5041 annos
2079 4981 2232 5060 septem,
2272 4969 2335 5062 qni
2366 4982 2409 5040 nt
2450 5020 2452 5025 -

385 5064 560 5159 reliquam
584 5069 744 5158 turbam,
769 5092 859 5166 quae
878 5078 929 5149 ihi
952 5085 1039 5174 luit,
1064 5089 1230 5159 incendio
1247 5089 1369 5180 perdi·
1418 5082 1617 5151 imitaretur
1636 5091 1803 5169 patrem,¹
1832 5071 2004 5162 reliquam
2028 5082 2164 5159 partem
2193 5069 2319 5160 populi
2340 5068 2410 5142 Dei

383 5164 490 5237 disse.
541 5160 590 5238 Et
612 5170 759 5263 quidem
781 5175 985 5253 incendium
1006 5189 1150 5264 durasse
1172 5189 1247 5259 dica
1262 5189 1370 5283 qnin-
1417 5183 1536 5252 delete
1558 5192 1706 5268 conatus
1726 5189 1795 5258 est,
1818 5172 1927 5242 cinxit
1942 5170 2129 5240 obsidione
2145 5165 2410 5266 lerosolymam,

384 5265 512 5335 decim·
1416 5284 1576 5355 obicum
1590 5282 1691 5351 Deus
1702 5276 1748 5347 ab
1764 5271 1867 5345 Esaia
1884 5285 1920 5342 et
1932 5265 2085 5342 Ezechia
2103 5270 2288 5343 invocatus
2310 5285 2410 5358 esset,

376 5435 386 5449 ,
485 5363 555 5438 Hic
578 5370 689 5444 tristis
712 5378 825 5449 exitus
846 5382 891 5451 ad
913 5387 1070 5474 exempla
1086 5390 1159 5462 irae
1175 5390 1244 5465 Dei
1259 5392 1369 5486 perti.
1417 5381 1547 5474 Angeli
1586 5380 1685 5450 missi
1725 5375 1950 5447 trucidarunt
1986 5371 2176 5442 exercitum
2208 5370 2410 5466 Assyrium.

382 5477 463 5546 net,
487 5473 658 5545 mutantis
682 5477 831 5571 imperia
852 5497 999 5575 propter
1013 5481 1216 5580 Principum
1243 5508 1278 5567 et
1301 5490 1369 5586 pn.
1415 5485 1493 5559 Rex
1509 5482 1647 5572 lugiens
1668 5502 1749 5551 cum
1771 5475 1932 5547 rediisset
1953 5473 1992 5542 in
2005 5471 2181 5554 Niniven‚
2214 5472 2408 5562 intemplo

380 5565 461 5657 puli
480 5570 628 5660 delicta,
663 5591 699 5649 et
719 5580 921 5673 insignibus
944 5587 1068 5677 poenis
1088 5597 1366 5679 magnitudinem
1416 5587 1542 5659 sfiliis
1563 5583 1767 5654 interiectus
1790 5588 1853 5651 est.
1916 5568 2197 5645 Harum-rerum
2221 5574 2408 5642 famatam

329 5716 333 5727 .
377 5669 456 5738 irae
474 5675 702 5749 ostendentis.
764 5683 858 5757 Sunt
878 5701 996 5759 autem
1017 5688 1063 5757 ab
1086 5688 1182 5760 exitu
1201 5692 1368 5793 Abrahae
1415 5670 1563 5762 celebris
1583 5685 1669 5781 fnit,
1697 5697 1738 5755 ut
1760 5678 1892 5754 tine:
1925 5672 2100 5745 Herodoti
2123 5695 2244 5742 earnm
2270 5669 2407 5739 mentio
2507 5753 2514 5760 ⁶

375 5792 421 5842 U
442 5763 585 5843 Chmn
606 5798 719 5873 usqne
737 5785 784 5856 ad
808 5785 1041 5884 Sardanapali
1067 5788 1251 5863 interitum
1279 5798 1366 5868 inni
1414 5797 1492 5881 liat,
1523 5809 1726 5885 quanquam
1751 5777 2040 5854 nonrecitantur
2060 5775 2208 5862 intessf‘·
2265 5768 2408 5841 Nmm
