6025 6775
497 720 573 795 ors
735 704 944 785 sununs
970 702 1047 779 ru.
1074 697 1190 775 nnn.
1216 697 1283 773 au
1308 695 1439 771 fflsr.
1463 691 1608 771 uror.
1634 690 1702 768 ar
1725 694 1922 774 aurcos.
1949 696 2269 776 seraranan.
2379 763 2385 772 .
2435 653 2533 777 ssu*

500 908 639 963 causam
662 900 784 953 rursus
806 873 970 965 cognosci
992 871 1030 941 in
1046 867 1158 964 Tyro.
1206 864 1261 940 Ac
1277 868 1383 940 verba
1398 878 1482 939 sunt
1638 861 1721 935 Fuit
1740 864 1854 939 iustus
1877 882 1912 939 ct
1925 890 2089 954 severus,
2114 875 2175 943 sed
2197 873 2403 945 domesticas
2422 876 2513 947 duas

502 994 542 1061 in
565 985 711 1079 epistula
732 974 969 1068 imperatoris:
1002 970 1041 1043 Si
1066 971 1146 1063 quis
1159 969 1337 1041 recusabit
1350 968 1484 1053 venire,
1536 964 1749 1038 calamitates
1769 968 1926 1058 insignes
1947 965 2090 1043 babuit:
2124 973 2259 1044 Filium
2279 989 2514 1066 praestantem

502 1090 640 1162 mittam
665 1080 727 1174 qui
747 1101 829 1150 enm
852 1078 1002 1145 doceant
1018 1094 1093 1140 non
1107 1069 1286 1142 adversari
1306 1066 1390 1140 huic
1406 1069 1484 1138 edi·
1537 1065 1655 1136 virum
1671 1056 1855 1162 Crispum,
1881 1083 2003 1141 natum
2018 1096 2060 1141 ex
2079 1074 2194 1163 prima
2212 1075 2363 1164 coniuge
2375 1072 2516 1144 Miner.

506 1205 580 1270 cto:
613 1197 649 1254 et
670 1181 817 1251 mandat
842 1172 1061 1247 severissime
1081 1170 1275 1242 Ecclesiam
1299 1169 1485 1240 liberaris
1537 1167 1642 1251 vina,
1682 1190 1787 1258 quem
1816 1169 1889 1236 iam
1911 1168 2092 1241 Caesarem
2123 1176 2388 1259 nominaverat,
2428 1175 2517 1244 falso

495 1280 747 1377 blasphemiis.
796 1275 995 1349 Coniluunt
1009 1295 1092 1363 ergo
1110 1269 1291 1364 Episcopi,
1305 1273 1366 1341 sed
1384 1294 1486 1363 prae-
1538 1280 1736 1338 accusatum
1758 1291 1779 1338 a
1802 1290 1969 1350 noverca,
2009 1272 2158 1343 interfici
2181 1274 2295 1346 iussit.
2347 1272 2431 1348 Fuit
2452 1298 2518 1344 au·

505 1389 610 1480 cipue
642 1382 860 1455 colludentes
893 1399 972 1446 eum
994 1374 1096 1445 Ario.
1144 1369 1194 1444 Et
1214 1397 1256 1443 eo
1284 1393 1487 1443 accessurus
1541 1384 1613 1441 tem
1640 1390 1791 1438 noverca
1805 1360 1978 1456 Fausto,
2009 1371 2082 1441 blia
2100 1372 2312 1445 Maximiani
2335 1373 2518 1453 Herculei,

509 1502 587 1560 erat
608 1470 810 1574 imperator.
862 1475 952 1547 Nam
975 1487 1011 1546 et
1033 1473 1070 1543 in
1095 1468 1261 1543 Iordane
1285 1474 1490 1543 decreverat
1541 1490 1632 1562 quae
1659 1470 1705 1539 ad
1726 1491 1808 1539 suus
1832 1470 1923 1540 lilius
1941 1472 2124 1541 transferri
2151 1474 2337 1568 imperium
2361 1477 2524 1547 volebat.
2557 1517 2559 1522 ·

507 1586 722 1679 baptismum
748 1578 916 1669 accipere.
966 1573 1036 1646 Sed
1052 1577 1138 1644 dum
1155 1570 1241 1644 haec
1265 1585 1424 1663 apparat,
1450 1572 1489 1641 in
1541 1568 1669 1640 Postea
1682 1567 1940 1643 Constantinus
1962 1568 2180 1663 deprebensa
2194 1576 2365 1646 calumnia
2379 1591 2413 1648 et
2428 1600 2525 1647 con-

507 1689 674 1760 morbum
706 1681 833 1751 incidit
864 1680 903 1747 in
930 1675 1019 1746 urbe
1055 1673 1271 1747 Nicomedia.
1323 1671 1380 1742 lbi
1409 1697 1489 1742 cum
1542 1670 1659 1759 iugem
1675 1667 1840 1742 Faustam
1856 1672 1956 1742 iussit
1971 1674 2099 1743 necari.

507 1788 704 1880 baptizatus
737 1794 846 1860 esset,
888 1777 1069 1892 aliqufllfw
1101 1787 1181 1865 P⁰⁵i
1214 1773 1251 1841 5¹¹
1285 1773 1491 1843 Suburb³ss⁰
1550 1850 1552 1853 .
1644 1782 1718 1856 Nec
1743 1800 1882 1859 tantum
1904 1783 1961 1857 bis
1975 1789 2176 1862 domesticis
2191 1790 2448 1862 calamitatibus
2465 1813 2527 1861 se-

509 1896 765 1967 monumen,
796 1903 892 1950 enno
916 1888 1039 1948 aeteus
1064 1897 1149 1946 ωδε
1170 1887 1267 1944 sexto
1290 1887 1325 1944 el
1349 1895 1493 1963 tente-
1544 1898 1665 1957 nectus
1678 1884 1902 1960 Constantini
1918 1890 2059 1961 adflicta
2073 1906 2142 1962 est:
2168 1891 2230 1962 sed
2256 1892 2398 1962 accessit
2416 1893 2526 1963 etiam

512 1990 616 2059 simo.
968 2086 973 2091 .
1545 1986 1775 2082 consiliorum
1796 1990 2051 2075 inconstantia,
2077 2016 2166 2086 quae
2180 1987 2525 2064 auxitEcclesiarum

614 2098 723 2171 Anno
737 2093 877 2188 imperii
893 2092 1069 2167 tricesimo
1086 2091 1252 2175 secundo,
1266 2088 1386 2159 minus
1401 2090 1493 2160 duo-
1545 2088 1750 2159 discordias.
1800 2089 1926 2160 Arium
1940 2092 2138 2165 exulantem
2154 2092 2343 2164 revocavit.
2386 2090 2525 2163 Contra

412 2216 415 2226 ¹
512 2208 579 2275 bu,
593 2200 792 2272 mensibus..
1544 2211 1630 2257 vcro
1644 2182 1878 2258 Athanasium
1896 2192 2094 2264 inexilium
2116 2194 2212 2265 misit
2227 2197 2265 2263 in
2286 2195 2411 2263 urbem
2427 2190 2524 2264 Tre·

613 2316 747 2390 verum
766 2321 1012 2385 ammonem
1036 2303 1493 2398 votasstcomtanfinopo.
1545 2289 1716 2361 virorum.
1764 2285 1842 2360 Etsi
1864 2292 1971 2381 igitur
1985 2294 2212 2365 fundamenta
2225 2294 2436 2366 concordiae
2451 2294 2525 2364 Ec·

513 2422 566 2492 lin
585 2419 777 2509 imperator
792 2410 1007 2502 Episcopus,
1031 2410 1093 2500 qui
1117 2408 1155 2475 in
1179 2408 1268 2477 urbe
1285 2406 1384 2501 'l'yro
1406 2430 1493 2477 con.
1544 2389 1729 2459 elesiarum
1754 2391 1792 2459 in
1815 2391 1961 2485 Synodu
1984 2391 2116 2464 Niceua
2143 2397 2288 2475 iecerat.
2316 2411 2349 2465 et
2371 2396 2525 2465 maxime

512 2530 703 2600 venerant,
728 2537 769 2583 ac
784 2511 890 2580 simul
906 2507 1035 2579 Arium
1059 2531 1101 2576 ex
1117 2503 1328 2576 Alexandria
1345 2508 1493 2577 accersi.
1544 2490 1706 2582 cupiebat
1720 2488 1912 2562 Ecclesiam
1930 2494 2131 2588 relinquere
2145 2497 2388 2589 tranquillam,
2402 2509 2523 2567 tamen

512 2620 577 2689 vit.
630 2613 755 2684 Voluit
770 2611 865 2680 enim
881 2631 997 2678 coram
1014 2602 1120 2678 buius
1137 2607 1259 2678 iudicii
1276 2607 1494 2697 gubemator
1546 2590 1583 2659 ld
1608 2614 1682 2662 ¹¹⁰ss
1704 2592 1870 2680 Perfecit,
1890 2597 1954 2670 fied
1979 2609 2165 2666 “everunt
2183 2596 2380 2666 dl⁸t0rdi³0
2394 2597 2522 2667 diabo-

514 2741 598 2787 esse.
650 2710 704 2784 Eo
726 2736 805 2784 cum
827 2710 979 2779 venisset
992 2702 1126 2787 Arius,
1153 2721 1269 2779 ortum
1293 2724 1345 2781 est
1367 2710 1492 2798 ingens
1544 2691 1670 2777 lurum¹
1684 2692 1889 2779 fraudibus,
1924 2695 1985 2788 qui
2009 2718 2140 2786 organa
2164 2692 2364 2767 habuerunt
2383 2697 2525 2790 aliquot

514 2832 689 2889 certarnen
705 2807 1045 2882 interAlexandrum
1058 2807 1492 2901 Constantinopolitanum
1544 2790 1737 2883 EPl⁸⁰⁰P⁰⁸
1758 2809 1793 2864 ²¹
1821 2792 2072 2889 ⁸l⁶⁰Ph³¹¹l³⁸s
2095 2797 2157 2890 qul
2180 2796 2525 2870 8300115821'2550558

517 2916 757 3011 Episcopum,
789 2924 883 2982 recte
908 2911 1131 2981 sentientem:
1165 2924 1198 2982 et
1215 2908 1412 2982 Eusebium
1427 2909 1493 2980 Ni·
1544 2915 1666 2964 stum
1682 2894 1929 2985 imperatorem
1945 2900 2171 2988 deceperunt·

520 3017 797 3098 comedicnsem‚
821 3013 884 3106 qui
896 3010 1108 3083 astutissime
1131 3012 1336 3082 sublevabat
1350 3011 1491 3084 Arium.
1549 3064 1552 3067 ι
1646 3008 1719 3081 Nec
1732 3011 1871 3105 imperii
1886 3037 1953 3106 pax
1964 3012 2424 3087 mortuoConstantinufuit
2436 3015 2525 3087 diu-

512 3117 605 3191 Cum
621 3129 738 3187 autem
756 3114 903 3184 instaret
924 3134 1090 3201 magnum
1108 3125 1302 3196 certarnen,
1318 3124 1405 3199 ‚pust
1418 3109 1487 3180 ali·
1543 3124 1668 3183 turnas
1692 3109 1766 3181 Nec
1786 3117 1971 3203 posteritas
1989 3117 2065 3187 eius
2086 3116 2192 3186 foelix
2210 3117 2289 3192 tuto
2338 3114 2430 3191 Nam
2445 3117 2525 3187 fra·

513 3218 768 3316 quotgdierum
800 3235 1022 3304 congressus,
1061 3207 1263 3282 Alexander
1292 3207 1491 3302 Episcopus
1544 3223 1615 3280 tres
1640 3211 1709 3303 ipsi
1730 3212 1824 3286 inter
1844 3238 1917 3287 sese
1939 3217 2164 3291 dimicarunt.
2223 3219 2326 3289 Adeo
2347 3218 2447 3290 nulla
2469 3234 2525 3290 est

513 3332 623 3391 noctu
640 3337 788 3387 manens
803 3314 841 3384 in
866 3313 999 3407 templo
1021 3327 1183 3405 precatur
1197 3310 1331 3396 Deum,
1354 3325 1394 3383 ut
1415 3312 1490 3404 ipse
1543 3314 1773 3405 quantumvis
1791 3339 1917 3408 magna
1930 3315 2103 3390 foelicitas
2117 3318 2155 3389 in
2170 3314 2236 3391 bac
2252 3320 2342 3405 vita,
2366 3320 2425 3394 cui
2446 3342 2525 3390 nun

513 3422 695 3491 veritatem
718 3407 868 3489 tueatu'r.
921 3413 1030 3484 Mane
1050 3438 1130 3485 cum
1150 3415 1254 3501 lunga
1275 3427 1363 3486 esset
1386 3437 1491 3505 expe·
1542 3413 1676 3485 multae
1707 3417 1922 3490 calamitates
1954 3421 2177 3492 misceantur.
2229 3420 2393 3515 Suntque
2414 3421 2527 3511 digna

513 3523 640 3604 ctatio,
673 3520 816 3590 tandem
841 3516 947 3587 factio
969 3515 1102 3585 Ariana
1127 3515 1173 3585 ad
1195 3513 1379 3606 publicum
1402 3537 1490 3584 cun·
1545 3514 1828 3588 consideratione
1849 3523 1955 3590 verba
1976 3518 2150 3591 Herodoti
2170 3522 2208 3590 in
2225 3521 2430 3616 Polymnia:
2458 3518 2526 3593 El-

513 3644 646 3693 sessum
669 3620 813 3691 accedit.
866 3615 908 3687 ln
934 3641 975 3685 eu
1001 3615 1127 3684 itinere
1142 3611 1250 3685 Arius
1270 3615 1424 3685 deflectit
1446 3616 1491 3686 de
1541 3638 1605 3687 ναι
1627 3609 1668 3686 δὲ
1690 3615 1835 3712 θνητὸν
1853 3617 2011 3712 οὐδένα,
2041 3618 2126 3696 οὐδ’
2155 3621 2303 3709 susum,
2329 3627 2384 3718 τῷ
2402 3620 2527 3696 κακὸν

514 3723 595 3807 via,
621 3720 737 3792 subita
766 3715 1050 3819 connernationc
1072 3739 1281 3807 oppressus,
1309 3740 1349 3786 ac
1373 3716 1490 3786 consi·
1542 3713 1582 3796 ἐξ
1602 3711 1717 3811 ἀρχῆς
1733 3717 1919 3816 γινομένῳ
1943 3719 1988 3794 οὐ
2011 3720 2240 3818 συνεμίχθῃε
2262 3726 2341 3806 τοῖς
2361 3719 2529 3822 dipsyi-

490 3826 603 3893 *dens
628 3822 666 3891 in
680 3820 845 3891 latrinam
876 3818 927 3885 ibi
951 3813 1075 3884 effudit
1099 3817 1285 3899 intestina,
1320 3830 1353 3885 ct
1375 3816 1489 3885 extin·
1542 3836 1640 3899 στοις
1658 3815 1826 3916 μέγιστα.
1880 3821 2033 3895 Monent
2052 3838 2171 3896 autem
2194 3826 2279 3897 talia
2301 3827 2456 3913 exempla
2479 3843 2526 3898 ut

513 3938 589 3995 ctus
605 3940 666 3996 est.
716 3919 914 3992 Multitudo
936 3914 1078 4008 cognito
1102 3915 1177 3985 eius
1194 3916 1339 3986 interitu
1354 3915 1489 4008 dilapsa
1541 3917 1651 3986 simus
1674 3922 1841 4006 modesti,
1867 3925 2080 3996 retineamus
2103 3927 2265 3998 timorem
2279 3923 2360 4009 Dei,
2384 3936 2418 3991 et
2438 3944 2523 3992 non

511 4040 583 4110 est,
609 4040 643 4096 et
667 4044 789 4093 rursus
813 4018 926 4107 coepit
949 4017 1121 4087 autoritas
1149 4017 1263 4088 maior
1293 4038 1366 4086 csse
1397 4031 1489 4089 recte
1542 4040 1743 4090 moveamus
1766 4046 1839 4094 non
1860 4027 2074 4113 necessaria,
2102 4042 2135 4100 et
2157 4025 2333 4098 ardentius
2354 4034 2524 4111 petamus

511 4125 753 4198 sentientium.
1540 4140 1606 4187 nos
1622 4142 1641 4188 a
1659 4113 1746 4190 Deo
1763 4124 1837 4212 regi
1861 4138 1893 4195 et
1910 4128 2058 4218 protegi.
2229 4120 2235 4129 ’

613 4259 652 4329 ld
675 4253 872 4345 exemplum
896 4265 931 4322 et
951 4250 1030 4340 pios
1050 4242 1357 4336 commonefaciat,
1384 4249 1488 4321 Veri·
1852 4324 1861 4342 ‚
2169 4325 2178 4343 ο
2449 4320 2458 4341 ο

511 4361 594 4436 tatis
619 4354 860 4431 defensionem
883 4353 1071 4442 petendam
1096 4365 1132 4420 ct
1147 4355 1394 4443 expectandam
1415 4376 1488 4422 esse
1590 4314 1701 4391 ΑΜ
1736 4325 1862 4441 “mnfh
1895 4342 2019 4419 quale!
2052 4327 2235 4400 ml¹l²⁸¹ffl⁰
2269 4335 2528 4397 Ῑΐῑῦθῦῑθθίωο

509 4491 528 4535 a
547 4459 648 4534 Deo:
676 4473 711 4532 et
734 4454 854 4551 puniri
881 4450 1083 4541 insignibus
1105 4453 1272 4543 exemplis
1290 4448 1407 4523 hostes
1425 4478 1486 4522 ve·
1748 4438 1862 4495 ἲθῑῑῑθ·

506 4567 643 4649 citatis,
669 4575 709 4633 ut
732 4578 838 4649 supra
860 4556 904 4624 de
922 4551 1096 4623 Montano
1121 4567 1154 4622 et
1169 4551 1329 4624 Priscilla
1353 4554 1485 4623 dictum
1589 4537 1697 4609 Anno
1712 4537 1848 4613 Romae
1866 4541 2054 4615 millesimo
2075 4540 2300 4630 nonagesimo
2317 4540 2446 4633 primo.

406 4726 410 4745 .
508 4679 578 4746 est,
604 4665 664 4756 qui
682 4662 749 4733 sibi
768 4657 852 4748 ipsis
868 4656 1049 4742 fregerunt
1067 4654 1165 4741 gulas
1188 4655 1332 4748 laqueis.
1384 4652 1434 4726 lta
1452 4669 1486 4724 et
1591 4655 1699 4725 Anno
1707 4651 1839 4728 Christi
1854 4658 2093 4730 trecentesimo
2105 4658 2524 4751 quadragesimuprimo.

507 4786 638 4854 poenas
660 4764 758 4831 dedit
785 4757 897 4824 Arius
920 4755 1052 4843 insigni
1083 4756 1241 4844 exemplo
1272 4758 1369 4846 quod
1396 4778 1486 4845 pene

508 4862 623 4934 simile
640 4877 691 4931 m
714 4859 822 4928 Iudae
836 4854 955 4928 exitio·
1640 4787 1725 4859 Filii
1747 4787 1975 4864 Constantini
2002 4807 2246 4866 successerunt
2279 4793 2388 4883 patri,
2420 4792 2523 4860 divi-

1538 4892 1638 4961 sibne
1653 4889 1793 4980 imperii
1809 4892 1846 4960 in
1863 4904 2073 4966 testamento
2089 4889 2158 4965 boc
2173 4896 2279 4963 modu
2294 4894 2400 4963 facta:
2414 4879 2525 4961 Gun-

607 4990 808 5084 Aliquanto
818 5001 897 5080 pust
914 4997 1076 5057 mortuus
1091 4997 1141 5055 est
1150 4980 1403 5056 Constantinus
1416 4986 1486 5056 im·
1536 4988 1727 5061 staulinus
1743 5007 1829 5064 natu
1846 4996 2019 5066 maximus
2042 4996 2156 5068 tenuit
2170 4993 2401 5087 Hispaniam,
2428 4991 2524 5065 Gal-

507 5105 671 5187 perator,
694 5095 794 5164 cuius
811 5095 976 5162 virtutem
993 5100 1027 5158 et
1044 5085 1221 5159 fortunam
1238 5088 1344 5159 fuisse
1368 5082 1485 5159 heroi·
1537 5091 1642 5180 liim,
1678 5089 1789 5184 Alpes
1812 5110 1845 5165 et
1861 5093 2110 5182 Britanniam,
2151 5087 2342 5166 Constans
2366 5088 2523 5179 ltaliam,

507 5221 603 5278 cam,
627 5207 772 5262 eventus
789 5193 994 5263 ostendunt.
1047 5187 1140 5275 Quia
1164 5187 1332 5278 singulari
1350 5189 1485 5260 foelici·
1537 5194 1716 5282 Africam,
1749 5191 1935 5265 Graeciam
1957 5210 1992 5268 et
2017 5196 2211 5292 Illyricum.
2270 5188 2521 5266 Constantius

413 5384 416 5391 ἱ
506 5315 578 5370 tate
604 5291 728 5364 deletis
749 5290 911 5382 tyrannis
932 5311 1052 5379 pacem
1077 5287 1156 5356 orbi
1186 5302 1356 5358 terrarum
1381 5292 1486 5362 resti·
1536 5295 1707 5365 minimus
1729 5309 1814 5365 natu
1835 5291 2023 5367 Orientem
2054 5299 2178 5371 tenuit.
2237 5295 2307 5367 Hic
2329 5320 2411 5366 curn
2441 5318 2522 5366 non

417 5396 419 5400 '
506 5401 593 5469 tuit:
636 5410 669 5465 et
692 5389 777 5462 fecit
809 5389 984 5476 insignem
1014 5387 1243 5456 mutationem
1266 5389 1304 5455 in
1335 5390 1484 5480 imperio
1535 5409 1624 5466 esset
1648 5419 1712 5486 par
1742 5394 1883 5481 iugenio
1913 5398 2103 5483 fratribus,
2145 5400 2288 5470 tandem
2308 5382 2522 5471 monarchia

508 5497 693 5576 Romano,
725 5511 815 5583 quae
838 5499 955 5554 tamen
979 5498 1097 5573 postea
1121 5486 1255 5574 profuit
1275 5491 1394 5575 generi
1415 5488 1485 5562 bu·
1507 5542 1512 5607 t
1536 5496 1669 5584 potitus
1683 5511 1745 5566 est.
1795 5491 1884 5562 Cum
1900 5498 1994 5567 enim
2013 5501 2185 5571 maximus
2209 5513 2296 5570 natu
2310 5496 2523 5570 Constanti-

507 5621 630 5681 manu,
652 5619 733 5665 curn
759 5589 819 5657 illa
835 5605 915 5679 pars
937 5583 1063 5652 mundi
1079 5607 1201 5653 versus
1218 5580 1404 5660 Orientem
1421 5595 1484 5660 de·
1508 5612 1511 5671 j
1536 5618 1604 5665 nus
1631 5592 1816 5683 superbior
1846 5610 1879 5665 et
1910 5598 2104 5690 inquietior
2137 5615 2225 5670 esset
2252 5599 2417 5682 caeteris,
2442 5621 2522 5668 non

506 5698 602 5767 sensa
628 5709 680 5766 est
695 5716 758 5785 per
771 5681 1181 5774 Constantinopolitanos
1196 5687 1387 5780 principes,
1414 5689 1484 5761 lta·
1507 5677 1512 5766 l
1536 5702 1724 5763 contentus
1739 5696 1811 5763 suis
1828 5697 2033 5787 provinciis,
2058 5700 2161 5771 fratri
2177 5698 2364 5770 Constanti
2380 5698 2521 5769 bellum

507 5794 555 5861 lis
571 5808 739 5884 occupata
765 5816 783 5861 a
801 5787 922 5862 Gottis
937 5799 972 5857 et
986 5783 1065 5856 aliis
1079 5788 1271 5876 peregrinis
1288 5790 1460 5878 gentibus.
1506 5769 1511 5851 l
1534 5792 1675 5876 intulit,
1698 5806 1738 5865 ut
1752 5791 1889 5890 ltaliam
1906 5813 2104 5891 occuparet.
2120 5882 2127 5893 ¹
2154 5798 2225 5871 Sed
2240 5820 2321 5872 cum
2337 5781 2521 5894 ad'Aqui·
