6025 6775
514 700 587 773 en
990 649 1152 773 onon
1185 697 1259 774 ou
1292 699 1524 815 sruons
1556 697 1678 773 var.
1710 694 2060 774 rnrcosoeu.
2461 646 2546 775 soo'
2638 673 2651 782 j

512 870 690 963 aptissime
723 868 903 954 distincti,
934 882 967 938 et
994 888 1172 942 menstrua
1204 874 1399 944 variatione
1422 872 1497 943 Lu·
1549 895 1694 957 narum,
1718 883 1754 942 et
1770 884 1915 941 naturae
1932 871 2066 961 impetn
2084 882 2118 939 et
2132 868 2532 957 acumineingeniorum

511 997 595 1058 nae,
621 974 736 1065 deque
754 983 966 1040 caeterarum
987 965 1167 1042 stellarum
1182 968 1270 1044 ¹ortu
1293 976 1422 1065 cogitet
1443 988 1497 1045 at·
1549 974 1785 1065 penetrando,
1810 974 1912 1063 plura
1932 972 2083 1063 gignunt
2100 970 2214 1058 exse,
2238 970 2391 1060 plurima
2407 970 2476 1041 alia
2490 995 2531 1040 ex

512 1098 581 1167 que
599 1096 744 1152 occasu,
771 1073 842 1140 imo
862 1086 901 1141 ut
925 1071 983 1141 vix
1005 1076 1163 1144 attendat
1179 1071 1249 1170 ὅπη
1271 1070 1403 1172 ζόφος,
1430 1071 1497 1169 ἥδε
1549 1070 1605 1144 his
1626 1074 1809 1144 elementis
1829 1074 2030 1165 procudunt
2049 1097 2088 1142 ac
2110 1085 2314 1143 contexunt.
2370 1070 2531 1142 Multum

513 1172 587 1267 ὅπη
607 1166 699 1266 ἠώς,
725 1187 763 1242 ut
786 1173 877 1262 apud
895 1169 1090 1244 Homerum
1111 1178 1260 1257 dicitur,
1287 1181 1383 1271 quod
1401 1178 1496 1248 mul·
1547 1187 1665 1245 tamen
1693 1189 1733 1247 ut
1762 1176 1801 1243 iu
1825 1174 1968 1244 caeteris
1991 1176 2125 1245 artibus
2148 1173 2330 1260 diligentia
2353 1187 2385 1242 et
2410 1174 2529 1243 studio

514 1277 562 1345 tis
583 1299 647 1344 usu
671 1273 775 1343 venit.
824 1269 903 1342 Etsi
929 1298 1048 1344 causas
1066 1278 1290 1349 mediocriter
1310 1281 1494 1368 intelligat,
1549 1277 1654 1349 etiarn
1678 1276 1869 1346 mediocria
1900 1275 2041 1363 ingenia
2071 1288 2203 1343 navant
2231 1287 2336 1365 atque
2361 1274 2528 1357 efficiunt,

516 1400 586 1445 non
613 1375 805 1444 consideret
834 1388 951 1444 tamen
977 1400 996 1444 e
1023 1379 1154 1470 quibus
1179 1379 1260 1449 illae
1289 1385 1494 1473 desumptae
1547 1392 1583 1449 et
1594 1379 1699 1468 louge
1711 1377 1825 1448 maior
1839 1388 1890 1446 est
1901 1398 2069 1446 numerus
2080 1388 2285 1444 naturarum
2295 1375 2529 1445 mediocrium

514 1479 582 1545 sint
606 1476 782 1562 lontibus,
821 1476 993 1569 quibusve
1016 1479 1178 1550 nitantur
1200 1496 1305 1575 atque
1330 1483 1494 1554 insistant
1546 1505 1653 1574 quam
1668 1478 1931 1558 excellentium,
1956 1499 2107 1569 quarum
2121 1498 2225 1568 opera
2241 1498 2358 1544 carere
2374 1500 2447 1546 non
2463 1500 2528 1566 po-

510 1578 769 1662 sundameutis,
795 1590 829 1648 et
847 1601 893 1646 an
911 1577 1104 1666 sufficiant,
1129 1607 1218 1675 quae
1241 1583 1271 1651 si
1293 1608 1366 1653 nou
1387 1584 1492 1654 simul
1545 1595 1611 1654 test
1624 1583 1823 1652 communis
1838 1580 1922 1649 vita.

508 1672 875 1768 comprehendantur,
908 1692 942 1749 et
963 1682 1132 1752 mediocri
1157 1708 1218 1754 ceu
1245 1687 1492 1757 communian·
1645 1682 1722 1754 Imo
1747 1683 1777 1752 si
1801 1681 1861 1774 qui
1883 1702 1958 1751 non
1979 1690 2074 1750 totos
2096 1699 2133 1747 sc
2147 1671 2231 1745 huic
2248 1679 2365 1748 studio
2383 1680 2528 1762 dedent,

508 1795 569 1851 tur
594 1779 895 1864 consideratione,
932 1782 1109 1875 reliquum
1135 1809 1240 1854 omne
1263 1786 1491 1880 quantumvis
1545 1775 1601 1850 his
1622 1782 1709 1875 ipsis
1729 1798 1935 1860 tamennon
1954 1802 2079 1872 parum
2095 1776 2284 1869 prefuerit,
2310 1803 2391 1848 cum
2407 1781 2450 1849 ad
2468 1802 2528 1849 ex-

509 1903 638 1970 magno
667 1894 809 1972 partum
841 1873 1121 1977 acquisitumquc
1152 1888 1274 1959 labore
1308 1889 1492 1960 confestim
1545 1883 1685 1954 danda
1708 1884 1894 1954 formanda
1919 1896 1954 1953 et
1974 1881 2130 1965 acuenda
2153 1877 2284 1947 iudicia
2308 1901 2349 1947 ac
2369 1875 2527 1951 methodi

511 1982 649 2053 excidit.
1224 2074 1226 2078 ι
1545 1986 1620 2055 vias
1645 1985 1850 2068 discendas,
1883 1996 1958 2053 tum
1982 1983 2024 2051 ad
2051 1980 2298 2068 intelligendas
2319 1994 2410 2050 artes
2429 1981 2528 2067 alias,

612 2081 656 2154 Iu
676 2080 734 2153 his
754 2082 854 2176 prius
874 2085 1025 2176 experiri
1046 2089 1179 2179 ingenii
1195 2093 1287 2165 vires
1302 2094 1492 2165 convenie—
1544 2099 1579 2157 et
1594 2100 1758 2158 autorum
1774 2086 1922 2175 scripta,
1947 2081 2101 2169 exerceri
2119 2080 2383 2172 aliquantulum
2397 2080 2435 2151 in
2451 2077 2527 2153 Eu-

507 2187 568 2257 bat
581 2182 826 2267 scholasticos,
852 2211 957 2280 quam
974 2190 1030 2258 vel
1044 2193 1200 2263 desidiae
1213 2195 1490 2266 imbecillitatem
1544 2188 1668 2260 clideis
1685 2185 1900 2272 Elementis,
1925 2198 1959 2256 et
1980 2186 2025 2254 ad
2047 2194 2188 2271 argutos
2202 2206 2243 2250 ac
2255 2182 2372 2251 varios
2383 2183 2525 2254 ratioci-

508 2301 655 2359 naturae
676 2290 964 2379 praetenderent,
998 2294 1055 2362 vel
1075 2300 1309 2384 quererentur
1330 2299 1374 2366 de
1397 2297 1492 2366 dilli-
1543 2293 1729 2363 nationum
1749 2291 1895 2369 modos,
1914 2309 2080 2383 ¹quorum
2103 2285 2143 2352 in
2165 2284 2525 2356 demonstrationibus

509 2390 652 2463 cultate,
698 2386 789 2457 Nam
806 2402 839 2460 et
856 2416 919 2483 per
934 2414 970 2461 se
986 2393 1248 2487 iniquissimum
1263 2412 1314 2470 est
1329 2422 1490 2489 pronun·
1542 2418 1626 2467 usus
1641 2407 1712 2480 est,
1736 2389 1931 2463 adsuefieri.
1986 2408 1988 2410 ’
2613 2458 2616 2466 ,

508 2492 600 2561 riare
615 2489 819 2584 priusquam
835 2492 1045 2584 inspexeris,
1071 2510 1103 2566 et
1118 2510 1269 2569 extrema
1283 2501 1423 2587 ignavia
1439 2515 1491 2573 cst
1642 2495 1711 2568 His
1733 2495 1828 2564 enim
1853 2493 1890 2562 in
1913 2492 2104 2565 tractandis
2126 2489 2206 2561 aliis
2228 2489 2384 2562 materiis
2404 2492 2525 2584 appri-
2627 2536 2629 2540 ‚

508 2591 661 2661 abiicere
684 2615 724 2661 ac
745 2593 916 2664 damnare
938 2606 1050 2663 totum
1074 2597 1249 2686 studium,
1283 2603 1488 2698 priusquam
1541 2626 1598 2670 me
1627 2599 1854 2672 invehantur.
1920 2593 2180 2666 Elementarem
2213 2616 2296 2682 ergo
2327 2595 2524 2664 doctrinam

507 2693 562 2761 vel
586 2692 711 2763 leviter
732 2695 923 2784 degustatis
947 2693 1128 2769 elementis
1145 2701 1341 2790 periculum
1356 2706 1490 2791 leceris,
1540 2702 1757 2796 requirimus
1776 2701 1829 2770 vab
1852 2686 2036 2782 omnibus,
2069 2697 2189 2790 quiin
2212 2691 2343 2765 scholis
2366 2693 2523 2765 discendi
2551 2780 2554 2786 Ι

506 2808 540 2866 et
560 2794 670 2864 animi
693 2810 745 2867 est
766 2795 940 2865 mollicies
961 2796 1109 2887 iniusta,
1133 2797 1227 2873 nihil
1245 2805 1379 2876 laboris
1399 2807 1489 2875 velle
1540 2802 1650 2891 gratia
1671 2815 1867 2872 versantur.
1919 2795 2022 2867 Hanc
2044 2812 2084 2869 ut
2106 2798 2274 2867 mediocri
2292 2799 2434 2882 labore,
2460 2797 2524 2865 ad-

505 2895 697 2989 susoipere,
722 2892 816 2964 nihil
830 2896 985 2986 perferre
999 2902 1238 2975 molestiarum
1257 2907 1294 2974 in
1310 2907 1490 2992 discendo,
1540 2901 1754 2973 sueiactioue
1782 2914 1816 2968 et
1839 2898 2086 2968 exercitatione
2109 2898 2278 2989 consequi
2301 2923 2341 2966 ac
2363 2918 2522 2987 compre-

506 3020 585 3065 cum
607 2998 751 3091 quidem
768 2996 894 3068 militia
912 3004 1084 3093 quaedam
1100 3005 1145 3075 sit
1160 3007 1294 3081 versari
1307 3008 1346 3075 in
1364 3008 1488 3092 literis,
1542 2998 1699 3072 heudere
1719 2999 1914 3070 mediocres
1931 3019 2053 3065 omnes
2074 3011 2107 3066 et
2129 3020 2203 3065 non
2226 3017 2370 3084 prorsus
2390 2996 2523 3086 stupidi

503 3096 760 3188 etRespublica
774 3099 877 3169 nobis
890 3103 1120 3185 maximarum
1130 3131 1248 3178 rerum
1261 3134 1380 3179 curam
1392 3134 1488 3180 com·
1539 3120 1709 3197 possunt,
1742 3101 1793 3171 ⁸5⁰
1819 3124 1838 3169 ὃ
1864 3096 2028 3189 Plurimis
2051 3119 2126 3163 ‘³¹¹¹
2152 3096 2329 3182 immi,
2359 3107 2399 3164 ¹¹1
2420 3094 2521 3163 P¹³i⁰

502 3197 699 3277 mandarit,
725 3220 811 3287 quas
831 3201 923 3269 tueri
939 3203 1015 3271 sine
1029 3208 1198 3275 acerrima
1212 3210 1322 3276 animi
1340 3224 1487 3280 conten·
1539 3219 1632 3287 recte
1648 3203 1782 3285 statuit,
1807 3197 2049 3290 turpittimum
2066 3207 2126 3267 8⁸1·
2177 3192 2441 3264 praestantibus
2458 3218 2521 3262 Μ·

502 3296 603 3361 tione
624 3293 823 3385 nequimus.
873 3296 978 3368 Falso
1001 3304 1105 3372 etiam
1130 3306 1318 3376 difficultas
1333 3309 1488 3377 clemen·
1539 3307 1648 3392 turis,
1671 3303 1802 3399 quibus
1826 3288 2017 3394 peculiaria
2040 3298 2241 3367 adiumenta
2258 3296 2302 3364 ad
2320 3297 2520 3364 instauran-

500 3393 639 3464 taribus
657 3396 1017 3472 demonstrationibus
1034 3404 1230 3494 affingitur,
1256 3408 1294 3477 in
1310 3409 1440 3502 quibus
1454 3424 1489 3481 et
1539 3411 1602 3478 das
1624 3409 1680 3477 vel
1704 3404 1925 3474 exornandas
1951 3394 2015 3469 has
2039 3411 2130 3470 artes
2151 3400 2252 3469 Deus
2273 3398 2440 3487 largitur,
2464 3421 2521 3467 re-

500 3493 806 3567 commodissimus
821 3502 928 3586 ordo,
954 3527 1025 3595 quo
1040 3505 1122 3574 illae
1137 3507 1231 3577 inter
1245 3531 1318 3578 sese
1336 3511 1434 3582 velnt
1448 3511 1485 3581 in
1539 3509 1735 3603 linquimus
1765 3519 1798 3574 ct
1828 3503 2116 3576 commendamus
2146 3515 2221 3572 tum
2245 3500 2519 3599 extroeqdarum

500 3589 648 3664 cathena
672 3598 798 3667 annuli
819 3624 997 3671 connexae
1018 3606 1270 3700 devinctaeque
1286 3606 1487 3698 cohaerent,
1538 3636 1580 3681 ex
1611 3606 1667 3678 his
1696 3607 1809 3676 initiis
1835 3618 2049 3677 caeterarum
2072 3603 2201 3676 artium
2229 3602 2424 3672 accuratius
2445 3616 2518 3673 stu.

501 3696 588 3764 adeo
608 3709 650 3765 ut
672 3697 770 3767 nulla
785 3699 889 3767 eximi
905 3723 994 3790 pene
1008 3704 1077 3771 uisi
1096 3718 1166 3775 tota
1185 3709 1274 3776 serie
1287 3710 1484 3802 interrupta
1537 3712 1655 3793 dium,
1689 3723 1765 3781 tum
1796 3708 2098 3779 observandarum
2129 3705 2264 3775 erudita
2294 3705 2519 3775 animadver-

501 3819 541 3866 ac
562 3796 731 3867 dissoluta
748 3799 877 3889 possit,
903 3814 938 3871 et
951 3802 1186 3895 syllogisticae
1201 3809 1484 3883 ratiocinationis
1536 3815 1636 3884 sione
1654 3824 1815 3882 motuum
1833 3809 2058 3889 coelestium,
2084 3821 2188 3932 atque
2203 3808 2519 3878 accommodanda-

502 3897 675 3970 evidentia
696 3900 752 3968 vel
772 3923 792 3969 a
815 3901 939 3990 primis
960 3905 1107 3975 ordiens
1120 3909 1330 4002 principiis,
1361 3913 1417 3982 vel
1437 3916 1493 3983 ad·
1535 3940 1616 3986 rum
1628 3915 1706 3990 cois
1721 3907 1959 4009 φαινομένοις
1970 3905 2034 3981 καὶ
2046 3931 2241 4005 τηρησεοιν
2257 3905 2519 4004 hypothesium,

502 4021 539 4067 ea
555 4022 630 4069 sese
644 4001 847 4085 revolvens,
873 4003 965 4074 levat
982 4005 1158 4093 laborem,
1181 4032 1221 4081 ac
1235 4012 1387 4119 multum
1401 4038 1483 4105 per·
1535 4029 1569 4086 et
1581 4016 1820 4086 ostendendae
1848 4007 2098 4105 hypothesium
2132 4014 2183 4081 ad·
2199 4009 2409 4108 paremve
2431 4033 2517 4079 cou-

501 4099 694 4191 spicuitatis
714 4103 834 4189 addit,
856 4106 1062 4195 praesertim
1083 4108 1112 4177 si
1135 4112 1378 4183 consideretur
1392 4140 1483 4208 quae
1534 4117 1716 4205 gruentiae
1725 4136 1845 4184 curam
1858 4112 2108 4200 impensiorem
2119 4112 2409 4183 etdiiliciliorem.
2444 4109 2519 4178 Vos

499 4199 537 4270 iu
570 4204 693 4297 quavis
724 4205 1027 4278 demonstratione
1055 4207 1146 4281 καθ’
1176 4204 1362 4287 ὑπόθεσιν
1380 4239 1482 4287 essu·
1535 4216 1689 4286 inventis
1710 4210 1767 4282 his
1786 4211 1979 4296 fruamini,
2003 4235 2042 4281 ac
2059 4213 2289 4282 memineritis
2301 4214 2382 4282 ideo
2397 4212 2435 4280 in
2454 4205 2519 4278 hac
2595 4302 2600 4309 ,

499 4319 656 4390 mentor,
681 4329 771 4400 quae
789 4309 1007 4378 ostendenda
1022 4327 1269 4402 proponantur
1282 4317 1481 4407 praemissis
1534 4341 1598 4387 vos
1618 4314 1769 4387 statione
1793 4313 1982 4383 collocatos
2004 4322 2098 4398 esse,
2121 4327 2162 4385 ut
2178 4314 2375 4384 doctrinam
2392 4312 2516 4380 utilem

498 4426 536 4473 ac
550 4416 613 4476 ceu
628 4408 802 4479 concessis
814 4409 1040 4503 quibusdam,
1064 4414 1267 4509 deniquees
1279 4418 1481 4509 quibusde-
1533 4419 1653 4509 generi
1676 4412 1834 4487 humano
1851 4413 2002 4484 dicendo
2019 4414 2258 4508 discendoque
2274 4413 2457 4496 excolatis,
2482 4426 2517 4480 et

499 4505 648 4579 ducatur
664 4523 697 4580 ct
714 4510 922 4582 conficiatur
935 4504 1119 4596 ἀπόδειξις
1134 4517 1338 4608 principiis,
1360 4504 1480 4614 et'quo
1533 4544 1615 4591 eum
1636 4543 1655 4588 a
1678 4516 1872 4588 maioribus
1896 4529 2055 4607 accepta,
2080 4530 2156 4588 tum
2170 4531 2269 4608 parta
2287 4539 2305 4584 a
2323 4514 2516 4585 vobismet·

497 4609 743 4698 progrediatur
758 4612 896 4686 ordine.
944 4609 1140 4686 Elementis
1156 4642 1238 4688 vero
1256 4619 1481 4691 mediocriter
1532 4621 1620 4712 ipsis
1652 4621 1790 4691 tradere
1819 4617 1971 4710 posteris
2000 4617 2233 4704 annitamini,
2278 4639 2318 4686 ac
2346 4614 2422 4686 Deo
2452 4636 2515 4683 vos

495 4711 688 4800 perceptis,
713 4737 803 4806 quae
823 4715 861 4783 iu
884 4715 1032 4808 reliquis
1052 4718 1187 4799 artibus
1212 4721 1480 4812 indepetuntur
1533 4719 1602 4793 hoc
1630 4721 1736 4792 officii
1764 4721 1911 4804 debere,
1942 4732 1983 4789 ut
2010 4719 2117 4789 solidi
2145 4718 2282 4816 aliqujd
2306 4741 2346 4787 ac
2369 4714 2516 4808 perlecti

494 4824 531 4878 et
554 4815 841 4902 meditarentur,
867 4817 1185 4889 demonstrationes
1204 4823 1292 4891 adeo
1316 4825 1403 4893 se'et
1418 4850 1479 4895 co-
1510 4823 1700 4917 ,expetatis
1730 4823 1768 4891 in
1798 4821 1988 4902 doctrinis,
2020 4822 2115 4915 quod
2150 4819 2261 4909 prosit
2281 4815 2459 4889 Ecclesiae
2482 4833 2516 4886 et

493 4907 598 4997 gnitu
617 4913 734 4983 laciles
751 4931 785 4987 et
798 4918 986 5009 explicatas
1003 4922 1189 5011 praebent,
1211 4936 1251 4993 nt
1265 4924 1479 4997 dulcescant.
1530 4924 1781 5017 Reipublicae,
1805 4946 1880 4991 non
1893 4923 2040 5012 captetis
2056 4921 2224 4991 evanidas
2240 4921 2386 4991 umbras
2402 4919 2516 5010 turpis

496 5008 727 5098 tageniomm
740 5017 1061 5091 dissimilitudinem
1078 5046 1150 5091 non
1166 5048 1309 5114 parvam
1324 5049 1397 5096 esse
1410 5029 1479 5096 sci-
1531 5028 1642 5112 lucri,
1675 5040 1734 5095 ant
1764 5024 1892 5093 stultae
1923 5024 2171 5093 ostentationis
2202 5038 2322 5107 causa,
2354 5044 2445 5114 quae
2476 5034 2516 5089 ut

493 5134 583 5181 mus.
644 5107 843 5186 Generosae
870 5135 905 5192 et
934 5115 1096 5193 heroicae
1123 5139 1290 5212 naturae,
1322 5152 1412 5219 qnae
1434 5130 1478 5197 ad
1530 5142 1613 5198 sunt
1646 5129 1742 5196 velut
1774 5118 1875 5195 σκίαι
1902 5121 1943 5194 ἐν
1963 5118 2077 5194 ὕδασι
2099 5118 2162 5194 καὶ
2183 5115 2516 5218 ἀμφισβητήσιμον

493 5212 573 5280 illas
592 5236 751 5282 summas
772 5231 861 5286 artes
881 5221 1004 5291 divino
1018 5226 1139 5320 aliquo
1156 5227 1277 5299 afflatu
1293 5241 1327 5298 ct
1343 5227 1480 5301 ἐνθου-
1531 5228 1644 5324 ὄναρ,
1670 5228 1719 5298 ita
1734 5224 1902 5317 depositis
1919 5225 2020 5293 libris
2037 5226 2189 5295 effluunt
2205 5248 2247 5293 ex
2264 5226 2394 5295 animis
2410 5239 2517 5318 atque

495 5319 641 5411 σιασμῷ
662 5317 868 5406 rapiuntur,
890 5335 926 5389 nt
951 5325 1088 5396 avidius
1107 5322 1192 5398 haec
1211 5343 1402 5423 appetunt,
1428 5332 1478 5400 sic
1530 5330 1683 5404 avolant.
1733 5326 1972 5398 Memineritis
1987 5326 2093 5395 etiam
2108 5325 2353 5399 tortitudinem
2368 5322 2425 5396 his
2438 5342 2513 5394 stn-

493 5417 666 5505 arripinnt
691 5419 849 5502 facilins,
880 5423 1026 5511 perinde
1047 5441 1088 5497 ut
1107 5423 1164 5513 hi,
1198 5432 1259 5523 qni
1284 5445 1409 5501 natura
1433 5434 1475 5501 ad
1529 5432 1599 5501 diis
1621 5426 1905 5520 coniungendam
1923 5449 2016 5519 esse,
2040 5452 2131 5522 quae
2147 5451 2209 5519 per
2225 5430 2348 5500 obvias
2362 5424 2514 5498 difficul-

463 5549 467 5557 ·
494 5518 717 5589 scribendum
743 5545 885 5590 carmen
910 5524 1107 5612 ducuntur,
1136 5532 1239 5603 citius
1261 5533 1478 5628 syllabarum
1526 5545 1617 5613 ,tates
1639 5534 1696 5603 via
1718 5533 1754 5600 vi
1778 5533 1870 5601 iacta
1890 5543 2095 5623 perrumpat
2110 5544 2218 5624 atque
2234 5532 2423 5631 eluctetur,
2449 5548 2514 5592 nec

492 5631 524 5685 et
542 5621 668 5709 pedum
683 5646 867 5693 mensuras
882 5624 1093 5717 percipiunt.
1530 5635 1578 5704 ob
1603 5637 1760 5705 firmatos
1787 5633 1925 5702 animos
1955 5646 2091 5703 vestros
2106 5634 2211 5705 ,sinat
2232 5632 2289 5700 vel
2312 5625 2440 5705 inflecti
2466 5628 2512 5694 ad

589 5719 672 5791 Non
703 5739 820 5796 antem
847 5725 884 5794 in
917 5721 974 5796 his
992 5722 1169 5803 'resistunt'
1188 5733 1318 5820 initiis,
1352 5738 1412 5805 scd
1439 5738 1478 5806 in
1502 5789 1505 5825 ,
1529 5737 1715 5827 segniciem
1748 5749 1855 5829 atque
1882 5735 2101 5814 socordiam,
2139 5733 2198 5801 vel
2222 5722 2337 5827 frangi
2368 5748 2514 5817 prorsus

491 5819 705 5894 abstrusiora
733 5827 916 5922 magisque
944 5831 1129 5904 recondita
1158 5828 1286 5908 harum
1317 5837 1477 5931 discipli·
1501 5828 1505 5919 ἕ
1529 5839 1836 5912 advocationibus
1865 5831 2158 5930 hypocritarum,
2184 5841 2254 5901 aut
2279 5828 2424 5902 turbari
2456 5852 2516 5903 ca-
