6025 6775
618 592 699 666 ddi

626 761 727 830 ribus
747 755 790 824 ad
806 743 1105 830 monomachiam,
1129 739 1188 811 hic
1200 740 1331 813 Darius
1343 740 1537 815 Cadusium
1553 743 1608 811 vi·

629 874 706 931 etor
721 854 859 926 occidit.
909 847 1028 934 Quare
1040 841 1228 913 Armeniae
1242 845 1449 931 gubernatio
1464 845 1496 911 ei
1512 867 1607 911 com-

628 959 795 1029 mendata
818 965 878 1020 est.
929 944 1008 1015 Etsi
1032 959 1147 1014 autem
1171 958 1356 1014 vocaverat
1378 967 1458 1012 eum
1481 944 1526 1012 ad
1553 966 1609 1011 re-

630 1082 738 1149 gnum
755 1051 907 1139 Bagoas,
932 1057 1048 1114 tamen
1069 1057 1108 1113 ut
1128 1067 1264 1132 semper
1278 1045 1316 1110 in
1331 1060 1427 1113 metu
1445 1055 1529 1112 sunt
1542 1038 1609 1110 ho-

629 1158 797 1236 micidae,
828 1146 924 1219 brrnc
952 1168 1094 1237 quoque
1116 1157 1297 1225 metuens,
1329 1167 1465 1211 veneno
1485 1143 1610 1212 tollere

618 1255 779 1328 ‘Darium
800 1261 945 1320 conatus
965 1258 1027 1315 est.
1078 1243 1148 1313 Sed
1173 1267 1211 1312 re
1227 1244 1379 1312 indicata
1395 1240 1526 1311 Darius
1538 1240 1610 1311 Ba-

629 1378 731 1447 guam
754 1370 927 1419 venenum
948 1343 1103 1436 quadiu
1126 1367 1167 1411 eo
1189 1342 1353 1413 convivio
1371 1342 1448 1432 regi
1462 1344 1611 1412 daturus

631 1468 723 1536 erat,
747 1452 866 1522 bibere
882 1447 1008 1534 coiigit.
1059 1440 1110 1513 lta
1127 1441 1263 1532 Bagoas
1279 1442 1451 1512 extinctus
1466 1445 1609 1512 mndem

628 1555 798 1625 scelernm
815 1570 959 1619 suorum
977 1566 1106 1636 poenas
1121 1544 1229 1613 dedit.

731 1649 822 1722 Cum
853 1659 978 1719 autem·
997 1645 1102 1713 sciret
1124 1641 1273 1723 Darius,
1306 1642 1376 1710 iam
1398 1665 1418 1710 a
1441 1636 1609 1730 Philippo

500 1778 503 1783 '
629 1754 756 1826 missos
771 1774 843 1819 esse
858 1745 1027 1817 exercitus
1039 1745 1076 1811 in
1087 1743 1226 1825 Asiam,
1252 1743 1359 1812 mittit
1374 1742 1497 1831 etipse
1512 1764 1610 1809 exer-

632 1855 739 1936 citus,
764 1863 798 1918 et
812 1848 930 1917 classis
946 1848 1068 1913 ducem
1086 1844 1167 1912 facit
1176 1841 1403 1911 Memnonem
1413 1835 1610 1925 Rhodium,

632 1955 732 2024 cuius
757 1950 879 2041 peritia
902 1946 971 2015 luit
986 1944 1175 2025 excellens,
1199 1956 1234 2010 et
1249 1944 1286 2010 in
1305 1940 1452 2011 Graecia
1467 1955 1609 2010 mortuo

631 2051 799 2143 Philippo
823 2047 1010 2117 concitavit
1033 2057 1154 2112 contra
1177 2037 1419 2111 Alexandrum
1443 2042 1611 2111 civitates

632 2146 885 2223 Demosthenes
908 2147 1031 2227 etiam,
1057 2141 1096 2214 ut
1116 2144 1185 2211 fuit
1206 2142 1405 2233 inquietus,
1429 2142 1516 2210 belli
1531 2165 1611 2210 sua-

634 2277 693 2323 sor
714 2253 796 2332 iuit,
821 2249 877 2317 cui
897 2249 1099 2316 adversatus
1119 2255 1171 2311 est
1186 2239 1378 2325 Demades,
1402 2242 1464 2332 qui
1481 2243 1548 2325 ait,
1575 2264 1611 2309 se

632 2347 896 2443 reprehendisse
905 2339 1153 2415 Demosthenis
1169 2343 1366 2424 decretum,
1392 2342 1486 2432 quod
1505 2342 1613 2410 inerit

633 2466 771 2524 tantum
794 2442 950 2537 ὀνόμασι
969 2439 1104 2531 καλὸν,
1131 2454 1165 2510 et
1187 2441 1309 2511 fuisset
1321 2442 1505 2510 exitiosum
1522 2438 1611 2512 Rei·

633 2552 816 2641 publicae,
840 2549 869 2615 si
887 2540 1120 2613 Athenienses
1135 2541 1440 2631 obtemperassent.
1491 2539 1613 2632 lnquit

634 2652 740 2719 etiam
755 2643 961 2727 Aeschines,
986 2636 1253 2713 aDemosthene
1269 2644 1355 2711 adeo
1368 2654 1524 2729 spretum
1541 2664 1613 2709 esse

633 2748 895 2825 Alexandrum,
919 2759 957 2816 ut
973 2741 1164 2812 nominarit
1183 2766 1261 2810 eum
1277 2736 1475 2837 μαργίτην.

734 2845 824 2917 Cum
846 2845 953 2934 igitur
973 2842 1076 2912 multi
1098 2839 1306 2931 iuGraecia
1326 2843 1511 2912 florentem
1527 2837 1614 2909 Per-

634 2971 750 3017 sarum
765 2945 956 3037 potentiam
972 2943 1207 3024 intuerentur,
1233 2955 1266 3011 et
1281 2943 1498 3011 confiderent
1513 2941 1613 3010 anxi-

566 3037 570 3051 ’
633 3050 692 3117 liis
706 3045 875 3128 Persicis,
901 3040 1098 3112 hortatores
1116 3042 1259 3111 luerunt
1280 3043 1484 3112 delectionis
1498 3066 1519 3110 a
1533 3065 1613 3130 rege

632 3146 877 3218 Macedonico.
937 3139 1102 3211 Thebani
1124 3142 1232 3230 igitur
1255 3142 1467 3232 praesidium
1490 3140 1613 3210 Mace-

633 3248 801 3316 donicum
817 3268 858 3312 ex
874 3266 952 3312 arce
967 3244 1180 3325 deiecerunt,
1204 3255 1239 3312 et
1253 3245 1429 3311 decretum
1445 3242 1614 3327 iecerunt,

627 3345 674 3417 ¹ut
705 3346 766 3439 qui
790 3341 958 3413 Graeciae
985 3344 1182 3413 libertatem
1209 3343 1386 3413 defensuri
1413 3356 1544 3427 essent,
1576 3365 1613 3411 se

632 3471 712 3515 eum
734 3447 818 3536 ipsis
842 3445 1105 3535 coniungerent.
1168 3441 1264 3513 Ilaec
1287 3466 1379 3512 nova
1402 3443 1488 3512 belli
1510 3465 1613 3514 cansa

633 3548 702 3615 luit
719 3545 933 3616 Alexandro.

736 3643 819 3715 Post
840 3659 988 3713 mortem
1007 3640 1164 3734 Philippi
1189 3658 1306 3732 gentes
1329 3644 1534 3729 bellicosae,
1558 3646 1612 3713 vi-

632 3745 733 3813 cinae
755 3743 986 3814 Macedoniae
1009 3766 1064 3811 res
1083 3767 1191 3811 novas
1211 3745 1466 3830 moliebantur,
1498 3742 1613 3837 lllyrii

634 3859 668 3915 et
692 3844 855 3918 Triballi.
907 3843 1045 3912 Horum
1070 3843 1197 3910 sedatis
1221 3845 1434 3913 tumultibus
1456 3838 1612 3915 Alexan-

633 3946 698 4014 der
718 3946 822 4016 initiu
843 3945 941 4031 regni
957 3940 1123 4035 Syrmum
1139 3966 1279 4034 quoque
1297 3964 1412 4030 regem
1429 3940 1613 4032 Getarum,

633 4067 737 4138 aquo
754 4043 935 4138 Syrmium
953 4055 1070 4130 postea
1083 4044 1304 4112 nominatum
1322 4057 1394 4126 est,
1419 4044 1532 4133 coligit
1549 4070 1611 4135 pa.

632 4169 707 4215 cem
728 4161 857 4237 petere.
911 4141 963 4210 lbi
985 4167 1064 4210 cum
1082 4144 1300 4232 cognovisset
1322 4138 1515 4214 Thebanos
1534 4146 1610 4216 bel-

631 4245 707 4314 lum
725 4245 886 4326 movisse,
914 4243 1073 4311 celeriter
1088 4244 1125 4311 iu
1135 4242 1321 4313 Graeciam
1336 4244 1455 4333 rediit,
1481 4259 1609 4316 etcum

632 4346 769 4436 aliquot
792 4344 920 4434 praelia
945 4343 1036 4410 circa
1049 4340 1260 4411 Cadmaeam
1281 4355 1316 4414 et
1334 4343 1371 4411 in
1387 4345 1499 4434 portis
1512 4342 1611 4415 The-

630 4445 734 4515 banis
754 4445 843 4514 sacta
868 4456 999 4526 essent,
1022 4442 1130 4509 inlusi
1154 4443 1284 4512 milites
1299 4439 1492 4514 Alexandri
1516 4444 1609 4516 intra

628 4559 766 4633 portas,
797 4557 987 4636 coeperunt
1008 4539 1169 4627 Thebas,
1193 4544 1257 4613 ubi
1278 4566 1403 4631 magna
1425 4545 1549 4614 caedes
1572 4549 1610 4616 in

630 4642 706 4732 ipsa
722 4646 810 4713 urbe
824 4646 912 4714 lacta
928 4657 992 4715 est.
1046 4641 1230 4713 Interfecta
1245 4657 1327 4712 sunt
1340 4665 1399 4711 sex
1412 4644 1524 4716 millia
1542 4641 1610 4717 bo·

533 4785 536 4791 ·
630 4740 787 4824 minum,
819 4757 918 4830 capta
947 4758 981 4813 et
1010 4745 1147 4812 redacta
1178 4744 1216 4811 in
1240 4743 1441 4812 servitutem
1465 4747 1609 4837 triginta

629 4839 757 4908 millia.
809 4839 902 4909 Urbs
916 4836 1086 4912 Thebana
1104 4844 1264 4912 funditus
1279 4843 1393 4912 deleta
1408 4859 1477 4931 est,
1504 4872 1608 4939 quam

629 4950 747 5006 tamen
776 4953 894 5030 postea
920 4939 1116 5011 Cassander
1146 4944 1282 5013 restitui
1313 4944 1426 5016 iussit.
1487 4942 1536 5016 Et
1565 4951 1609 5016 de

629 5037 801 5121 exulibus,
826 5042 888 5132 qui
900 5042 1104 5129 effugerant,
1130 5045 1308 5117 decretum
1319 5058 1381 5130 est,
1406 5069 1607 5140 neusquam

629 5137 679 5205 eis
696 5135 733 5204 in
750 5137 897 5208 Graecia
913 5136 1104 5232 hospitium
1119 5148 1355 5234 praeberetur.
1407 5145 1476 5218 Sed
1494 5144 1608 5218 Athe-

628 5237 766 5306 nienses
779 5264 950 5309 memores
964 5244 1089 5311 veteris
1105 5246 1280 5329 beneficii,
1304 5271 1385 5315 cum
1399 5261 1523 5316 contra
1537 5249 1607 5318 La-

627 5338 935 5407 cedaemoniorum
964 5343 1142 5412 decretum
1175 5340 1340 5412 Thebani
1370 5345 1455 5436 ipsis
1486 5342 1607 5436 hospi-

627 5437 714 5506 tium
741 5440 992 5528 praebuerant‚
1024 5468 1120 5547 npnc
1144 5458 1351 5530 receperunt
1373 5447 1507 5530 exules,
1540 5472 1606 5517 nec

625 5561 684 5609 eos
706 5538 927 5630 expulerunt.
983 5539 1085 5612 Hauc
1105 5543 1354 5632 gratitudinem
1378 5560 1497 5636 postea
1517 5543 1605 5619 Ale·

624 5641 1026 5730 xanrlerromprohavit·
1095 5713 1099 5721 ,

867 572 1078 656 SCRIPTA
1102 572 1179 646 PH.
1203 555 1321 647 Mat.
1345 572 1414 647 AD
1439 571 1569 652 HIST.
1593 569 1741 647 PROT.
1765 569 1833 647 ET
1860 569 2056 652 PHILOS.
2081 572 2398 653 SPECTANTIA.

2565 578 2642 653 832

1762 743 1862 815 Anni
1885 758 1968 816 sunt
1984 759 2101 816 antem
2119 747 2220 818 abeo
2235 760 2407 839 tempore,
2430 769 2502 842 quo
2518 759 2642 837 captae

1661 857 1744 916 sunt
1757 840 1918 914 Athenae
1933 870 1953 914 a
1967 843 2153 940 Lysandro
2165 847 2361 938 sexaginta,
2384 872 2448 917 nec
2463 860 2545 917 sunt
2557 846 2643 937 pln-

1660 967 1725 1012 res.
1785 943 1876 1014 Tam
1905 946 2030 1035 exiguo
2061 958 2220 1038 tempore
2243 949 2399 1039 primum
2422 944 2582 1017 Athenae
2606 958 2642 1015 et

1661 1044 1847 1133 imperium
1861 1046 2053 1115 amiserunt
2068 1059 2103 1115 et
2117 1059 2238 1138 captae
2253 1060 2349 1121 snut.
2381 1046 2504 1117 Postea
2513 1046 2644 1136 Sparta

1661 1146 1789 1213 amisso
1809 1144 1957 1233 imperio
1978 1145 2163 1215 durissime
2184 1147 2317 1218 afflicta
2331 1161 2393 1219 est.
2443 1145 2516 1218 Nec
2528 1146 2642 1214 multo

1661 1257 1743 1334 post
1762 1245 1848 1313 urbs
1863 1239 2035 1314 Thebana
2056 1245 2215 1316 funditus
2234 1247 2352 1318 deleta
2375 1260 2437 1317 est.
2487 1244 2643 1335 Fuitque

1661 1346 1692 1412 is
1716 1365 1832 1414 annus
1854 1343 1979 1416 tertius
2000 1357 2079 1435 post
2098 1346 2293 1416 luctuosam
2310 1368 2468 1436 pugnam
2485 1347 2531 1416 ad
2547 1340 2644 1416 Che-

1661 1467 1816 1517 roneam.
1868 1441 1921 1513 lta
1946 1467 2027 1512 cnm
2047 1438 2221 1514 floruisset
2243 1443 2390 1517 Graecia
2413 1445 2585 1535 sapientia
2608 1454 2645 1511 et

1662 1545 1810 1629 virtute,
1835 1558 1953 1635 postca
1976 1544 2090 1612 laxata
2113 1543 2318 1634 disciplina,
2340 1567 2419 1614 eum
2442 1540 2646 1635 petulantia

1660 1641 1844 1715 iuniorum
1866 1657 1901 1713 et
1922 1642 2116 1714 ambitione
2138 1642 2232 1713 bella
2255 1666 2328 1712 non
2350 1644 2539 1714 necessaria
2559 1666 2647 1711 mo-

1661 1758 1778 1827 veret,
1804 1767 2011 1833 magnorum
2031 1744 2201 1812 scelernm
2218 1765 2348 1832 poenas
2364 1743 2475 1829 dedit,
2498 1744 2589 1812 sicut
2605 1754 2648 1809 et

1661 1839 1729 1913 hoc
1750 1858 1906 1934 tempore
1920 1842 2107 1912 Turcieam
2130 1843 2355 1936 tyrannidem
2370 1843 2510 1913 attraxit
2523 1840 2649 1919 idolo:

1660 1967 1741 2012 rum
1758 1944 1876 2028 cultu,
1901 1944 2116 2013 libidinibus
2130 1956 2164 2014 et
2178 1943 2271 2013 odiis
2287 1942 2498 2014 domesticis.

1762 2074 1919 2166 Dignum
1941 2099 2025 2146 vero
2042 2076 2215 2147 memoria
2228 2090 2281 2147 est
2295 2076 2425 2146 iactum
2442 2072 2648 2145 Timocleae

1662 2189 1843 2246 matronae
1858 2172 2068 2257 Thebanae,
2095 2200 2115 2245 a
2136 2200 2205 2270 qua
2229 2200 2308 2247 cum
2324 2187 2482 2269 posceret
2498 2175 2647 2268 qnidam

1663 2301 1704 2346 ex
1725 2275 1919 2347 Alexandri
1950 2277 2156 2346 ductoribus
2189 2277 2367 2368 quidquid
2390 2269 2542 2347 habebat
2564 2274 2647 2344 auri

1664 2391 1697 2446 et
1713 2378 1868 2465 argenti,
1893 2392 1928 2448 et
1943 2376 2003 2444 illa
2020 2377 2160 2466 corpori
2174 2390 2362 2461 metueret,
2387 2375 2475 2444 dixit
2489 2398 2525 2443 se
2539 2397 2647 2443 mon-

1664 2490 1853 2547 straturam
1874 2501 1945 2569 quo
1966 2476 2157 2550 abiecisset.
2214 2472 2345 2547 Educit
2365 2476 2475 2565 igitur
2493 2475 2647 2545 militem

1663 2580 1706 2644 ad
1724 2592 1867 2666 puteum
1885 2579 1923 2643 iu
1937 2572 2102 2659 hortum,
2127 2590 2162 2645 et
2175 2575 2242 2661 ait,
2266 2576 2318 2646 ibi
2332 2577 2548 2645 occultatum
2562 2598 2646 2646 esse.

1663 2676 1824 2769 Cumque
1843 2676 1938 2745 oculi
1960 2677 2084 2746 militis
2108 2678 2151 2746 ad
2177 2690 2322 2768 putenm
2343 2677 2505 2746 conversi
2520 2688 2646 2758 essent,

1663 2778 1737 2867 ipsa
1753 2799 1833 2847 eum
1848 2776 2019 2868 impellit,
2044 2776 2130 2847 etin
2146 2789 2290 2868 putenm
2305 2776 2521 2867 praecipitat.
2571 2773 2646 2844 Po·

1663 2893 1735 2948 stea
1757 2879 1802 2947 ad
1817 2873 2061 2947 Alexandrum
2081 2877 2270 2948 adducitur
2287 2875 2472 2960 Matrona,
2496 2874 2558 2968 qui
2578 2899 2647 2945 au·

1664 2980 1766 3048 diens
1790 2977 1866 3047 eius
1887 2977 2144 3061 narrationem,
2178 2991 2213 3047 et
2235 2977 2456 3047 nobilitatem
2477 2975 2647 3060 familiae,

1663 3079 1765 3149 iussit
1781 3101 1857 3148 eam
1872 3099 1952 3148 eum
1967 3076 2049 3146 filiis
2065 3092 2100 3149 et
2114 3076 2254 3148 filiabus
2271 3077 2420 3146 liberam
2435 3098 2516 3149 esse.
2566 3072 2645 3146 Re·

1663 3201 1721 3268 ges
1747 3179 1842 3247 euim
1864 3191 1905 3248 ut
1927 3178 2076 3247 aliarum
2098 3176 2289 3264 virtutum,
2320 3176 2370 3248 ita
2392 3189 2426 3248 et
2448 3175 2644 3268 pudiciciae

1664 3280 1865 3349 defensores
1880 3299 1954 3348 esse
1967 3279 2106 3349 debent.

1763 3411 1849 3483 Post
1869 3407 2075 3483 Thebarum
2098 3410 2275 3481 excidium
2300 3411 2346 3482 ab
2363 3404 2644 3483 Atheniensibus

1663 3513 1788 3605 petivit
1811 3509 2031 3597 Alexander,
2055 3525 2097 3581 ut
2119 3512 2289 3581 dederent
2310 3524 2490 3595 oratores,
2514 3512 2643 3585 Demo-

1663 3611 1827 3685 sthenem
1843 3613 2102 3707 etLycurgum‚
2126 3610 2190 3706 qui
2205 3611 2338 3681 bellum
2355 3628 2548 3688 suaserant.
2596 3609 2645 3685 Et

1663 3716 1799 3784 censuit
1818 3707 2001 3797 Phocion,
2034 3712 2125 3782 sicut
2147 3713 2237 3781 olim
2258 3707 2452 3783 Erechthei
2475 3715 2569 3783 tiliae
2592 3714 2654 3783 ia-.

1664 3830 1738 3886 ctae
1756 3825 1870 3883 essent
1884 3813 2046 3883 victimae
2059 3836 2125 3904 pro
2141 3812 2273 3903 patria,
2284 3811 2346 3883 ‘ita
2360 3813 2427 3905 ipsi
2443 3809 2584 3907 quoque
2598 3816 2644 3883 ad

1662 3910 1798 3985 bostem
1818 3915 2039 3998 accederent,
2066 3937 2106 3983 ac
2126 3935 2163 3982 se
2185 3913 2336 3982 interfici
2355 3927 2573 4004 paterentur,
2601 3928 2643 3984 ut

1662 4016 1776 4104 patria
1806 4014 1997 4108 tranquilla
2025 4028 2123 4086 esset.
2184 4012 2254 4083 Hic
2276 4006 2524 4085 Demosthenes
2543 4010 2641 4079 reci-

1661 4115 1749 4184 tavit
1771 4111 1971 4204 Apologum
1993 4114 2037 4182 de
2050 4110 2182 4206 Lupis,
2208 4113 2271 4208 qui
2293 4111 2488 4204 pastoribus
2514 4133 2639 4202 pacem

1661 4215 1866 4299 offerebant,
1891 4236 1930 4283 ea
1943 4214 2161 4301 conditione,
2184 4213 2330 4284 deauco
2341 4211 2522 4282 dederent.
2568 4209 2639 4283 Sed

1662 4340 1742 4386 cum
1766 4315 1919 4407 populus
1940 4314 2136 4400 dubitaret,
2160 4328 2278 4385 orator
2296 4306 2472 4380 maanes
2495 4310 2542 4379 ad
2555 4307 2639 4383 Ale·

1660 4417 1835 4488 xandrum
1851 4416 2088 4507 proiecturum
2104 4440 2141 4486 se
2153 4438 2225 4486 esse
2237 4408 2410 4504 promisit.
2462 4408 2560 4481 Huic
2574 4435 2639 4504 po-

1661 4517 1766 4607 pulus
1792 4519 1853 4587 dat
1874 4517 2058 4602 mandata,
2087 4529 2129 4587 ut
2149 4535 2265 4607 pacem
2287 4523 2394 4602 petat.
2460 4507 2571 4595 Item,
2601 4525 2639 4582 ut

1661 4628 1773 4708 petat,
1813 4639 1859 4685 ne
1889 4629 2059 4703 cogantur
2090 4615 2205 4686 exules
2230 4606 2426 4682 Thebanos
2457 4611 2640 4703 expellere.

1661 4713 1762 4804 Quae
1792 4716 1912 4785 omnia
1934 4713 2101 4788 Demadis
2129 4713 2304 4803 legatione
2334 4712 2520 4804 impetrata
2545 4725 2639 4786 sunt.

1658 4812 1756 4885 Haec
1777 4813 1974 4886 Alexandri
2001 4815 2197 4888 moderatio
2228 4815 2265 4884 in
2295 4812 2441 4883 victoria
2465 4811 2640 4882 excellens

1659 4917 1771 4988 virtus
1784 4917 1871 5003 luit,
1895 4930 1931 4988 et
1951 4941 2040 5009 opus
2057 4915 2144 4997 Dei,
2169 4916 2231 5010 qui
2249 4915 2452 4983 incenderat
2466 4935 2551 4980 eum
2567 4913 2640 4982 sin·

1658 5018 1773 5106 gulari
1801 5019 1953 5110 impetu,
1985 5019 2031 5088 ad
2053 5018 2249 5088 faciendam
2275 5013 2415 5104 imperii
2437 5012 2640 5084 translatio-

1658 5142 1758 5204 nem,
1781 5132 1814 5188 et
1830 5120 2046 5211 puniendam
2062 5117 2245 5188 saeviciam
2261 5131 2293 5187 et
2308 5111 2639 5191 luxumPersarum,

1657 5221 1747 5290 sicut
1768 5218 1943 5289 Siracides
1972 5219 2090 5312 inquit
2119 5240 2194 5307 cap.
2214 5215 2288 5284 10.:
2322 5212 2475 5304 Propter
2496 5211 2638 5282 iniusti-

1656 5320 1745 5389 ciam
1762 5343 1908 5410 regnum
1926 5342 1945 5386 a
1961 5336 2063 5406 gente
2079 5320 2117 5387 in
2135 5329 2274 5406 gentem
2292 5315 2513 5384 transfertur.

1758 5447 1848 5518 Pace
1868 5449 2061 5529 constituta
2078 5450 2116 5519 in
2134 5445 2282 5518 Graecia
2301 5444 2485 5515 communi
2499 5445 2639 5515 decretu

1654 5548 1858 5618 nominatus
1879 5561 1931 5618 est
1949 5544 2166 5623 Alexander
2186 5552 2258 5618 dux
2273 5543 2495 5616 Graecorum
2517 5560 2640 5616 contra

1652 5646 1787 5733 Persas,
1812 5662 1846 5721 et
1860 5653 2013 5727 seeundo
2027 5675 2122 5730 anno
2138 5649 2240 5724 duxit
2254 5643 2641 5730 exercitumiuAsiam,
