6025 6775
492 788 571 886 ¹aas

495 966 624 1034 Oratio
653 956 700 1029 de
720 961 872 1030 Erosmo
896 954 1162 1050 Boterodomm
1188 962 1355 1027 recitato
1383 977 1407 1025 a
1426 958 1480 1028 Μ.

500 1058 903 1138 Bartholomaeo
929 1058 1215 1131 Golkrcuter
1233 1060 1443 1145 Grossensi,

935 1160 1047 1235 1557.

500 1312 806 1415 Semper'mentes
822 1337 963 1393 nostrae
978 1322 1125 1395 Deum
1113 1337 1339 1405 intueantur,
1368 1338 1401 1394 et
1423 1349 1483 1394 co·

499 1429 648 1519 gitantes
675 1426 718 1491 de
746 1426 927 1496 continuis
955 1426 1154 1513 beneficiis,
1188 1441 1347 1497 autorem
1373 1450 1484 1516 agno-

498 1541 617 1610 scant,
642 1537 676 1594 et
694 1525 891 1610 celebrent,
917 1542 951 1599 et
973 1529 1206 1613 misceantur,
1232 1529 1348 1599 crebri
1374 1529 1484 1617 gemi-

496 1644 553 1700 tus
576 1624 901 1719 propter'nostram
927 1629 1194 1720 indignitatem,
1220 1645 1254 1700 et
1277 1630 1483 1706 ardentibus

497 1729 589 1800 votis
612 1743 791 1819 petamus,
816 1753 882 1797 nos
905 1731 983 1799 luce
1005 1732 1070 1800 filii
1086 1730 1173 1816 Dei,
1198 1729 1345 1801 Domini
1370 1731 1484 1800 nostri

497 1830 580 1902 lesu
606 1825 762 1914 Christi,
797 1844 831 1899 et
855 1829 992 1922 Spiritu
1023 1847 1144 1903 sancto
1178 1834 1387 1922 gubernari,
1418 1856 1484 1902 nos

498 1932 638 2026 protegi
660 1944 694 2000 et
718 1932 861 1999 servari.
915 1933 1015 2005 Sicut
1037 1936 1156 2027 inquit
1177 1933 1291 2021 Deus,
1316 1960 1352 2005 se
1372 1948 1486 2023 gesta-

496 2052 621 2107 turum
640 2055 713 2103 esse
730 2028 946 2121 Ecclesiam,
971 2037 1063 2107 sicut
1074 2050 1195 2127 pastor
1216 2051 1356 2107 teneros
1375 2058 1485 2125 agnos

497 2148 620 2226 gestat.

604 2233 762 2304 Maxime
778 2259 862 2305 vero
880 2236 918 2305 in
934 2237 1086 2328 publicis
1101 2239 1358 2329 congressibus,
1374 2234 1487 2323 signi-

496 2338 613 2408 ficatio
636 2341 842 2408 ostendatur
863 2339 1091 2428 gratitudinis
1118 2354 1152 2410 et
1166 2340 1403 2408 invocationis
1418 2361 1487 2406 no·

497 2454 604 2511 strae.
655 2437 798 2508 Mecum
830 2442 940 2529 igitur
968 2440 1074 2510 initio
1099 2442 1168 2531 piis
1192 2441 1369 2511 mentibus
1393 2435 1485 2509 hanc

499 2542 653 2634 primam
670 2554 704 2609 et
719 2543 940 2634 praecipuam
957 2543 1130 2610 orationis
1144 2556 1276 2633 partem
1291 2543 1449 2628 recitate.

601 2657 685 2728 Tibi
709 2662 935 2752 omnipotens
950 2659 1046 2728 Deus
1064 2674 1203 2730 aeterne
1225 2675 1325 2752 pater
1336 2658 1484 2732 Domini

499 2760 615 2831 nostri
631 2760 707 2831 lesu
722 2757 878 2844 Christi,
904 2774 1041 2832 creator
1064 2763 1151 2832 coeli
1176 2778 1209 2833 et
1230 2776 1343 2834 terrae
1370 2776 1404 2831 et
1418 2756 1484 2828 ho·

501 2866 655 2946 minum,
681 2887 751 2932 una
769 2886 849 2931 cum
865 2862 938 2944 lilio
961 2876 1022 2932 tuo
1044 2879 1228 2935 coaeterno
1244 2863 1401 2936 Domino
1418 2885 1486 2930 no·

499 2976 571 3034 stro
593 2962 671 3034 lesu
688 2959 852 3048 Christo,
875 2977 910 3034 et
926 2960 1065 3056 Spiritu
1089 2982 1230 3051 sancto,
1258 2965 1385 3056 gratias
1409 2962 1484 3052 agi-

498 3089 596 3148 mus,
637 3066 733 3158 quod
757 3063 927 3134 immensa
953 3069 1128 3150 bonitate,
1170 3093 1252 3137 cum
1284 3068 1352 3135 alia
1379 3065 1485 3133 nobis

497 3161 776 3235 innumerabilia
794 3164 960 3232 beneficia
986 3182 1156 3255 praestas,
1183 3183 1258 3234 tum
1281 3189 1364 3235 vero
1390 3166 1486 3256 quod

492 3268 594 3335 inter
610 3284 674 3327 nos
690 3274 869 3330 aeternam
884 3263 1080 3332 Ecclesiam
1105 3289 1189 3333 voce
1208 3262 1392 3353 Evangelii
1410 3263 1482 3330 col·

492 3364 597 3455 ligis,
625 3375 660 3431 et
681 3383 797 3430 servas
821 3364 915 3463 inter
937 3388 1002 3435 uos
1019 3379 1138 3436 coetus
1154 3366 1357 3437 docentium
1374 3378 1408 3435 et
1422 3363 1479 3432 di-

446 3498 448 3503 ·
499 3463 673 3537 suentium
690 3474 785 3530 tuam
805 3467 1018 3538 doctrinam.

600 3578 696 3648 Haec
714 3579 871 3668 ingentia
886 3587 981 3654 bona
1000 3609 1073 3653 non
1090 3608 1170 3652 casu
1185 3600 1410 3674 sparguntur,
1426 3586 1484 3652 sed

502 3707 581 3754 vere
604 3694 688 3750 sunt
703 3680 771 3750 Dei
796 3694 831 3750 et
856 3707 962 3773 opera
982 3697 1016 3752 et
1033 3687 1138 3753 dona.
1191 3684 1245 3752 Ac
1258 3708 1324 3753 nos
1339 3686 1485 3776 quidem

502 3789 650 3857 latemur
667 3782 834 3871 indignos
849 3806 922 3855 esse
937 3798 1034 3856 tanta
1046 3784 1296 3870 beneficentia,
1326 3788 1384 3853 sed
1400 3808 1485 3875 pro·

501 3901 578 3978 pter
600 3899 696 3955 tuam
724 3885 893 3972 gloriam,
924 3889 968 3957 sit
998 3887 1117 3980 aliqua
1144 3881 1300 3954 Ecclesia
1331 3909 1481 3954 consen-

502 3989 608 4065 tiens,
634 4000 668 4055 te
682 4000 774 4055 recte
791 3988 992 4073 celebrans,
1018 4003 1052 4058 te
1078 3988 1259 4060 invocans.
1311 3986 1394 4058 Sint
1416 3982 1484 4054 ho·

501 4102 597 4160 nesta
612 4088 854 4158 doctrinarum
870 4091 999 4174 studia,
1016 4090 1127 4159 simus
1142 4103 1176 4158 et
1192 4112 1258 4157 nos
1274 4088 1368 4178 agni,
1393 4112 1483 4181 quos

501 4191 537 4262 in
552 4190 687 4282 gremio
705 4204 827 4280 gestas.
868 4191 977 4263 Haec
990 4193 1141 4282 petimus
1156 4191 1363 4259 ardentibus
1380 4193 1481 4273 votis,

501 4318 589 4386 quae
604 4305 645 4361 ut
658 4307 803 4384 propter
814 4294 929 4365 lilium
946 4293 1176 4364 mediatorem
1202 4308 1371 4383 praestes,
1398 4316 1485 4384 sup-

502 4395 607 4484 plices
624 4418 818 4483 precamur

495 4501 496 4504 ’
600 4493 830 4568 Consuetudo
853 4509 906 4566 est
930 4509 1048 4566 sutem
1073 4490 1283 4565 honestam
1312 4490 1369 4563 his
1398 4520 1485 4565 con-

1060 781 1222 858 DECL.
1264 779 1339 856 DE
1370 777 1618 858 ERASMO
1648 775 1960 855 ROTEROD.

2447 782 2522 857 26⁶

1535 956 1708 1045 egregias,
1732 953 1770 1020 in
1797 950 2012 1019 inveniendo
2040 947 2206 1030 acumen,
2233 966 2268 1021 et
2291 953 2329 1022 in
2345 955 2517 1045 eligendis

1535 1056 1750 1174 argumentis
1779 1067 1812 1121 et
1843 1051 2026 1121 sententiis
2054 1053 2278 1142 prudentiam
2301 1071 2335 1126 et
2365 1058 2517 1127 circum·

1537 1159 1771 1250 spectionem,
1799 1156 1834 1221 in
1860 1153 2061 1243 eloquendo
2082 1156 2255 1223 sermonis
2277 1158 2435 1248 copiam,
2460 1159 2518 1227 lu·

1537 1261 1634 1329 mina
1669 1260 1883 1347 figurarum,
1918 1266 2134 1323 venustatem
2165 1271 2197 1325 et
2228 1258 2404 1347 leporem,
2446 1283 2516 1353 quo

1534 1366 1630 1432 adeo
1646 1360 1802 1443 excellit,
1828 1369 1867 1427 ut
1888 1356 1985 1445 ipsae
2002 1350 2163 1424 Charites
2184 1360 2344 1475 undique
2366 1361 2516 1430 floribus

1535 1462 1769 1560 conspersisse
1787 1458 1861 1527 eius
1881 1456 2077 1524 orationem
2093 1457 2204 1524 videri
2221 1462 2366 1548 possint.

1636 1563 1729 1635 Sunt
1751 1573 1867 1631 autem
1890 1557 2030 1645 legendi
2053 1581 2184 1628 summi
2173 1558 2363 1645 artifices,
2387 1575 2427 1631 ut
2440 1559 2518 1631 Ho

1536 1688 1672 1748 merus,
1700 1664 1885 1744 isocrates,
1910 1658 2035 1728 Cicero
2052 1660 2182 1743 etalii,
2210 1681 2284 1728 uon
2309 1663 2441 1752 quod
2431 1663 2516 1731 rmi-

1535 1767 1605 1837 tari
1626 1766 1745 1836 orinia
1769 1764 1961 1851 possimus,
1989 1763 2048 1829 sed
2071 1776 2111 1831 ut
2132 1785 2191 1845 ea,
2218 1785 2308 1854 quae
2329 1764 2518 1833 transferre

1535 1871 1579 1938 ad
1609 1890 1674 1935 nos
1703 1886 1910 1955 possumus,
1943 1862 2027 1929 inde
2057 1885 2248 1936 sumamus.
2300 1863 2520 1945 Sermonem,

1535 1994 1654 2039 rerum
1681 1965 1898 2049 doctrinam,
1922 1963 2069 2032 consilia
2093 1965 2130 2031 in
2153 1965 2261 2033 rebus
2277 1966 2520 2057 disponendis,

1536 2072 1620 2141 etsi
1646 2094 1750 2163 quem
1774 2081 1899 2136 natura
1923 2065 2086 2148 adiuvat,
2118 2077 2298 2157 utcunque
2314 2067 2457 2156 vestigia
2481 2067 2520 2136 in

1537 2172 1737 2264 eloquendo
1752 2190 1953 2261 sequamur.
1994 2164 2237 2255 intelligamus
2253 2167 2347 2236 enim
2365 2169 2521 2237 dissimi·
2574 2163 2580 2172 “

1536 2274 1587 2341 les
1602 2297 1675 2342 esse
1692 2286 1845 2354 naturas,
1871 2284 2038 2340 ettamen
2054 2267 2278 2351 infirmiores,
2300 2269 2521 2339 adiuvandos

1536 2398 1610 2444 esse
1627 2388 1721 2458 arte,
1749 2374 1852 2441 bonis
1867 2370 2053 2461 exemplis,
2080 2384 2114 2439 et
2136 2369 2375 2464 qualicunque
2400 2393 2519 2441 assue-

1535 2478 1706 2558 factione,
1733 2488 1773 2543 ιιι
1786 2474 1825 2544 fit
1838 2475 1876 2541 in
1899 2472 2103 2563 pictoribus.

1638 2576 1697 2647 Sic
1723 2576 1830 2665 igitur
1851 2579 1896 2643 d'e
1921 2568 2066 2643 historia
2086 2570 2227 2674 Erasmi
2250 2577 2386 2657 dicam,
2412 2574 2520 2644 simul

1536 2693 1576 2748 ut
1598 2679 1642 2745 de
1662 2678 1737 2745 eius
1761 2677 1941 2759 oratione,
1973 2688 2006 2745 et
2029 2676 2073 2743 de
2096 2677 2235 2765 scriptis
2263 2679 2398 2771 aliquid
2421 2700 2521 2745 vere-

1537 2778 1651 2847 cunde
1666 2777 1856 2856 addamus,
1882 2799 1954 2843 non
1973 2790 2012 2844 ut
2028 2775 2199 2847 iudicavit
2212 2774 2331 2846 Midas
2345 2780 2388 2846 de
2405 2772 2521 2869 Apol-

1537 2879 1629 2963 line,
1663 2878 1722 2946 sed
1745 2888 1786 2943 ut
1809 2873 1974 2941 iuventus
1997 2876 2107 2961 magis
2129 2890 2223 2946 amet
2249 2890 2284 2946 et
2306 2878 2400 2965 legat
2419 2874 2521 2944 utilia

1536 2972 1841 3067 Erasmi'scripta,
1868 2995 1956 3066 quae
1971 2972 2081 3042 multa
2095 2989 2191 3043 sunt.

1638 3079 1807 3149 Continet
1829 3089 1944 3145 autem
1967 3086 2001 3141 et
2018 3072 2088 3142 vita
2105 3075 2179 3142 eius
2200 3075 2391 3144 multarum
2406 3074 2523 3144 virtu·

1538 3196 1613 3251 tum
1656 3179 1832 3267 exempla,
1868 3173 2085 3259 sedulitatis,
2124 3176 2315 3265 patientiae
2346 3176 2522 3255 laborum,

1538 3279 1699 3351 modesti.
1702 3305 1729 3347 a
1752 3292 1785 3348 et
1804 3275 2065 3346 beneticentiae.
2118 3276 2239 3364 Quare
2263 3280 2308 3346 de
2331 3291 2405 3347 toto
2430 3276 2523 3346 vitae

1539 3408 1644 3455 cursu
1661 3381 1794 3465 dicam,
1819 3395 1990 3473 quantum
2006 3403 2045 3447 ex
2061 3375 2129 3447 fide
2145 3379 2263 3469 dignis
2276 3378 2407 3453 audivi.

1638 3482 1776 3553 Mentio
1789 3483 1828 3550 fit
1842 3479 2086 3550 Batavorum
2075 3505 2113 3547 ιιι
2132 3480 2254 3566 multis
2270 3476 2439 3554 historiis.
2473 3478 2523 3550 Hi

1538 3611 1634 3655 nunc
1669 3580 1841 3653 Hollandi
1876 3581 2121 3654 nominantur.
2180 3581 2319 3652 Horum
2353 3585 2440 3656 urbs
2473 3596 2525 3653 est
2619 3631 2621 3637 ·

1537 3688 1630 3756 clara
1656 3682 2004 3769 Roterodamum,
1992 3706 2031 3750 ιιι
2053 3708 2122 3776 qua
2142 3697 2245 3754 natus
2269 3698 2322 3754 est
2343 3682 2524 3770 Erasmus,

1537 3811 1577 3856 ac
1594 3791 1721 3857 domus
1736 3786 1857 3876 exigua
1873 3797 2060 3877 parentum
2078 3779 2185 3855 hodie
2201 3787 2410 3869 ostenditur.
2449 3784 2523 3855 Na·

1536 3903 1593 3959 tus
1609 3903 1660 3958 est
1684 3903 1800 3959 autem
1827 3899 1921 3956 anno
1938 3885 2146 3970 millesimo,
2173 3889 2522 3980 quadringentesimo

1537 3990 1749 4079 sexagesimo
1765 3989 1926 4079 septimo,
1943 3987 2002 4052 die
2020 3986 2187 4056 vicesimo
2203 4002 2327 4059 octavo
2342 3986 2524 4072 Octobris,

1537 4085 1623 4159 hora
1641 4102 1763 4182 quarta
1780 4101 1863 4157 ante
1878 4088 1962 4155 solis
1978 4100 2108 4156 ortum.
2161 4087 2324 4183 Suntque
2349 4093 2386 4159 in
2405 4091 2524 4181 positu
2544 4088 2547 4094 ’

1537 4191 1718 4260 stellarum
1743 4188 2015 4279 significationes
2042 4188 2193 4281 ingenii,
2226 4188 2462 4284 Eloquentiae
2489 4204 2522 4258 et

1537 4293 1667 4383 leporis
1682 4315 1754 4359 nou
1771 4294 1952 4363 obscurae.

1639 4392 1775 4462 Literas
1795 4392 1940 4462 Latinas
1966 4406 2000 4463 et
2022 4389 2176 4463 Graecas
2191 4391 2404 4465 Daventriae
2427 4393 2522 4461 didi·

1536 4495 1585 4565 cit
1601 4495 1639 4564 in
1665 4490 1786 4563 schola
1804 4490 2001 4563 Alexandri
2018 4490 2142 4583 Hegii,
2167 4494 2229 4588 qui
2253 4495 2438 4565 familiaris
2455 4495 2522 4565 fuit

500 4598 675 4687 gressibus
695 4574 831 4683 dicere,
855 4599 899 4667 de
913 4598 1031 4690 aliqua
1047 4597 1288 4665 doctrinarum
1305 4611 1413 4688 parte
1425 4613 1486 4669 aut
1535 4591 1940 4714 RodolphoAgricolae.
1993 4592 2524 4686 AcsolitusestipseErasmus

502 4701 657 4789 exempla
676 4723 973 4784 commemorare,
994 4698 1218 4769 discentibus
1231 4699 1346 4772 utilia
1535 4722 1680 4768 narrare
1701 4698 1921 4790 praesagium
1944 4692 2129 4788 Rodolphi
2154 4694 2341 4786 Agricolae
2372 4700 2415 4766 de
2438 4701 2524 4767 ado·

601 4797 679 4869 Etsi
706 4817 824 4872 autem
850 4825 915 4893 pro
937 4826 1015 4870 mea
1039 4800 1210 4872 tenuitate
1237 4815 1483 4890 argumentum
1535 4800 1698 4870 lescentts
1712 4801 1845 4870 studio.
1900 4797 2005 4867 Forte
2020 4803 2224 4869 ostenderat
2241 4797 2376 4888 Hegtus
2391 4795 2521 4890 hospiti

500 4903 621 4975 minus
647 4901 786 4971 difficile
808 4903 936 4991 eligere
959 4905 1166 4987 debueram,
1193 4916 1405 4972 tamencum
1428 4899 1484 4996 his
1534 4899 1729 4991 Rodolpho
1764 4903 1802 4970 in
1837 4895 1993 4968 scholam
2030 4900 2208 4989 ingresso,
2258 4902 2522 4972 adolescentum

500 5003 645 5085 diebus,
673 5002 766 5069 inter
780 5003 926 5087 amicos,
952 5007 1122 5098 quaedam
1139 5007 1184 5073 de
1199 4999 1328 5074 horum
1347 5019 1485 5095 tempo·
1536 5004 1678 5094 scripta.
1729 5001 1891 5092 Cumque
1914 5001 2129 5093 tyrocinium
2155 5003 2245 5070 illud
2277 5003 2463 5092 probaret,
2491 5018 2525 5074 et

499 5126 578 5175 rum
604 5103 734 5173 studiis
764 5104 935 5191 disputari
957 5107 1132 5192 audirem,
1164 5132 1235 5199 quo
1260 5109 1298 5175 in
1322 5129 1484 5176 sermone
1536 5106 1773 5194 gratularetur
1796 5102 1944 5181 studiis,
1972 5103 2137 5191 praetulit
2161 5116 2279 5172 tamen
2302 5101 2525 5177 Erasmicum

501 5218 536 5276 st
555 5201 699 5274 Erasmi
722 5202 958 5276 Roterodami
980 5209 1111 5278 mentio
1135 5208 1258 5292 fiebat,
1284 5205 1391 5277 huius
1416 5209 1485 5277 viri
1536 5207 1706 5297 scriptum
1738 5205 1901 5284 caeteris,
1935 5218 2081 5294 propter
2113 5205 2335 5276 inventionis
2363 5231 2525 5291 acumen,

499 5299 686 5377 historiam
710 5307 901 5399 praecipue
925 5301 995 5377 huc
1018 5308 1154 5378 adferre
1170 5311 1329 5394 decrevi,
1354 5335 1428 5379 non
1447 5326 1486 5381 ut
1536 5310 1709 5379 orationis
1733 5309 1943 5400 puritatem,
1971 5318 2005 5374 et
2028 5307 2173 5394 figuras,
2207 5320 2288 5400 apte
2311 5313 2374 5379 ceu
2395 5312 2524 5381 floscu-

498 5409 537 5478 in
559 5431 603 5477 eo
629 5409 830 5494 laudando,
863 5410 982 5499 inepta
1014 5410 1246 5480 ostentatione
1276 5412 1483 5503 preconium
1536 5413 1591 5481 los
1613 5412 1854 5502 interspersos.
1912 5403 2038 5500 quue
2067 5410 2198 5500 scripto
2221 5415 2309 5482 adeo
2332 5413 2523 5484 delectatus
2625 5450 2630 5457 ·

496 5509 673 5582 stulticiae
687 5535 785 5583 meae
800 5513 972 5594 facerem
996 5526 1035 5581 ut
1049 5510 1077 5578 si
1099 5510 1203 5579 velim
1219 5510 1409 5583 Herculem
1426 5529 1486 5585 aut
1538 5530 1600 5598 est,
1625 5527 1665 5583 ut
1682 5539 1722 5581 ex
1739 5511 1963 5581 lineamentis
1982 5535 2134 5602 quoque,
2151 5514 2194 5580 de
2209 5513 2331 5582 indole
2345 5513 2524 5582 coniectu-

496 5607 632 5728 Cyrum
656 5613 818 5683 laudare:
852 5616 912 5683 sed
937 5629 979 5683 ut
1003 5612 1242 5682 adolescentes
1266 5613 1486 5698 adhortarer,
1536 5640 1610 5684 ram
1625 5639 1762 5684 sumere
1779 5627 1931 5706 cuperet.
1958 5609 2088 5681 lubet
2077 5614 2187 5702 igitur
2200 5609 2522 5689 vocarrErasmum

497 5713 687 5802 utscripta
705 5739 781 5785 erus
792 5716 894 5785 utilia
909 5717 1038 5806 legant
1057 5728 1091 5785 et
1106 5714 1254 5784 virtutes
1271 5741 1382 5808 rpsrus
1399 5741 1485 5808 pro
1536 5742 1640 5809 quem
1667 5742 1746 5786 cum
1768 5741 1879 5836 pauca
1910 5714 2105 5783 sciscitatus
2136 5727 2244 5796 esset,
2283 5710 2524 5801 contemplans

499 5815 594 5909 prias
611 5813 855 5900 considerent,
879 5818 1020 5910 quasin
1037 5829 1133 5888 tanta
1148 5815 1284 5908 ingenii
1308 5820 1486 5908 magnitu·
1509 5821 1683 5908 ¹figuram
1700 5820 1842 5911 capitis,
1869 5831 1903 5886 et
1925 5810 2099 5905 charopos
2124 5813 2267 5898 oculos,
2292 5807 2457 5884 hortatur
2480 5819 2525 5885 ad

500 5917 603 6003 dine,
629 5939 702 6009 qua
716 5939 738 5989 a
753 5913 857 6025 Deo
845 5931 1035 5991 instructus
1050 5921 1138 6006 fuit,
1160 5913 1287 6001 habuit
1309 5921 1437 5991 multas
1451 5933 1514 6010 et,
1536 5922 1765 6007 discendum,
1792 5919 1975 6012 inquiens:
2004 5913 2064 5983 Tu
2079 5913 2247 5982 erisotim
2263 5936 2425 6004 magnus.
