6025 6775
908 710 1055 788 ⁷91

835 819 849 830 ·
1116 877 1254 954 De
1291 875 1591 948 Dorio
1642 868 1943 938 tertio
1995 879 2216 956 rege
2267 860 2690 931 Persico.

1123 1026 1310 1101 Cum
1361 1024 1632 1094 abesset
1686 1011 2070 1106 Cambyses
2129 1009 2206 1079 in
2273 1008 2594 1103 Aegypto
2614 1055 2637 1087 ‚
2703 1003 2903 1094 Magn

925 1135 1202 1227 aliquot
1226 1118 1755 1213 conspiratione
1782 1114 1965 1183 facta
1997 1134 2300 1201 regnum
2351 1135 2389 1192 a
2422 1109 2698 1180 familia
2730 1104 2905 1225 Cyri

932 1239 1021 1309 ad
1068 1253 1217 1303 sese
1261 1221 1642 1297 transferre
1687 1216 1926 1288 conati
1972 1225 2179 1298 sunt,
2224 1225 2295 1283 et
2322 1233 2511 1282 unus
2553 1234 2637 1281 ex
2673 1207 2906 1296 Magis

935 1356 1170 1424 regem
1220 1349 1295 1398 ’θ
1352 1319 1777 1395 ωωὶωνίῑ·
1895 1315 2039 1388 Sed
2089 1338 2167 1384 ¹⁸²
2223 1314 2505 1405 pmffim
2529 1367 2551 1398 ’
2619 1309 2818 1398 Magi
2867 1333 2908 1377 ⁸
2958 1337 2962 1408 Ι
3023 1378 3253 1450 regem
3283 1355 3636 1443 salutant,-
3685 1368 3756 1427 et
3785 1356 3852 1426 ei
3880 1356 4104 1429 fausta
4130 1359 4530 1452 precantur.

939 1448 1203 1527 septem
1250 1423 1704 1515 Principibus
1755 1418 2302 1492 interficiuntur.
2421 1412 2674 1484 Postea
2727 1409 2910 1480 deli-

939 1533 1216 1610 beratio
1278 1526 1678 1598 instituitur
1740 1523 1832 1591 de
1876 1521 2104 1589 forma
2158 1512 2715 1608 gubernationis.
2815 1506 2915 1582 Et

941 1647 1109 1711 sunt
1153 1630 1508 1705 orationes
1550 1639 1694 1697 tres
1736 1622 1923 1714 apud
1970 1618 2416 1690 Herodotum
2466 1614 2914 1687 dulcissimae

943 1741 1035 1811 de
1057 1735 1330 1829 optimo
1366 1742 1576 1801 statu.
1904 1787 1917 1798 ,

1149 1831 1378 1908 Otani
1419 1831 1653 1921 placet
1696 1846 1847 1895 non
1890 1822 2114 1893 creari
2160 1841 2393 1911 regem
2418 1872 2440 1904 ,
2487 1818 2611 1888 sed
2650 1816 2920 1900 suadet,

948 1957 1036 2016 nt
1076 1938 1286 2010 certis
1331 1931 1606 2024 legibus
1645 1925 2023 2017 Principes¹
2057 1934 2127 1994 et
2167 1921 2487 2020 civitates
2532 1920 2783 1990 foedus
2811 1916 2920 1986 fa·
2975 1976 2976 1979 ,

950 2044 1144 2117 ciant
1203 2042 1293 2110 de
1357 2027 1721 2105 communi
1774 2026 2227 2116 defensione,
2293 2036 2364 2094 et
2408 2020 2675 2113 singuli
2720 2041 2921 2089 suam

951 2145 1358 2215 libertatem
1418 2149 1630 2227 atque
1693 2128 2190 2224 aequalitatem
2271 2124 2665 2207 retineant,
2754 2119 2924 2214 quia

840 2293 851 2306 ·
950 2268 1182 2318 unum
1226 2258 1500 2309 armare
1540 2253 1813 2304 summa
1861 2229 2179 2323 potentia
2218 2245 2679 2321 nequaquam.
2696 2235 2924 2292 tutum

854 2389 871 2400 =
959 2349 1073 2417 sit.
1181 2341 1340 2434 Ipsa
1363 2335 1560 2408 enim
1588 2332 2006 2422 magnitudo
2039 2329 2397 2424 potentiae
2431 2326 2641 2397 etiam
2682 2325 2761 2394 in
2795 2324 2927 2393 bo-

959 2448 1077 2519 nis
1115 2455 1425 2514 mentem
1468 2435 1891 2508 deteriorem
1936 2432 2174 2502 efficit.
2279 2427 2605 2521 Cumque
2646 2424 2928 2516 cupidi-

961 2566 1070 2623 tas
1125 2543 1415 2616 incitata
1478 2549 1621 2618 est,
1705 2535 1872 2629 quia
1929 2533 2224 2612 facultas
2284 2542 2388 2602 est
2444 2524 2931 2621 delinquendi,

960 2648 1214 2721 crescit
1241 2639 1572 2724 audacia,
1618 2650 1691 2708 et
1717 2636 1867 2708 ruit
1894 2635 1973 2705 in
2004 2633 2244 2705 omnia
2288 2631 2575 2705 scelera.
2674 2625 2786 2699 Ac
2816 2640 2933 2722 ty·

962 2770 1231 2824 rannos
1259 2741 1500 2837 inquit
1537 2736 1873 2810 delectari
1898 2737 2253 2807 malorum
2295 2729 2814 2815 familiaritate,
2864 2739 2935 2799 et
2978 2814 2979 2822 ἵ

965 2846 1378 2929 calumniis,
1424 2839 1774 2935 optimum
1801 2860 1948 2909 esse
1982 2837 2239 2909 ducere
2263 2857 2545 2907 movere
2588 2833 2775 2922 leges
2808 2854 2933 2923 pa-

894 3017 901 3024 .
963 2953 1180 3035 triae,
1237 2946 1315 3016 vi
1355 2964 1603 3035 rapere
1631 2941 1938 3013 aliorum
1982 2940 2358 3029 coniuges,
2405 2936 2801 3010 interficere
2833 2931 2935 3002 ci-

962 3075 1086 3126 ves
1114 3051 1268 3122 sine
1300 3044 1591 3118 iudicio.

1173 3165 1384 3239 Hanc
1414 3158 1836 3235 sententiam
1873 3158 2130 3230 refutat
2161 3155 2626 3249 Megabyzus,
2676 3152 2937 3236 dicens,

968 3270 1163 3363 vulgi
1235 3264 1687 3364 tyrannidem
1747 3261 1988 3330 minus
2043 3258 2484 3331 tolerabilem
2535 3277 2681 3325 esse
2726 3252 2937 3324 unius

969 3372 1389 3475 tyrannide,
1442 3361 1613 3463 qu'ia
1646 3351 1903 3454 vulgus
1931 3362 2022 3434 sit
2049 3362 2205 3434 sine
2231 3357 2620 3453 sapientia,
2673 3379 2752 3427 ac
2781 3366 2942 3435 ruat

969 3483 1052 3552 in
1089 3474 1371 3566 negotia
1399 3469 1807 3551 incitatum,
1857 3478 1939 3536 ut
1965 3465 2213 3557 rapida
2250 3463 2599 3532 flumina.-
2675 3456 2942 3530 Suadet

973 3583 1195 3671 igitur
1262 3570 1592 3645 constitui
1660 3590 2046 3660 paucorum
2116 3565 2552 3663 optimorum
2622 3559 2942 3629 virorum

972 3675 1451 3777 principatum
1471 3719 1494 3753 ,
1541 3681 1613 3741 et
1639 3668 1840 3740 addit
1866 3667 2290 3740 tutissimam
2318 3665 2703 3737 rationemx
2750 3656 2946 3731 Con-

976 3795 1392 3857 sentaneum
1434 3785 1575 3858 est,
1640 3770 2070 3863 optimorum
2105 3769 2427 3839 virorum
2466 3764 2734 3857 optima
2773 3782 2946 3831 con-

978 3884 1140 3957 silia
1175 3901 1347 3961 esse.

1183 3992 1389 4069 Darii
1430 3990 1640 4065 tertia
1694 3986 2041 4061 sententia
2093 3984 2267 4067 fuit,
2331 4005 2512 4079 quae
2572 3978 2792 4050 suasit
2833 4000 2950 4047 re-

976 4109 1137 4196 gem
1186 4096 1446 4181 creari,
1496 4093 1664 4188 quia
1697 4092 1911 4163 etiam
1952 4089 2143 4161 inter
2172 4108 2431 4179 paucos
2474 4106 2626 4153 non
2664 4080 2756 4152 sit
2787 4079 2950 4150 diu-

978 4221 1192 4280 turna
1245 4194 1652 4270 concordia.
1747 4188 1848 4265 Et
1887 4191 1968 4261 in
1996 4190 2271 4281 magnis
2312 4185 2628 4279 imperiis
2672 4177 2808 4252 hoc
2834 4204 2950 4252 ac-

976 4307 1249 4387 cidere,
1291 4296 1395 4371 'ut
1444 4308 1737 4390 propter
1779 4292 2169 4364 discordias
2199 4289 2614 4379 Principum
2662 4285 2946 4356 tandem

977 4427 1257 4478 necesse
1307 4401 1435 4486 sit,
1501 4399 1591 4468 ad
1640 4420 1867 4467 unum
1908 4415 2258 4463 summam
2302 4388 2688 4480 potentiam
2722 4400 2954 4458 trans-

977 4511 1190 4579 ferre.
1325 4499 1619 4585 Rectius
1697 4496 1909 4568 etiam
1981 4517 2169 4580 esse,
2239 4490 2503 4586 patrias
2560 4490 2745 4578 leges
2803 4508 2950 4556 non

983 4610 1268 4681 abolere
1292 4659 1313 4690 ,
1365 4604 1544 4697 qua'e
1578 4598 1854 4691 regium
1887 4610 2149 4669 statum
2176 4590 2729 4664 constituissent.

1185 4718 1395 4789 Hanc
1434 4710 1638 4787 Darii
1676 4713 2095 4786 sententiam
2139 4733 2300 4781 cum
2350 4705 2605 4778 caeteri
2651 4717 2958 4798 quatuor

984 4821 1534 4915 approbassent,
1613 4816 1975 4886 decretum
2040 4827 2182 4898 est,
2261 4822 2341 4882 ut
2401 4831 2522 4878 rex
2584 4818 2958 4890 crearetur,

969 4920 1081 5009 'Et
1128 4943 1220 4992 ne
1283 4915 1668 4990 certamina
1719 4916 2115 4996 orirentur,
2180 4912 2302 4982 sed
2355 4925 2436 4981 ut
2494 4907 2742 4979 electio
2795 4905 2958 5009 Deo
3012 4916 3015 4923 “

982 5022 1355 5097 commissa
1388 5017 1786 5101 videretur,
1830 5014 2203 5099 convenit,
2250 5028 2333 5085 ut
2357 5033 2565 5082 mane
2592 5007 2962 5105 Principes
2997 5067 2999 5070 ,

980 5126 1061 5198 in
1096 5122 1437 5196 suburbio
1471 5120 1671 5216 equis
1702 5119 2093 5191 insidentes
2124 5114 2612 5201 convenirent,
2664 5125 2733 5182 et
2761 5110 2962 5181 cuius
3007 5121 3010 5125 “

982 5242 1209 5322 equus
1256 5223 1527 5317 primus
1572 5218 1941 5294 hinnitum
1984 5222 2264 5305 ederet,
2315 5218 2587 5288 oriente
2630 5212 2840 5298 Sole,
2901 5211 2962 5280 is

978 5355 1104 5403 rex
1149 5339 1353 5399 esset.
1470 5323 1736 5398 Darius
1779 5336 2016 5396 autem
2070 5345 2231 5392 cum
2278 5321 2573 5389 domum
2617 5314 2962 5398 rediisset,

977 5428 1153 5505 haec
1223 5432 1501 5501 decreta
1566 5437 1809 5499 narrat
1877 5447 2174 5496 suorum
2242 5440 2590 5512 equorum
2653 5416 2962 5488 curatori

978 5529 1297 5620 Oebari,
1349 5542 1416 5601 et
1450 5528 1879 5622 interrogat,
1932 5548 2026 5595 an
2054 5534 2206 5592 arte
2238 5541 2389 5590 rem
2425 5517 2672 5587 iuvare
2698 5517 2966 5611 possit?

978 5633 1113 5708 Ille
1158 5659 1329 5707 vero
1379 5630 1652 5728 inquit,
1715 5653 1790 5711 se
1847 5622 2230 5699 consilium
2275 5620 2738 5691 inventurum
2794 5641 2962 5690 esse.

980 5733 1091 5808 Ae
1125 5751 1342 5809 noctu
1377 5706 1454 5804 in
1487 5756 1570 5806 eo
1601 5732 1765 5803 loco
1787 5781 1809 5816 ,
1859 5728 1937 5797 in
1969 5749 2115 5820 quo
2145 5718 2515 5812 Principes
2557 5742 2767 5791 mane
2794 5743 2966 5790 con-

876 5904 887 5911 .
978 5839 1266 5908 venturi
1314 5848 1555 5919 erant,
1623 5853 1885 5926 equum
1937 5822 2146 5900 'Darii
2192 5826 2283 5897 ad
2335 5817 2966 5917 equam‘admittit.

1394 691 1822 775 semr‘rA
1873 687 2031 768 PH.
2079 682 2316 762 MEL.
2370 681 2504 760 An
2553 679 2819 757 111s‘r.
2868 657 3164 756 eaor.
3217 673 3354 752 ET
3400 673 3799 757 ramos,
3851 675 4502 759 εΡΕοΤΑΝΤιΑ.

2878 1003 2898 1021 .
2955 943 2958 979 ³
3007 965 3157 1023 tum
3202 947 3411 1022 Darii
3457 969 3703 1046 equus

4819 688 4979 766 ‘792

3001 845 3222 921 Mane
3267 846 3488 940 igitur
3513 849 3870 924 desiderio
3913 876 4137 948 equae
4165 854 4446 948 primus
4476 852 4700 932 edidit
4723 850 4981 930 hinni-

3820 947 3960 1025 sed
4031 967 4272 1028 tamen
4336 958 4630 1031 accessit
4692 958 4987 1034 coeleste

2881 1106 2900 1124 .
3011 1053 3325 1143 signum,
3373 1051 3616 1142 fulgur
3638 1066 3709 1125 et
3730 1055 4046 1126 tonitrua
4073 1078 4328 1128 sereno
4359 1059 4602 1148 coelo,
4652 1062 4850 1155 quod
4875 1062 4991 1134 iu-

3007 1155 3291 1226 dicatur
3326 1174 3477 1223 esse
3509 1147 3842 1226 faus'tum.
3936 1152 4367 1229 Desilientes
4412 1160 4641 1251 igitur
4677 1187 4763 1234 ex
4795 1162 4995 1258 equis

3011 1276 3258 1327 omnes
3306 1251 3678 1346 Principes
3718 1251 4000 1326 Persico
4048 1283 4242 1331 more
4295 1255 4607 1335 Darium
4660 1265 4998 1352 adorant,

3220 1455 3578 1550 Regnavit
3610 1468 3845 1530 autem
3876 1480 4099 1529 annos
4126 1461 4414 1552 triginta
4442 1487 4589 1551 sex,
4638 1478 4721 1536 ut
4755 1461 4995 1537 Grae·

3019 1558 3086 1631 ci
3129 1571 3534 1630 numerant.
3655 1555 3871 1630 initio
3927 1560 4130 1651 regni
4171 1559 4611 1660 Babylonem
4632 1619 4657 1653 ,
4717 1589 4902 1660 quae
4948 1589 4992 1638 a

3023 1659 3256 1734 Persis
3301 1660 3683 1756 defecerat,
3733 1673 3894 1755 post
3938 1662 4223 1752 longam
4266 1661 4709 1737 obsidionem
4742 1667 4994 1739 vicesi-

3023 1786 3140 1833 mo
3185 1784 3427 1832 mense
3467 1762 3772 1856 recepit,
3838 1762 4099 1835 astutia
4143 1762 4452 1861 Zopyri,
4502 1767 4630 1861 qui
4659 1791 4823 1840 cum
4854 1768 5001 1839 sibi

3027 1885 3229 1936 nares
3260 1876 3331 1934 et
3362 1885 3569 1934 aures
3599 1863 4058 1959 praecidisset
4088 1864 4277 1960 ipse,
4325 1864 4766 1964 Babylonem
4800 1868 5004 1941 venit

3027 1976 3316 2037 cruenta
3354 1965 3572 2051 facie,
3619 1966 3995 2050 simulans,
4045 1989 4118 2037 se
4162 1990 4204 2036 a
4249 1967 4413 2058 rege
4457 1963 4593 2040 hac
4634 1983 5006 2042 contume-

3028 2067 3129 2138 lia
3158 2065 3486 2137 affectum
3517 2089 3685 2154 esse,
3733 2070 3928 2159 quod
3959 2063 4287 2140 hortator
4312 2068 4566 2142 fuisset
4594 2070 5005 2165 relinquen-

3029 2168 3163 2240 dae
3190 2167 3628 2255 obsidionis,
3671 2162 4126 2241 vehementer
4156 2192 4499 2242 accusans
4540 2171 4806 2263 regiam
4851 2195 5011 2243 sae-

3028 2269 3310 2341 viciam.
3423 2265 3620 2339 Haec
3680 2271 4039 2341 credentes
4093 2267 4521 2366 Babylonii,
4587 2271 5016 2365 praeficiunt

3031 2394 3197 2443 eum
3242 2369 3615 2456 exercitui,
3676 2372 3801 2466 qui
3838 2371 4148 2464 primum
4186 2385 4266 2443 ut
4305 2371 4372 2446 ei
4413 2373 4779 2466 plusfidei
4807 2387 5016 2460 esset,

3032 2472 3309 2543 levibus
3340 2471 3626 2563 praeliis
3652 2472 3827 2544 vicit
3855 2473 4140 2557 Persas,
4187 2472 4544 2568 aliquanto
4577 2487 4741 2566 post
4766 2488 5014 2548 autem

3032 2574 3284 2645 urbem
3325 2570 3548 2645 Dario
3590 2573 3907 2647 tradidit.
4010 2570 4118 2646 Ita
4167 2575 4470 2648 secundo
4517 2599 4557 2646 a
4585 2573 4824 2649 Persis
4853 2573 5012 2646 Ba-

3038 2675 3262 2771 bylon
3293 2685 3492 2765 capta
3524 2685 3652 2749 est.

3239 2772 3476 2846 Tanto
3508 2787 3742 2847 autem
3773 2773 3854 2843 in
3875 2769 4151 2847 honore
4186 2789 4430 2869 postea
4462 2773 4778 2871 Zopyrus
4808 2776 5010 2870 apud

3035 2873 3338 2951 'Darium
3382 2897 3659 2969 semper
3701 2876 3879 2962 fuit,
3938 2890 4021 2950 ut
4068 2901 4227 2947 cum
4262 2874 4530 2960 Darius
4558 2900 4843 2971 pomum
4873 2900 5018 2968 pn-

3040 2980 3285 3050 nicum
3323 2978 3403 3047 in
3445 3002 3667 3049 manu
3709 2992 4016 3069 teneret,
4085 2978 4383 3065 dixerit,
4445 3001 4522 3049 se
4571 3002 4722 3049 non
4769 2990 5025 3070 optare

3042 3078 3384 3150 maiorem
3426 3075 3835 3151 thesaurum
3879 3079 4149 3165 ullum,
4205 3103 4418 3173 quam
4468 3093 4550 3151 ut
4590 3093 4697 3151 tot
4724 3074 5030 3149 haberet

3042 3179 3401 3276 Zopyros,
3452 3195 3628 3274 quot
3653 3203 3870 3272 grana
3897 3180 4042 3251 sint
4083 3181 4278 3251 illius
4308 3181 4541 3273 pomi,
4591 3180 5028 3270 significans,

3045 3283 3336 3373 regibus
3389 3276 3578 3352 nihil
3639 3283 3889 3354 utilius
3930 3306 4078 3354 esse
4122 3283 4453 3354 fidelibus
4498 3282 4770 3354 amicis.
4870 3278 5027 3353 Re-

3045 3488 3198 3558 lum
3226 3480 3661 3580 Scythicum.
3743 3485 3845 3560 Ut
3875 3487 4061 3557 enim
4090 3484 4318 3583 Cyrus
4349 3509 4389 3556 a
4423 3508 4550 3559 suo
4587 3508 4805 3578 regno
4855 3485 5030 3557 bar-

3048 3587 3324 3659 baricas
3367 3602 3647 3677 gentes,
3696 3613 3877 3683 quae
3920 3613 4002 3659 ex
4030 3586 4293 3660 Arctoa
4341 3589 4632 3679 regione
4660 3589 4739 3658 in
4771 3585 5026 3661 Asiam

3050 3690 3653 3775 infundebantur,
3709 3713 3947 3760 arcere
3989 3702 4285 3760 conatus
4327 3702 4468 3776 est,
4517 3689 4615 3760 ita
4662 3702 4731 3761 et
4760 3686 5034 3762 Darius
5087 3768 5101 3775 ,

3049 3791 3321 3860 infusas
3363 3789 3507 3859 iam
3548 3792 3626 3860 in
3659 3790 3903 3862 Asiam
3950 3790 4203 3861 eiicere
4248 3805 4317 3860 et
4346 3791 4631 3883 longius
4663 3814 5031 3865 removere

3052 3891 3361 3966 volebat.
3463 3889 3808 3962 Nominat
3850 3905 4078 3962 autem
4109 3887 4521 3964 Herodotus
4559 3893 4830 3965 vicinas
4853 3913 5027 3983 gen-

3051 4006 3157 4066 tes
3173 3987 3523 4063 Thraciae
3552 3994 3640 4064 ad
3668 3986 4118 4086 Bosphorum
4151 3988 4400 4081 Getas,
4448 3991 4912 4083 Cimmerios,
4964 4009 5038 4067 et

3053 4094 3353 4166 ulterius
3412 4092 3904 4176 Sauromatas,
3987 4119 4168 4188 quae
4238 4096 4534 4166 nomina
4583 4097 5028 4167 observanda

3055 4208 3261 4282 sunt,
3307 4194 3474 4289 quia
3514 4198 3605 4266 ab
3639 4190 3763 4266 his
3792 4194 4199 4268 Cimmeriis
4231 4192 4507 4271 nostros
4538 4194 4858 4266 Cimbros
4893 4217 5022 4265 or-

3056 4312 3165 4369 tos
3189 4318 3377 4383 esse,
3429 4310 3498 4368 et
3527 4321 3564 4367 a
3604 4292 3807 4368 Getis
3841 4294 4135 4384 Gottos,
4187 4324 4338 4369 non
4362 4295 4650 4370 dubium
4680 4306 4805 4364 est.
4913 4291 5030 4365 Ac

3057 4395 3273 4470 hodie
3317 4395 3563 4469 Gottia
3609 4399 4027 4469 nominatur
4070 4400 4304 4492 regio,
4355 4394 4584 4468 vicina
4621 4390 5037 4484 Colchicae,
5133 4387 5142 4393 ’

3008 4578 3009 4583 1
3050 4509 3128 4572 'et
3174 4515 3338 4571 sunt
3381 4502 3461 4570 in
3510 4500 3817 4571 Taurica
3865 4498 4111 4588 Gotti,
4161 4502 4470 4589 linguam
4519 4496 5032 4570 Germanicam

3058 4602 3473 4673 retinentes.
3556 4597 3665 4673 Ac
3698 4615 3868 4672 tunc
3901 4603 4185 4695 quidem
4214 4597 4434 4672 Dario
4464 4594 4692 4669 Getae
4727 4620 4875 4669 sese
4903 4602 5032 4670 de-

3060 4704 3437 4801 diderunt,
3486 4704 3610 4773 sed
3644 4699 3939 4798 Scythas
3971 4726 4118 4774 non
4158 4701 4365 4783 vicit',
4418 4724 4500 4771 ac
4530 4699 4731 4771 factis
4762 4700 5034 4795 aliquot

3060 4803 3346 4899 praeliis
3390 4803 3604 4877 rediit
3657 4804 3737 4873 in
3801 4803 4100 4879 Ioniam.
4214 4801 4470 4874 Postea
4527 4801 4691 4894 quia
4751 4800 5038 4872 Persica

3061 4901 3475 4978 monarchia
3506 4903 4004 4978 Macedoniam
4051 4905 4481 4999 attingebat,
4531 4903 4750 4973 vicini
4781 4917 5040 4997 poten-

3062 5009 3276 5081 tiores
3306 5003 3489 5080 hanc
3519 5010 3728 5080 etiam
3762 5032 3888 5079 suo
3918 5008 4220 5101 imperio
4246 5007 4552 5078 adiicere
4575 5006 5039 5089 conabantur,

3061 5109 3470 5205 praesertim
3501 5134 3659 5181 cum
3692 5110 3797 5180 ibi
3831 5121 3902 5179 et
3930 5133 4154 5180 venae
4198 5106 4592 5180 metallicae
4632 5107 5034 5178 uberrimae

3064 5212 3234 5284 sint.
3334 5211 3542 5283 Missi
3575 5224 3743 5282 sunt
3783 5230 3947 5298 ergo
3977 5211 4189 5300 legati
4222 5208 4484 5281 Persici
4528 5209 4614 5278 ad
4650 5206 5040 5304 Amyntam

3063 5336 3296 5405 regem
3344 5310 3887 5384 Macedonicum
3907 5366 3930 5398 ,
3996 5313 4124 5406 qui
4167 5312 4565 5406 petierunt,
4642 5326 4723 5382 ut
4779 5323 5046 5381 terram

3018 5470 3019 5488 1
3066 5430 3136 5486 et
3184 5437 3440 5508 aquam
3488 5414 3795 5482 traderet
3833 5407 4080 5489 Dario.
4180 5408 4532 5508 Amyntas
4559 5425 4882 5484 metuens
4912 5435 5049 5503 po·

3064 5517 3358 5588 tentiam
3401 5513 3792 5603 Persicam,
3861 5504 4140 5608 placide
4182 5515 4606 5608 respondet,
4670 5526 4738 5586 et
4788 5509 5055 5585 Persas

3066 5617 3145 5687 in
3190 5613 3601 5685 convivium
3646 5628 3871 5693 vocat.
3986 5614 4128 5687 Hic
4169 5614 4478 5689 Barbari
4522 5616 4825 5707 superbe
4855 5614 5055 5708 peti-

3065 5727 3326 5789 verunt
3389 5714 3603 5787 etiam
3645 5716 3926 5794 nobiles
3984 5719 4323 5790 mulieres
4369 5716 4666 5804 adduci,
4735 5729 4807 5788 et
4850 5715 5057 5789 inter

3065 5818 3401 5890 convivas
3444 5817 3816 5909 collocari,
3863 5820 3990 5915 qui
4037 5820 4221 5893 ebrii
4257 5818 4405 5892 iam
4452 5832 4525 5892 et
4552 5817 4750 5892 basia
4778 5817 5056 5892 dabant

3048 3397 3244 3477 cepta
3282 3381 3651 3480 Babylone
3695 3382 3960 3457 Darius
3999 3384 4365 3479 aliquanto
4406 3397 4569 3478 post
4609 3382 4839 3456 movit
4865 3381 5025 3454 bel-
5143 3426 5148 3431 ·
