6025 6775
490 606 566 683 819

738 543 950 670 senuna
974 589 1052 663 ru.
1077 585 1196 662 unu.
1223 582 1291 658 an
1314 581 1615 664 nnneaor.
1639 614 1925 694 ιιι-ων..

1952 645 2103 679 ·“··“’”’“
2115 650 2129 685 Δ
2141 650 2224 699 ΨΜ
2234 653 2273 707 Δ,

2442 651 2519 728 820

491 774 612 872 panta,
645 768 738 840 aliis,
798 762 881 854 Quo
908 784 987 832 cum
1014 754 1281 849 Epaminondas
1311 755 1475 840 venisset,
1527 781 1622 827 anno
1649 771 1793 850 quarto,
1834 760 1930 852 quod
1962 764 2170 835 nominatur
2198 762 2334 836 hellam
2364 791 2521 852 sacrum,

491 874 660 949 acerrima
687 890 803 957 pugna
827 862 987 953 repulsus
1009 873 1071 932 est,
1131 856 1201 926 llic
1225 880 1348 927 rursus
1369 857 1475 941 senis,
1528 859 1627 929 euius
1642 882 1743 949 saepe
1759 860 1798 929 ht
1814 860 1947 929 mentio
1962 863 1998 930 in
2010 859 2234 938 Oratoribus.
2284 867 2443 941 Pertinet
2458 899 2521 943 au·

491 972 646 1066 Agefflfi
663 972 794 1037 virture
814 962 925 1055 patria
946 973 1083 1030 servata
1107 973 1177 1042 est,
1203 982 1277 1027 non
1299 972 1339 1028 ut
1357 971 1473 1047 antea,
1528 974 1596 1028 tem
1614 954 1762 1030 historia
1778 960 1863 1028 belli
1883 962 1969 1030 sacri
1985 967 2027 1031 ad
2039 961 2135 1034 Oibi
2153 980 2325 1059 tempora,
2348 985 2389 1041 ut
2405 988 2523 1062 postea

492 1079 568 1149 sine
589 1071 734 1165 praelio.
788 1064 920 1135 Scribit
942 1062 1038 1131 enim
1054 1055 1277 1149 Xenophon,
1303 1059 1475 1127 divinitus

490 1182 624 1251 facturn
647 1192 739 1253 esse,
769 1179 809 1235 ut
826 1160 1010 1247 Thebani,
1041 1160 1103 1253 qui
1124 1174 1223 1229 antea
1240 1160 1476 1228 Lacedaemo-

493 1279 575 1349 nios
591 1276 767 1351 vicerant,
791 1281 826 1336 et
841 1264 958 1355 ignem
973 1264 1156 1353 spirabant
1177 1255 1251 1352 (his
1275 1261 1371 1327 enirn
1395 1283 1476 1328 ver-

460 1390 462 1401 '
494 1381 552 1450 bis
567 1376 696 1446 utitur:
730 1371 805 1460 πῦρ
820 1362 1007 1453 πνέοντες)
1024 1386 1120 1430 nunc
1139 1376 1209 1431 tam
1228 1362 1347 1451 paucis
1364 1382 1477 1428 cesse.

495 1482 580 1550 rint.
631 1473 723 1544 Narn
736 1462 973 1538 Archidamus
989 1463 1216 1553 paucissimos
1233 1486 1272 1530 ex
1287 1464 1374 1530 urbe
1391 1462 1472 1529 edu-

375 1591 379 1600 '
496 1602 591 1662 cens,
617 1597 697 1645 cum
712 1568 940 1639 interfecisset
956 1559 1292 1655 aliquot'l'hebanos
1309 1563 1346 1629 in
1364 1562 1478 1652 prima

498 1681 590 1759 acie,
615 1687 752 1748 tantum
768 1668 916 1759 reliquis
932 1680 1106 1736 terrorem
1129 1664 1296 1745 incussit,
1323 1676 1363 1732 ut
1380 1663 1481 1751 fuge-

498 1793 588 1854 rent.
639 1772 740 1845 Adeo
757 1792 822 1838 nec
840 1770 1082 1836 fortunae-nec
1098 1763 1227 1832 virium
1242 1762 1480 1852 magnitudini

499 1878 747 1955 confidendum
780 1883 851 1951 est,
890 1868 952 1936 sed
983 1865 1209 1952 cogitandum
1241 1876 1293 1932 est
1327 1866 1481 1934 dictum:

499 1978 659 2051 Victoria
680 2001 700 2045 a
719 1965 887 2040 Domino
910 1979 971 2035 est.
1029 1962 1184 2056 Uterque
1210 1974 1326 2032 autem
1349 1967 1421 2033 dux
1444 1963 1483 2030 in

499 2082 633 2153 maiore
649 2070 882 2145 admiratione
905 2068 994 2151 fuit,
1015 2065 1105 2135 alter
1126 2078 1273 2155 propter
1293 2063 1482 2134 consilium

500 2175 759 2274 oppugnandae
777 2168 893 2247 urbis,
918 2167 1007 2237 alter
1021 2177 1167 2256 propter
1190 2164 1403 2235 celeritatem
1427 2188 1484 2234 re·

500 2284 596 2355 ditus
618 2291 650 2346 et
666 2272 906 2345 defensionem
924 2265 1072 2359 patriae.

602 2378 793 2465 Regressus
807 2382 922 2439 autem
939 2365 1225 2456 Epaminondas,
1251 2366 1315 2436 etsi
1332 2367 1485 2450 videbat,

501 2508 538 2556 se
567 2503 640 2548 non
669 2477 744 2544 sine
774 2468 928 2562 periculo
958 2468 1209 2536 dimicaturum
1239 2491 1329 2551 esse,
1368 2480 1485 2536 tamen

502 2583 586 2677 quia
618 2573 847 2669 pugnandum
877 2590 951 2638 esse
982 2579 1167 2651 statuerat,
1207 2591 1281 2636 non
1314 2568 1437 2657 procul
1466 2591 1485 2635 a

500 2681 686 2756 Mantinea
703 2686 812 2744 castra
827 2670 929 2738 locat.
981 2664 1035 2737 lbi
1051 2666 1209 2737 intentus
1223 2670 1260 2735 in
1276 2669 1486 2748 occasiones,

454 2751 463 2761 ἡ
500 2786 646 2855 adortus
664 2788 715 2845 est
731 2769 847 2843 hostes
869 2780 1008 2861 praeter
1025 2766 1183 2859 ipsorum
1202 2769 1427 2858 opinionem,
1454 2781 1488 2837 et

501 2897 577 2956 arte
594 2879 703 2950 aciem
721 2876 769 2944 ita
784 2868 970 2953 instruxit,
999 2879 1040 2938 ut
1063 2870 1174 2938 robur
1196 2862 1334 2937 hostilis
1356 2869 1489 2938 exerci-

500 2998 559 3057 tus
575 2969 730 3073 pelleret.
779 2968 835 3041 Eo
851 2970 893 3038 in
907 2969 984 3038 loco
998 2992 1078 3038 cum
1095 2970 1169 3060 ipse
1183 2970 1355 3060 praelium
1372 2972 1497 3055 cieret,-

503 3099 545 3158 et
562 3081 682 3152 cedere
704 3072 822 3145 hostes
843 3084 1000 3158 cogeret,
1032 3071 1163 3142 vulnus
1188 3069 1325 3161 accipit.
1394 3069 1488 3158 Quia

444 3173 446 3180 ’
501 3194 618 3256 aulem
647 3190 790 3269 propter
811 3171 943 3242 vulnus
972 3169 1072 3239 ducis
1096 3170 1226 3239 milites
1255 3195 1329 3239 nnn
1349 3171 1487 3264 sequuti

502 3295 585 3356 sunt
600 3277 737 3350 hostem
753 3276 954 3355 cedentem,
978 3270 1096 3340 minus
1113 3294 1241 3361 magna
1255 3286 1384 3359 strages
1400 3273 1488 3342 facta

503 3400 565 3458 est.
615 3373 884 3473 Epaminondas
901 3372 1024 3440 vivens
1036 3372 1167 3442 relatus
1187 3373 1227 3441 in
1252 3387 1381 3453 castra,
1414 3397 1489 3442 non

502 3487 602 3581 prius
618 3476 792 3572 spiculum
816 3501 856 3544 ex
878 3474 1025 3544 vulnere
1046 3473 1152 3542 evelli
1172 3475 1350 3565 permisit,
1384 3497 1490 3566 quam

503 3579 751 3672 interrogavit,
774 3577 846 3646 utri
863 3575 1038 3646 vicissent.
1075 3570 1237 3667 Cumque
1251 3575 1403 3645 victores
1417 3598 1490 3644 esse

504 3683 698 3758 Thebanos
714 3681 907 3757 diceretur,
931 3675 1066 3767 spiculo
1083 3676 1203 3745 evulso
1221 3677 1355 3766 patriae
1371 3691 1490 3765 gratu-

502 3791 582 3858 lans
599 3783 736 3876 placide
752 3791 912 3849 mortuus
934 3789 996 3849 est.
1046 3773 1116 3843 Hie
1142 3789 1193 3845 est
1215 3776 1326 3847 exitus
1343 3772 1490 3868 Epami-

504 3889 665 3964 nondae,
692 3881 848 3976 quinon
868 3877 984 3948 solum
1004 3889 1147 3967 propter
1167 3877 1361 3958 iusticiam,
1386 3878 1489 3948 forti-

504 3989 685 4068 tudinem,
713 3980 920 4053 modestiam
944 3992 977 4048 et
1002 3978 1107 4046 fidem
1133 4000 1212 4067 erga
1234 3978 1364 4048 amicos
1386 3979 1488 4048 valde

505 4088 686 4158 laudatur:
718 4083 777 4152 sed
804 4081 910 4153 etiam
933 4077 1016 4171 quia
1037 4079 1219 4148 doctrinas
1239 4078 1404 4172 aLyside
1417 4079 1487 4174 Py-

503 4183 683 4277 thagorico
700 4176 844 4266 didicit,
870 4202 1020 4272 quarum
1043 4180 1169 4249 studiis
1188 4180 1226 4248 in
1250 4181 1325 4250 eius
1348 4194 1488 4272 pectore

503 4289 612 4378 magis
626 4285 853 4356 confirmatus
866 4291 918 4349 est
931 4301 1031 4348 amor
1045 4279 1203 4349 iusticiae
1219 4282 1462 4355 etmodestiae.

603 4386 694 4458 Cum
709 4398 827 4454 autem
842 4393 923 4470 post
935 4377 1204 4471 Epaminondae
1225 4395 1373 4450 mortem
1396 4383 1489 4454 utri-

502 4512 571 4582 que
589 4509 625 4556 se
638 4512 704 4583 pro
719 4483 915 4556 victoribus
929 4493 1108 4571 gererent,
1133 4473 1310 4550 Thebani
1322 4494 1355 4552 et
1369 4477 1489 4579 Spar-

502 4586 601 4669 tani,
642 4609 752 4681 eaque
774 4610 817 4654 ex
837 4608 876 4653 re
891 4580 1027 4674 'passim
1049 4582 1135 4651 novi
1157 4597 1274 4653 motus
1295 4583 1486 4670 orirentur,

501 4690 620 4783 inquit
633 4682 836 4776 Xenophon
850 4686 890 4753 in
903 4684 972 4752 fine
993 4705 1076 4753 suae
1096 4677 1278 4755 historiae:
1318 4682 1488 4756 Confusio

501 4804 536 4860 et
552 4786 774 4881 perturbatio
795 4786 911 4854 maior
927 4784 996 4852 fuit
1019 4783 1057 4850 in
1079 4781 1226 4853 Graecia
1249 4798 1326 4872 post
1340 4781 1489 4875 Epami-

500 4889 639 4960 nondae
654 4908 826 4978 pugnam,
852 4905 958 4976 quam
970 4881 1039 4953 fuit
1049 4896 1141 4956 ante.
1193 4883 1298 4953 Tales
1312 4885 1488 4955 bellorum

500 4990 615 5060 exitus
630 5010 733 5079 saepe
749 4997 851 5070 sunt,
877 4997 915 5054 ut
936 4977 1005 5054 hoc
1028 4983 1199 5052 decennio
1220 4985 1375 5057 vidimus
1395 4986 1487 5056 bella

500 5076 668 5167 er'bellis
693 5100 773 5158 nata
794 5110 884 5172 esse,
909 5085 999 5156 sieut
1013 5083 1190 5155 Pindarus
1210 5085 1342 5181 inquit:
1368 5086 1488 5159 Facile

500 5203 552 5261 est
582 5190 695 5259 cuivis
727 5211 869 5259 movere
900 5189 1045 5271 urbem,
1088 5188 1147 5256 sed
1181 5187 1220 5256 in
1251 5189 1486 5283 tranquillum

498 5293 620 5362 sistere
641 5291 717 5360 aine
739 5284 817 5359 Dei
837 5289 968 5360 auxilio
991 5311 1097 5356 nemo
1119 5301 1242 5378 potest.
1294 5288 1485 5381 Praecipua

497 5407 614 5465 tamen
637 5393 705 5463 fuit
728 5405 813 5463 tunc
834 5390 993 5482 potentia
1018 5382 1294 5469 Thebanorum,
1327 5389 1486 5481 quinon

498 5495 609 5565 nmlto
631 5507 711 5585 post
724 5489 997 5660 Epaminonpp
1016 5499 1167 5555 mortem
1185 5499 1306 5557 contra
1322 5482 1486 5559 Phocen-

495 5618 567 5680 ses,
592 5595 654 5690 qui
679 5597 851 5689 temptum
877 5586 1092 5684 Dep'icum
1117 5585 1374 5675 spoliaverant,
1409 5590 1485 5660 bel-

496 5695 570 5765 lum
598 5710 804 5784 moverunt,
845 5684 1075 5787 Olympiadis
1104 5685 1313 5756 centesimae
1341 5689 1485 5781 quintae

1530 1060 1658 1133 dicam.
1717 1058 1821 1129 Nunc
1845 1063 1999 1132 breviter
2019 1066 2094 1134 eius
2117 1070 2341 1139 mentionem
2366 1073 2452 1151 feci,
2487 1088 2528 1144 ut

1530 1161 1636 1230 series
1652 1156 1869 1231 Graecorum
1887 1163 2060 1233 bellorum
2072 1168 2209 1238 facilius
2225 1184 2345 1242 mente
2361 1196 2526 1264 compree

1530 1257 1638 1330 hendi
1662 1263 1793 1351 possit,
1818 1276 1853 1332 et
1873 1265 2129 1346 consideretur,
2154 1270 2260 1338 semel
2285 1273 2391 1343 motis
2414 1275 2528 1364 impe·
2602 1361 2610 1366 -

1532 1364 1613 1445 riis,
1643 1384 1717 1428 non
1739 1363 1842 1432 facile
1868 1387 1906 1433 ea
1931 1367 2046 1434 sedari
2068 1390 2175 1456 posse.
2232 1368 2353 1460 Captis
2370 1370 2527 1444 Athenis

1532 1476 1678 1553 sequuta
1703 1476 1754 1532 est
1776 1467 2014 1553 recuperatio,
2053 1491 2159 1559 quam
2191 1470 2401 1544 adiuverunt
2424 1470 2523 1544 The·

1533 1564 1628 1632 bani.
1706 1560 1795 1634 Inde
1818 1564 1983 1654 Spartani
2007 1563 2201 1638 Thebanos
2227 1574 2362 1653 adorti,
2402 1599 2424 1658 r,
2445 1598 2523 1646 rsus

1532 1663 1727 1734 amiserunt
1743 1664 1941 1756 imperium.
1994 1667 2119 1738 Postea
2134 1670 2173 1737 in
2194 1670 2290 1740 bello
2317 1694 2429 1745 sacro·
2461 1670 2523 1744 he·

1533 1765 1618 1833 bani
1641 1777 1859 1836 attraxerunt
1882 1766 2109 1840 Macedones.
2161 1770 2359 1864 Aliquanto
2380 1787 2460 1867 post
2480 1778 2526 1845 ab

1535 1862 1739 1935 Alexandro
1756 1862 1903 1936 Thebae
1924 1870 2088 1939 funditus
2113 1872 2249 1942 deletae
2264 1887 2364 1954 sunt,
2390 1889 2424 1946 et
2439 1872 2525 1946 hor·

1534 1966 1657 2034 ribiles
1674 1990 1807 2056 poenae
1823 1991 1887 2058 per
1910 1993 2033 2038 omnes
2052 1969 2225 2042 Graeciae
2249 1976 2400 2067 populos
2423 2000 2525 2065 raga-

1535 2079 1590 2136 tae
1611 2081 1715 2151 sunt,
1739 2091 1779 2137 ae
1805 2068 1912 2137 simul
1935 2073 2087 2141 extincta
2112 2087 2164 2143 est
2188 2076 2321 2169 ubique
2340 2090 2441 2147 vetus
2463 2082 2527 2147 do-

1536 2165 1648 2236 ctrina
1679 2190 1719 2236 ac
1750 2168 1976 2259 disciplina,·
2009 2186 2042 2242 et
2075 2188 2243 2264 perpetua
2272 2177 2460 2247 latrocinia
2488 2180 2527 2247 in

1537 2264 1687 2336 Graecia
1713 2268 1869 2343 fuerunt.
1927 2269 2002 2340 llas
2025 2274 2145 2343 ruinas
2166 2278 2325 2362 gentium
2350 2279 2529 2349 intuentes

1536 2368 1728 2456 cogitemus
1752 2371 1933 2440 decausis
1959 2387 1993 2443 et
2018 2375 2192 2445 similibus
2210 2377 2372 2447 omniurn
2389 2392 2528 2471 tempo-

1536 2491 1615 2536 rum
1632 2469 1799 2555 miseriis,
1821 2486 1856 2543 et
1870 2486 2044 2562 petamus,
2069 2489 2109 2547 ut
2127 2476 2221 2545 lilius
2235 2474 2302 2547 Dei
2316 2478 2361 2548 sit
2377 2481 2526 2548 umbra·

1537 2570 1656 2638 culum
1665 2566 1844 2640 Ecclesiae
1859 2596 1952 2659 suae,
1972 2576 2062 2647 sicut
2077 2578 2163 2648 texit
2179 2577 2381 2672 iuAegypto
2397 2582 2522 2649 domos

1538 2670 1709 2759 sanguine
1726 2673 1807 2762 agni
1822 2697 2038 2765 conspersas.
2143 2726 2145 2729 -

1854 2878 1944 2946 Res
1967 2879 2210 2960 Romanae.

1640 3019 1749 3092 Anno
1766 3023 1810 3093 ab
1825 3025 1913 3096 urbe
1929 3024 2044 3098 Roma
2061 3020 2202 3100 corfdita
2229 3035 2472 3103 trecentesimo
2495 3049 2531 3106 et

1539 3124 1751 3212 sexagesimo
1766 3124 1891 3216 quinto
1912 3129 1996 3197 urbs
2009 3126 2124 3199 Roma
2141 3156 2160 3201 a
2176 3127 2291 3202 Gallis
2306 3149 2405 3226 capta
2423 3151 2457 3206 et
2472 3137 2530 3203 in-

1539 3246 1641 3293 censa
1657 3238 1722 3308 est,
1751 3219 1965 3319 Olympiade
1980 3228 2206 3320 nonagesima
2222 3258 2333 3321 nona,
2360 3252 2530 3326 regnante

1539 3324 1578 3393 in
1608 3321 1727 3394 Persia
1750 3321 1943 3400 Artaxerxe
1965 3328 2178 3419 Mnemone,
2226 3357 2320 3405 anno
2357 3336 2527 3428 vigesimo

1539 3438 1618 3518 post
1635 3423 1920 3516 captasAthenas
1938 3456 1956 3500 a
1971 3430 2176 3526 Lysandro,
2201 3449 2242 3506 ut
2258 3435 2427 3530 Polybius
2440 3440 2530 3508 scri-

1539 3527 1603 3599 bit.
1662 3527 1802 3617 Integra
1825 3554 1909 3600 vero
1931 3527 2078 3602 historia
2099 3538 2193 3626 apud
2217 3536 2358 3607 Livium
2380 3540 2529 3630 legatur,
2558 3576 2561 3581 ·

1539 3641 1579 3698 ut
1603 3650 1659 3696 res
1672 3625 1857 3699 Romanae
1882 3632 1983 3717 aliae.
2035 3632 2103 3703 Hic
2125 3650 2284 3730 tempora
2308 3650 2445 3710 tantum
2470 3642 2528 3710 in-

1538 3728 1690 3817 signium
1707 3744 1897 3800 eventuum
1913 3747 2134 3805 annotamus.
2186 3737 2256 3807 Sed
2275 3741 2357 3832 quia
2373 3742 2434 3810 illa
2445 3738 2527 3812 Cel-

1538 3842 1652 3898 tarum
1677 3831 1851 3920 expeditio
1882 3833 1922 3900 in
1948 3831 2083 3903 ltaliam
2114 3862 2188 3906 aron
2220 3840 2338 3917 brevis
2368 3843 2453 3929 fuit,
2493 3858 2528 3915 et

1536 3952 1744 4018 magnarum
1774 3935 2010 4004 mutationum
2036 3950 2070 4005 et
2092 3939 2286 4008 multorum
2312 3943 2527 4032 praeliorum

1537 4053 1639 4100 causa
1670 4029 1756 4114 fuit,
1797 4033 1933 4124 aliquid
1963 4038 2064 4105 etde
2092 4053 2195 4128 gente
2221 4043 2322 4112 etde
2346 4044 2526 4113 occasione

1537 4130 1768 4223 expeditionis
1789 4133 1928 4206 addam.

1638 4246 1920 4320 VeteresGraeci
1935 4253 2112 4341 regionem
2129 4259 2172 4326 ad
2187 4254 2294 4350 Alpes
2308 4259 2416 4342 sitam,
2441 4281 2520 4328 ver-

1537 4344 1786 4420 susOceanum
1798 4350 2114 4444 septentrionalem
2131 4354 2435 4431 etOccidentalem
2448 4383 2522 4431 uno

1536 4449 1681 4519 nomine
1702 4449 1872 4523 Celticam
1902 4456 2153 4544 nominarunt,
2193 4459 2371 4543 videlicet,
2412 4473 2522 4531 totam
2551 4462 2555 4470 ’

1537 4571 1636 4619 oram
1651 4550 1696 4620 ab
1711 4548 1856 4621 Oceano
1874 4548 2099 4628 Occidentali
2115 4562 2157 4628 ad
2172 4556 2384 4653 Hercyniam
2400 4585 2523 4656 usque.
2616 4650 2618 4653 Ι

1535 4649 1675 4722 Deinde
1699 4651 1744 4720 ab
1765 4650 1945 4747 Hercynia
1975 4682 2096 4729 versus
2113 4655 2297 4730 Orientem
2324 4686 2398 4732 uno
2422 4687 2526 4732 voca-

1536 4752 1621 4823 bulo
1639 4751 1831 4825 Sarmatias
1852 4757 2098 4846 nominarunt,
2136 4760 2201 4829 etsi
2224 4761 2359 4832 vicinas
2388 4764 2525 4857 aliquas

1536 4848 1690 4944 Alpibus
1710 4853 1951 4946 distinguunt,
1986 4859 2028 4932 nt
2049 4859 2172 4946 Boios,
2212 4859 2363 4934 Noricos
2386 4878 2421 4935 et
2439 4865 2523 4934 inde

1517 4950 1727 5048 Paeonios,
1753 4954 1888 5050 Mysos.
1940 4957 2411 5055 lnquitigiturHerodotus,
2436 4965 2527 5034 oriri
2646 4966 2648 4971 ’

1519 5080 1523 5089 ·
1538 5052 1665 5125 istrum
1684 5056 1723 5124 in
1737 5054 1845 5128 Celtis
1861 5072 1895 5130 et
1908 5057 2064 5156 Pyrene,
2087 5065 2183 5157 quod
2199 5059 2306 5136 hodie
2318 5067 2525 5138 nominatur

1536 5154 1587 5247 aff
1597 5158 1651 5230 bet
1665 5157 1761 5245 θαι,
1787 5170 1822 5229 et
1838 5160 2004 5232 dirimere
2017 5167 2183 5237 mediam.

1636 5289 1775 5362 Numen
1791 5317 1873 5362 vero
1888 5289 2022 5375 Κέλτος
2036 5292 2121 5367 esta
2144 5295 2316 5397 γαλάτης.
2367 5296 2418 5372 Ει
2437 5300 2520 5371 seri·

1535 5390 1588 5460 bit
1601 5393 1781 5482 Apianus‚
1805 5415 1842 5460 se
1857 5389 1949 5460 nihil
1965 5397 2009 5463 de
2024 5398 2161 5488 origine
2181 5403 2336 5472 nominis
2356 5416 2418 5473 ant
2437 5423 2521 5491 gen·

1535 5492 1581 5560 tis
1602 5491 1826 5562 verisimilius
1847 5494 2035 5583 reperisse,
2061 5523 2166 5594 quam
2192 5496 2278 5585 hoc,
2305 5504 2401 5596 quod
2415 5499 2521 5595 Poly·

1536 5586 1665 5682 phemo
1695 5592 1735 5659 in
1757 5589 1881 5662 Sicilia
1911 5593 1983 5667 duo
2013 5599 2085 5671 sint
2109 5614 2190 5670 nata
2211 5603 2277 5671 filii
2301 5627 2342 5673 er
2365 5601 2523 5685 Galatea,

1533 5714 1684 5781 quorum
1701 5689 1802 5760 alteri
1818 5691 1925 5766 fuerit
1938 5720 2069 5771 nomen
2083 5694 2264 5797 γαλάτης,
2295 5704 2400 5776 alteri
2422 5704 2523 5776 tetv-
