6025 6775
487 576 562 652 tas
736 553 949 644 scalpra
973 555 1052 630 PH.
1077 552 1194 629 MEL.
1222 550 1291 629 AD
1316 552 1446 630 lllS'l'.
1469 554 1618 643 Phor.
1642 561 1711 642 ET
1735 566 1928 651 anuos,
1953 571 2274 678 aeternnm
2448 587 2524 666 740

414 759 421 768 ’
493 747 587 822 curn
612 723 690 812 non
712 737 827 809 multo
849 744 930 802 ante
952 721 1137 800 Abraham
1159 724 1488 818 victorpepulisset
1537 729 1591 807 Ita
1618 736 1762 811 initium
1790 765 1985 835 regnorum
2007 749 2047 820 in
2069 746 2252 848 Babylona
2272 758 2358 847 luit,
2398 765 2526 853 postea

498 846 693 926 exercitum
713 859 855 926 regum,
880 831 943 924 qui
965 831 1184 899 abduxerant
1207 850 1370 916 magnam
1391 827 1488 899 mul-
1537 837 1624 907 alibi
1644 840 1712 910 alia
1733 856 1811 915 orta
1830 860 1925 918 sunt.
1978 848 2049 922 Sed
2067 851 2165 924 Deus
2185 857 2353 949 singulari
2369 863 2524 935 consilio

498 948 690 1024 titudinem
712 963 754 1008 ex
775 934 846 1005 illis
862 931 1032 1015 urbibus,
1058 952 1164 1022 quam
1181 924 1365 998 Abraham
1380 931 1489 999 redu-
1540 939 1738 1026 societatem
1759 947 1897 1033 generis
1920 942 2074 1023 humaui
2093 955 2145 1027 sic
2167 960 2317 1043 muniit,
2342 976 2382 1035 ut
2394 965 2525 1035 ordine

501 1054 568 1124 xit.
626 1043 679 1116 Ac
701 1059 840 1128 semper
860 1035 899 1103 in
920 1031 994 1101 sola
1015 1025 1171 1134 Ecclesia
1194 1027 1263 1100 Dei
1284 1030 1413 1101 mansit
1433 1032 1489 1101 lex
1540 1039 1689 1111 maxima
1714 1043 1879 1134 imperia,
1917 1073 2008 1143 quae
2049 1050 2369 1134 Monarchias
2405 1067 2524 1136 nomi·

502 1150 625 1223 divina
646 1145 869 1229 incorrupta,
894 1148 935 1205 ut
954 1133 999 1206 sit
1013 1132 1273 1216 testimonium,
1296 1132 1359 1224 qui
1374 1155 1489 1225 popu·
1541 1155 1692 1227 uantur,
1716 1147 1884 1217 constitui
1904 1151 2074 1242 voluerit,
2100 1174 2141 1229 ut
2164 1163 2288 1251 plures
2302 1179 2426 1256 gentes
2439 1149 2523 1236 can.

502 1256 561 1323 lus
573 1248 620 1318 sit
632 1239 799 1314 Ecclesia·
1541 1242 1640 1331 iungi
1668 1259 1828 1334 possent,
1859 1251 2023 1323 etunius
2048 1260 2180 1328 summi
2205 1262 2348 1355 imperii
2368 1267 2525 1360 putentia

607 1380 821 1471 Quanquam
842 1384 959 1442 autem
981 1369 1037 1438 lex
1058 1391 1132 1436 nou
1150 1379 1226 1438 erat
1241 1366 1361 1456 ignota
1376 1369 1491 1459 genti·
1541 1343 1680 1463 saci-lim
1702 1347 1844 1439 tyranni
1869 1350 2090 1468 punirentur.
2140 1355 2195 1431 Ac
2218 1363 2257 1434 in
2280 1368 2368 1458 ipsis
2383 1392 2526 1439 monar-

505 1492 594 1569 bus‚
625 1494 743 1551 tamen
775 1473 859 1568 quia
888 1484 1020 1562 gentes·
1038 1492 1131 1538 nova
1154 1469 1302 1537 numina
1324 1483 1358 1541 et
1379 1494 1490 1541 novo,
1542 1439 1632 1561 chus
1662 1460 1780 1517 exorta
1809 1453 2018 1543 tyrannide,
2040 1479 2181 1574 'summa
2210 1469 2368 1556 potentia
2400 1471 2459 1539 vel
2481 1471 2527 1540 ,d

507 1589 624 1658 cultus
645 1577 843 1667 fingebant,
867 1587 902 1654 et
922 1569 1173 1663 permittebant
1188 1582 1295 1639 tetras
1312 1572 1491 1642 confusio·
1542 1546 1631 1664 ³¹i⁰⁸
1666 1548 1795 1668 duest,
1833 1550 1891 1668 vel
1927 1553 1974 1623 ad
2002 1554 2090 1627 altas
2116 1575 2234 1648 gentes
2262 1568 2431 1640 translata
2462 1582 2530 1644 est.

507 1708 571 1758 nes
598 1681 813 1765 libidinum,
844 1675 949 1743 etiam
979 1694 1065 1739 voce
1095 1670 1181 1757 legis
1209 1671 1492 1761 distinguebam„
1543 1643 1613 1717 Huc
1635 1649 1725 1719 ordo
1746 1674 1979 1742 imperiorum
2001 1669 2037 1727 et
2054 1669 2530 1741 causaemutatiouisconsi-

508 1784 667 1859 Ecclesia
689 1805 709 1850 a
732 1775 876 1848 caeteris
897 1772 1070 1862 gentibus.
1125 1766 1175 1840 Et
1196 1773 1278 1864 quia
1303 1775 1493 1843 damnabat
1544 1749 1719 1867 dfffll‘lst
1742 1767 1856 1870 ⁸⁰⁰1&
1873 1777 1964 1847 quae
1990 1756 2339 1876 comprehenduntur
2369 1770 2407 1839 in
2430 1772 2531 1841 dicto

509 1888 659 1967 scelera,
684 1894 804 1972 gentes
817 1873 1002 1944 saeviciam
1018 1873 1223 1942 exercebant
1237 1873 1275 1940 in
1285 1870 1493 1960 Ecclesiam,
1544 1847 1743 1936 3080030,
1779 1869 1893 1944 capite
1924 1857 2079 1930 decimo:
2116 1858 2279 1956 Regnum
2305 1895 2327 1941 a
2353 1887 2456 1961 gente
2486 1871 2529 1939 in

511 2011 599 2083 quae
617 1999 736 2054 tamen
749 1970 1078 2047 mirabiliteraDeu
1095 1974 1353 2064 protegebatur.
1405 1974 1493 2045 lude
1542 1954 2338 2054 gentemtransferrur,pr0920„3„10,1j,1,„,
2373 2043 2382 2065 Ι

512 2084 663 2174 intelligi
678 2092 801 2173 potest,
828 2072 1239 2170 qualisfueritEcclesia‚
1264 2075 1494 2146 scilicetsub-
1644 2065 1825 2142 Hactenus
1861 2073 2051 2169 iu-primo
2081 2080 2177 2160 libro
2205 2087 2375 2178 complexi
2403 2109 2531 2158 sumus

512 2192 600 2258 iecta
627 2183 742 2272 cruci,
782 2202 861 2247 curn
884 2176 1031 2267 imperia
1061 2189 1222 2245 tenerent
1248 2177 1354 2247 multi
1381 2178 1494 2269 impii,
1546 2168 1637 2238 duos
1665 2171 1904 2262 millenarios,
1955 2178 1995 2248 in
2029 2181 2162 2273 quihus
2199 2186 2392 2259 „ciuntur
2426 2189 2531 2261 inm,

511 2302 554 2360 ut
582 2288 621 2354 in
643 2281 826 2376 Babylone
852 2292 887 2348 et
913 2278 952 2345 in
974 2274 1155 2347 Sodomis.
1210 2274 1348 2347 interea
1378 2292 1496 2349 tamen
1546 2271 1674 2339 mundi
1703 2287 1738 2346 et
1765 2277 1902 2366 generis
1929 2273 2092 2367 humani,
2124 2299 2159 2354 et
2182 2287 2321 2378 primae
2340 2285 2530 2362 Ecclesiae.

512 2388 610 2460 Deus
631 2383 784 2456 ostendit
805 2376 1005 2450 testimonia
1029 2400 1111 2446 arrae
1132 2379 1350 2467 praescntiae
1372 2380 1409 2448 in
1425 2378 1495 2450 Ec·
1545 2367 1633 2442 Post
1659 2374 1837 2447 diluvium
1867 2381 2050 2470 posteritas
2074 2379 2217 2473 Nohae,
2246 2413 2268 2459 a
2295 2415 2367 2483 quo
2397 2391 2530 2461 iterum
2572 2383 2576 2391 ’

513 2490 618 2561 clesia
630 2483 804 2555 mirandis
816 2478 1107 2564 liberationibus,
1131 2492 1170 2549 ut
1184 2480 1312 2553 docent
1326 2474 1495 2553 historiae
1549 2488 1780 2563 propagatum
1803 2491 1854 2549 est
1873 2475 2088 2569 humanum,
2111 2500 2145 2556 et
2158 2511 2222 2578 per
2235 2513 2316 2560 eum
2333 2491 2530 2561 instaurata

514 2583 679 2661 Abrahae
694 2598 728 2655 et
741 2576 850 2655 Loth.
1528 2599 1530 2606 ’
1547 2569 1716 2646 Ecclesia.
1765 2576 1813 2651 Ει
1829 2581 1957 2652 deiude
1972 2607 2035 2675 per
2051 2585 2125 2657 eius
2139 2604 2367 2684 pronepotem
2387 2585 2532 2662 Nem·

848 2681 851 2686 '
1548 2668 1634 2744 rod
1651 2670 1816 2750 inchoata
1828 2681 1942 2753 forma
1957 2685 2110 2779 imperii.

821 2777 884 2846 De
910 2774 1130 2846 Menarchi
1138 2778 1183 2847 is.
1649 2791 1767 2891 Atque
1799 2783 1990 2873 haec'sunt
2013 2804 2118 2876 initia
2140 2803 2272 2898 primae
2289 2777 2533 2897 monarchiae,

393 2967 403 2976 -
616 2918 667 2994 Ut
684 2940 821 3008 semper
842 2916 882 2985 in
901 2911 1063 3008 historiis
1083 2920 1324 3011 quaerendum
1342 2932 1411 3005 cst,
1433 2917 1495 2990 ubl
1549 2918 1638 2987 quae
1659 2910 1778 2967 tamen
1799 2900 1914 2971 varias
1935 2903 2028 2973 vices
2049 2901 2188 2982 habuit.
2239 2905 2533 3010 Namapostaris

408 3073 412 3078 -
514 3040 548 3098 et
565 3045 654 3118 quae
668 3017 825 3091 Ecclesia
840 3014 907 3088 Dei
924 3017 962 3084 in
980 3040 1105 3105 genere
1122 3013 1279 3090 humano
1296 3022 1419 3091 suerit,
1447 3023 1496 3092 513,
1548 2992 1662 3066 Cham
1679 3010 1763 3121 post·
1776 3022 1887 3071 annos
1907 3004 1980 3073 lere
1996 3008 2167 3078 ducentos
2181 3009 2349 3128 translata
2364 3026 2414 3082 err
2427 3035 2532 3082 sum.

375 3123 379 3141 ⁸
513 3143 549 3200 et
572 3124 678 3195 series
698 3119 931 3210 imperiorum
953 3120 1210 3190 consideranda
1234 3135 1301 3207 est,
1327 3145 1417 3213 quae
1433 3148 1497 3191 vo·
1548 3122 1605 3215 ¹¹]ss
1627 3113 1784 3191 901011112
1805 3103 1849 3218 ad
1870 3118 2029 3196 posteros
2050 3105 2153 3225 Sem,
2178 3109 2344 3226 prdelscet
2364 3113 2407 3181 ad
2420 3109 2534 3207 Assy.

511 3228 582 3299 luit
596 3222 694 3296 Deus
710 3220 877 3292 constitui
891 3230 924 3288 ct
937 3219 1143 3312 disciplinae
1157 3243 1280 3306 causa,
1305 3235 1339 3293 et
1352 3238 1498 3316 propter
1549 3222 1630 3285 ¹¹⁰⁵,
1656 3224 1737 3269 ⁰11¹ss
1756 3196 1807 3275 N
1808 3213 1912 3324 thus
1935 3206 2293 3330 conderetNrnrvent·
2324 3209 2447 3283 Prima
2463 3213 2531 3330 igi-

319 3307 327 3315 ¹
431 3327 438 3336 ’
514 3326 757 3400 defensionem
779 3320 976 3393 communis
999 3320 1184 3397 societatis.
1246 3321 1336 3394 Nam
1360 3325 1389 3394 si
1412 3326 1494 3395 mali
1549 3314 1607 3370 tur
1621 3299 1827 3423 monarchia
1841 3307 1927 3377 abas
1945 3298 2207 3398 Chaldaea,
2231 3314 2312 3430 alus
2330 3308 2532 3411 Assyria

515 3454 590 3501 ¹¹⁰⁰
605 3427 903 3520 reprimerentur,
927 3423 987 3491 ⁸⁰d
1003 3423 1149 3514 impune
1164 3441 1329 3517 raperent
1343 3427 1494 3498 aliorum
1549 3420 1763 3521 nominatur·
1811 3402 1859 3478 Et
1880 3406 2082 3501 Xenophon
2105 3428 2197 3485 recte
2220 3415 2363 3499 scribit,
2396 3416 2532 3513 primos
2559 3469 2563 3477 -

514 3553 591 3614 τιὸ,
615 3529 798 3616 coniuges,
822 3525 914 3593 tilios
934 3536 968 3594 et
987 3523 1098 3608 filias,
1123 3538 1158 3595 et
1173 3527 1388 3599 trucidarent
1407 3552 1495 3622 quos
1548 3500 1735 3576 h⁰m¹1¹um
1748 3503 1946 3582 Chaldaeos
1959 3512 2029 3583 late
2043 3537 2216 3605 regnasse.

515 3630 666 3714 vellent,
690 3628 790 3697 nulla
811 3637 928 3718 posset
944 3648 1086 3694 manere
1105 3619 1252 3697 honesta
1268 3631 1414 3701 societas
1430 3627 1495 3699 ho.

512 3724 1495 3925 llll,ittsstttdttltttttttt‘ttta
1603 3771 1886 3910 ⁸0⁰¹¹¹¹l¹¹⁸
1915 3780 2054 3866 ”ber
2083 3778 2475 3879 ⁰hr⁰n¹⁰0run

512 3957 593 4004 ⁰⁰¹ss
610 3930 801 4001 m⁰¹¹i²⁰d⁰
817 3929 992 4009 “elima
1019 3925 1436 4037 01P¹¹¹f⁰⁸⁸⁵⁵031¹i¹¹¹³¹5s
1462 3949 1496 4007 el
1546 3940 1662 4023 Anno
1675 3973 1695 4021 a
1707 3954 1851 4025 condito
1860 3958 1995 4029 mundo
2007 3959 2121 4038 2007.
2135 3977 2296 4036 mortuus
2306 3977 2358 4037 est
2378 3957 2429 4037 N
2431 3954 2534 4038 oha.

512 4048 631 4107 sontes
645 4028 816 4102 haberent
830 4030 941 4099 socios
956 4043 990 4101 et
1004 4042 1182 4122 receptus,
1206 4029 1304 4104 Deus
1317 4027 1386 4102 hoc
1399 4058 1494 4105 novo
1546 4049 1685 4123 Deinde
1705 4057 1883 4126 „mimo
1897 4082 2000 4131 „nno
2017 4059 2202 4135 Abraham
2222 4091 2301 4138 cum
2322 4065 2439 4136 sm„
2455 4065 2535 4134 filio

511 4135 662 4209 consilio
683 4131 813 4204 muniit
834 4130 1054 4217 societatem,
1079 4132 1243 4204 videlicet
1264 4134 1412 4205 excitato
1428 4136 1495 4205 du·
1546 4148 1654 4238 Loth,
1677 4156 1775 4226 venit
1791 4179 1831 4226 εχ
1847 4154 1971 4230 Hm„
1986 4159 2191 4249 insichem,
2215 4167 2276 4236 „hp
2292 4186 2377 4256 qn„
2391 4164 2554 4236 fuerim.

511 4263 569 4323 ce,
595 4235 658 4331 qui
674 4233 781 4305 armis
798 4245 831 4302 et
845 4232 1029 4324 praesidiis
1044 4228 1245 4354 coherceret
1258 4237 1429 4355 populos,
1451 4260 1495 4306 ue
1546 4277 1735 4325 ,erumnae
1755 4259 2082 4348 peregrinffionum
2102 4268 2192 4351 eim,
2213 4276 2245 4333 e,
2265 4262 2402 4354 qum
2418 4261 2537 4333 ,oue-

472 4412 481 4425 ·
510 4337 698 4411 ¹³¹¹⁰⁰i⁰i³
720 4344 941 4414 ‘mmm’
976 4344 1011 4401 ²¹
1032 4347 1072 4403 ¹¹⁸
1093 4336 1137 4405 ad
1159 4337 1291 4407 ¹ud¹⁶¹³
1312 4351 1346 4408 0¹
1366 4361 1496 4429 P⁰i³¹¹as
1548 4355 1637 4446 gerit
1654 4352 1868 4444 Ecclesiam,
1892 4367 2089 4438 ostendunt
2109 4362 2324 4437 narrationes
2343 4362 2385 4431 in
2398 4359 2536 4435 Moise.

511 4442 547 4510 Vi
576 4433 812 4510 ‘'ihi“fflffl
871 4430 1044 4526 Ad²⁰q⁰⁸
1072 4435 1141 4506 ⁰3¹⁰
1173 4438 1284 4508 “evit
1308 4432 1496 4509 hminum
1549 4454 1601 4527 Ac
1623 4447 1694 4524 iam
1715 4457 1754 4528 in
1769 4456 1914 4555 Assyria
1930 4479 1964 4537 et
1977 4463 2159 4563 Babylone
2171 4460 2416 4535 monarchiam
2431 4477 2535 4537 tens·

508 4542 650 4612 malicia
681 4540 822 4609 vivente
845 4528 962 4605 adhuc
982 4529 1106 4621 Noha,
1137 4550 1179 4608 ut
1203 4538 1340 4609 circiter
1362 4552 1496 4609 annum
1546 4558 1607 4626 h„
1626 4553 1713 4627 Νῑῃῑ
1738 4560 1832 4631 filiu,
1856 4578 1937 4654 po„
1964 4549 2414 4639 maffimssempmmfflm
2470 4563 2536 4651 'A‘

510 4643 740 4712 centesimum
772 4651 853 4729 post
883 4634 1123 4755 diuviuinff
1151 4638 1259 4723 turris
1279 4637 1496 4757 Eabylonica
1546 4657 1725 4747 ,iugulare
1741 4673 1915 4753 “potem
1931 4662 2076 4756 „gnum
2092 4666 2131 4734 5„
2145 4661 2308 4761 Aegypm
2324 4690 2397 4737 „se
2410 4690 2540 4761 ,oepe-

510 4743 653 4810 condita
677 4741 740 4823 sit,
772 4751 807 4807 et
827 4748 986 4826 gentium
1005 4737 1134 4807 drvrsro
1154 4740 1245 4808 iacta
1267 4753 1331 4825 nt,
1357 4754 1391 4810 et
1414 4764 1496 4811 mox
1547 4771 1621 4844 m,
1653 4760 1717 4830 ub,
1738 4785 1861 4852 „gum
1883 4767 2079 4839 communi,
2101 4768 2292 4860 ”munio
2311 4782 2385 4839 m,
2403 4760 2443 4837 Ρ
2445 4762 2476 4836 1,
2485 4794 2540 4841 a·

509 4839 667 4910 Nemrod
689 4837 877 4926 imperium
896 4836 1002 4904 armis
1017 4839 1231 4909 constituere
1247 4839 1387 4931 ceperit·
1438 4826 1497 4913 Si·
1549 4881 1652 4944 ran,
1684 4885 1704 4932 a
1734 4863 1895 4939 libertate
1923 4880 2071 4960 sumpta.
2129 4867 2221 4939 Nam
2253 4862 2539 4942 Pharaonis

510 4941 654 5030 gnificat
690 4949 807 5007 autem
836 4932 993 5004 Nemrod
1028 4961 1188 5009 amarum
1227 4940 1498 5030 dominatorem,
1548 4952 1899 5053 significatlibem'

510 5043 594 5136 quia
624 5035 710 5111 haec
740 5037 853 5106 forma
881 5036 1023 5126 imperii
1054 5040 1123 5112 tuit
1146 5042 1358 5130 terribilior,
1391 5066 1497 5137 quam

507 5157 611 5215 ,nm
628 5154 775 5235 pawn,
789 5138 971 5208 ,mmm
1652 5081 1806 5175 Attingit
1830 5080 1947 5161 autem
1969 5082 2119 5161 historia
2135 5087 2328 5162 Isra'e'litica
2348 5110 2403 5161 res
2423 5104 2541 5178 gestas

1550 5203 1570 5250 a
1609 5185 1752 5274 regibus
1780 5185 2028 5285 Babylonicis,
2084 5191 2241 5284 Assyriis
2273 5204 2308 5261 et
2340 5191 2540 5282 Aegyptiis.

605 5272 655 5348 Et
696 5272 902 5347 nominatur
945 5269 1110 5342 Venator
1153 5296 1276 5346 corum
1315 5271 1498 5368 Domino,
1552 5280 1635 5354 lden
1657 5286 1810 5358 recitabo
1832 5305 2005 5382 quantum
2025 5294 2298 5382 extatderegno
2315 5287 2540 5387 Babylonico

488 5380 589 5478 *quia
630 5390 665 5448 et
699 5378 792 5446 ieras
826 5386 861 5442 et
892 5375 1048 5444 latrones
1082 5375 1192 5463 cepit,
1232 5391 1266 5447 et
1292 5401 1312 5447 a
1335 5372 1420 5449 Deo
1441 5403 1500 5450 ar·
1551 5379 1768 5478 etAssyrio,
1792 5391 1891 5459 utin
1912 5394 2036 5464 multis
2053 5389 2214 5468 historiis
2230 5396 2319 5463 ordo
2336 5408 2542 5486 temporum

501 5499 619 5555 rrnrtus
647 5491 700 5550 est
723 5475 852 5546 robore
884 5488 919 5547 et
946 5473 1184 5558 successibus,
1222 5491 1262 5547 ut
1286 5481 1500 5553 constituere
1551 5484 1677 5554 melius
1703 5489 1866 5575 cognosci
1895 5494 2028 5585 possit,
2058 5508 2093 5566 et
2122 5490 2183 5565 hic
2208 5516 2351 5590 quoque
2372 5509 2544 5569 cernatur

499 5584 699 5658 durabilem
730 5575 875 5670 imperii
904 5574 1056 5645 formam
1080 5573 1236 5661 legibus,
1269 5576 1432 5668 iudiciis,
1466 5595 1502 5653 et
1535 5583 1741 5675 'antiquitas
1776 5588 1897 5680 stirpis
1936 5589 2170 5681 lsraiiliticae,
2219 5609 2256 5668 et
2283 5595 2546 5684 consideretur,

496 5687 699 5776 praesidiis,
725 5696 759 5755 et
780 5694 899 5751 sontes
921 5676 958 5744 vi
981 5668 1120 5779 trahere
1142 5675 1189 5745 ad
1210 5701 1344 5769 poenas
1367 5695 1499 5777 posset.
1520 5689 1528 5776 l
1549 5685 1727 5776 quomodo
1743 5684 1901 5767 Ecclesia
1922 5709 1957 5770 et
1977 5697 2116 5771 duriter
2131 5698 2176 5770 ab
2194 5696 2362 5769 omuibus
2376 5712 2546 5791 quassata
