<?xml version="1.0" encoding="UTF-8"?>
<!DOCTYPE html PUBLIC "-//W3C//DTD XHTML 1.0 Transitional//EN"
    "http://www.w3.org/TR/xhtml1/DTD/xhtml1-transitional.dtd">
<html xmlns="http://www.w3.org/1999/xhtml" xml:lang="en" lang="en">
 <head>
  <title>
</title>
<meta http-equiv="Content-Type" content="text/html;charset=utf-8" />
  <meta name='ocr-system' content='tesseract 3.04.00' />
  <meta name='ocr-capabilities' content='ocr_page ocr_carea ocr_par ocr_line ocrx_word'/>
</head>
<body>
  <div class='ocr_page' id='page_1' title='image "./philippimelanth12melagoog/philippimelanth12melagoog_0051.png"; bbox 0 0 6025 6775; ppageno 0'>
   <div class='ocr_carea' id='block_1_1' title="bbox 385 624 2402 732">
    <p class='ocr_par' dir='ltr' id='par_1_1' title="bbox 385 624 2402 732">
     <span class='ocr_line' id='line_1_1' title="bbox 385 624 2402 732; baseline 0.012 -26"><span class='ocrx_word' id='word_1_1' title='bbox 385 651 430 732; x_wconf 62' lang='lat' dir='ltr'>a,</span> <span class='ocrx_word' id='word_1_2' title='bbox 960 632 1119 714; x_wconf 80' lang='lat' dir='ltr'>naen</span> <span class='ocrx_word' id='word_1_3' title='bbox 1157 628 1232 711; x_wconf 82' lang='lat' dir='ltr'>nn</span> <span class='ocrx_word' id='word_1_4' title='bbox 1264 628 1598 712; x_wconf 79' lang='lat' dir='ltr'>nacutrarn</span> <span class='ocrx_word' id='word_1_5' title='bbox 1629 629 1831 715; x_wconf 78' lang='lat' dir='ltr'>anser.</span> <span class='ocrx_word' id='word_1_6' title='bbox 1873 645 1888 657; x_wconf 86' lang='lat'><em>·</em></span> <span class='ocrx_word' id='word_1_7' title='bbox 1996 624 1999 630; x_wconf 79' lang='grc'><strong>’</strong></span> <span class='ocrx_word' id='word_1_8' title='bbox 2351 633 2402 730; x_wconf 81' lang='lat' dir='ltr'>se&#39;</span> 
     </span>
    </p>
   </div>
   <div class='ocr_carea' id='block_1_2' title="bbox 330 804 2480 5908">
    <p class='ocr_par' dir='ltr' id='par_1_2' title="bbox 376 804 2395 2717">
     <span class='ocr_line' id='line_1_2' title="bbox 484 804 2395 920; baseline 0.004 -30"><span class='ocrx_word' id='word_1_9' title='bbox 484 816 582 896; x_wconf 88' lang='lat' dir='ltr'>Utile</span> <span class='ocrx_word' id='word_1_10' title='bbox 604 828 659 888; x_wconf 89' lang='lat' dir='ltr'>est</span> <span class='ocrx_word' id='word_1_11' title='bbox 681 826 801 887; x_wconf 86' lang='lat' dir='ltr'>autern</span> <span class='ocrx_word' id='word_1_12' title='bbox 817 804 1000 892; x_wconf 86' lang='lat' dir='ltr'>omnibus,</span> <span class='ocrx_word' id='word_1_13' title='bbox 1022 829 1125 901; x_wconf 90' lang='lat' dir='ltr'>saepe</span> <span class='ocrx_word' id='word_1_14' title='bbox 1140 806 1364 903; x_wconf 87' lang='lat' dir='ltr'>multumque</span> <span class='ocrx_word' id='word_1_15' title='bbox 1415 830 1501 898; x_wconf 89' lang='lat' dir='ltr'>pum</span> <span class='ocrx_word' id='word_1_16' title='bbox 1524 808 1657 878; x_wconf 85' lang='lat' dir='ltr'>virtute</span> <span class='ocrx_word' id='word_1_17' title='bbox 1679 820 1906 899; x_wconf 68' lang='lat' dir='ltr'><strong>propagatam</strong></span> <span class='ocrx_word' id='word_1_18' title='bbox 1929 835 2018 899; x_wconf 88' lang='lat' dir='ltr'>esse,</span> <span class='ocrx_word' id='word_1_19' title='bbox 2060 811 2159 889; x_wconf 87' lang='lat' dir='ltr'>Otho</span> <span class='ocrx_word' id='word_1_20' title='bbox 2188 823 2311 895; x_wconf 89' lang='lat' dir='ltr'>tertius&#39;</span> <span class='ocrx_word' id='word_1_21' title='bbox 2332 828 2395 920; x_wconf 86' lang='lat' dir='ltr'>qui</span> 
     </span>
     <span class='ocr_line' id='line_1_3' title="bbox 385 907 2393 1003; baseline 0.002 -9"><span class='ocrx_word' id='word_1_22' title='bbox 385 921 605 994; x_wconf 83' lang='lat' dir='ltr'>considerare</span> <span class='ocrx_word' id='word_1_23' title='bbox 627 913 880 987; x_wconf 69' lang='lat' dir='ltr'>successionem</span> <span class='ocrx_word' id='word_1_24' title='bbox 898 909 1150 1001; x_wconf 90' lang='lat' dir='ltr'>imperiorum,</span> <span class='ocrx_word' id='word_1_25' title='bbox 1184 912 1364 1003; x_wconf 87' lang='lat' dir='ltr'>quomodo</span> <span class='ocrx_word' id='word_1_26' title='bbox 1415 908 1504 979; x_wconf 90' lang='lat' dir='ltr'>sdeo</span> <span class='ocrx_word' id='word_1_27' title='bbox 1517 907 1681 979; x_wconf 74' lang='lat' dir='ltr'>excelluit</span> <span class='ocrx_word' id='word_1_28' title='bbox 1695 909 1886 999; x_wconf 90' lang='lat' dir='ltr'>sapientia,</span> <span class='ocrx_word' id='word_1_29' title='bbox 1914 927 1955 983; x_wconf 90' lang='lat' dir='ltr'>nt</span> <span class='ocrx_word' id='word_1_30' title='bbox 1975 939 2105 986; x_wconf 84' lang='lat' dir='ltr'>nornen</span> <span class='ocrx_word' id='word_1_31' title='bbox 2128 920 2160 987; x_wconf 92' lang='lat' dir='ltr'>ei</span> <span class='ocrx_word' id='word_1_32' title='bbox 2184 926 2393 999; x_wconf 88' lang='lat' dir='ltr'>attributum</span> 
     </span>
     <span class='ocr_line' id='line_1_4' title="bbox 383 1003 2394 1106; baseline 0.003 -12"><span class='ocrx_word' id='word_1_33' title='bbox 383 1019 480 1095; x_wconf 84' lang='lat' dir='ltr'>Ileus</span> <span class='ocrx_word' id='word_1_34' title='bbox 503 1003 713 1093; x_wconf 87' lang='lat' dir='ltr'>custodierit</span> <span class='ocrx_word' id='word_1_35' title='bbox 731 1034 838 1104; x_wconf 79' lang='lat' dir='ltr'>gmns</span> <span class='ocrx_word' id='word_1_36' title='bbox 855 1004 1073 1091; x_wconf 83' lang='lat' dir='ltr'>humanum,</span> <span class='ocrx_word' id='word_1_37' title='bbox 1098 1022 1135 1082; x_wconf 93' lang='lat' dir='ltr'>et</span> <span class='ocrx_word' id='word_1_38' title='bbox 1155 1011 1285 1081; x_wconf 78' lang='lat' dir='ltr'>rexerit</span> <span class='ocrx_word' id='word_1_39' title='bbox 1311 1011 1365 1082; x_wconf 88' lang='lat' dir='ltr'>le·</span> <span class='ocrx_word' id='word_1_40' title='bbox 1413 1008 1479 1094; x_wconf 92' lang='lat' dir='ltr'>sit,</span> <span class='ocrx_word' id='word_1_41' title='bbox 1504 1008 1682 1088; x_wconf 85' lang='lat' dir='ltr'>mirabilia</span> <span class='ocrx_word' id='word_1_42' title='bbox 1705 1010 1848 1093; x_wconf 84' lang='lat' dir='ltr'>mundi,</span> <span class='ocrx_word' id='word_1_43' title='bbox 1874 1006 1966 1086; x_wconf 89' lang='lat' dir='ltr'>hanc</span> <span class='ocrx_word' id='word_1_44' title='bbox 1981 1018 2275 1106; x_wconf 36' lang='lat' dir='ltr'>,coniunctionem</span> <span class='ocrx_word' id='word_1_45' title='bbox 2300 1051 2394 1101; x_wconf 92' lang='lat' dir='ltr'>novo</span> 
     </span>
     <span class='ocr_line' id='line_1_5' title="bbox 383 1109 1746 1213; baseline -0.008 -21"><span class='ocrx_word' id='word_1_46' title='bbox 383 1123 508 1213; x_wconf 90' lang='lat' dir='ltr'>gibus,</span> <span class='ocrx_word' id='word_1_47' title='bbox 539 1133 577 1189; x_wconf 91' lang='lat' dir='ltr'>et</span> <span class='ocrx_word' id='word_1_48' title='bbox 601 1112 847 1207; x_wconf 80' lang='lat' dir='ltr'>compescuerit</span> <span class='ocrx_word' id='word_1_49' title='bbox 868 1124 1042 1206; x_wconf 85' lang='lat' dir='ltr'>tyrannos</span> <span class='ocrx_word' id='word_1_50' title='bbox 1064 1125 1099 1184; x_wconf 89' lang='lat' dir='ltr'>et</span> <span class='ocrx_word' id='word_1_51' title='bbox 1124 1112 1280 1183; x_wconf 90' lang='lat' dir='ltr'>latrones</span> <span class='ocrx_word' id='word_1_52' title='bbox 1301 1136 1366 1204; x_wconf 87' lang='lat' dir='ltr'>per-</span> <span class='ocrx_word' id='word_1_53' title='bbox 1413 1110 1562 1180; x_wconf 88' lang='lat' dir='ltr'>consilio</span> <span class='ocrx_word' id='word_1_54' title='bbox 1578 1109 1746 1181; x_wconf 88' lang='lat' dir='ltr'>munivit.</span> 
     </span>
     <span class='ocr_line' id='line_1_6' title="bbox 383 1206 2390 1317; baseline 0.004 -24"><span class='ocrx_word' id='word_1_55' title='bbox 383 1237 544 1317; x_wconf 88' lang='lat' dir='ltr'>quatuor</span> <span class='ocrx_word' id='word_1_56' title='bbox 558 1210 783 1299; x_wconf 85' lang='lat' dir='ltr'>monarchias,</span> <span class='ocrx_word' id='word_1_57' title='bbox 800 1212 986 1304; x_wconf 88' lang='lat' dir='ltr'>sapientia,</span> <span class='ocrx_word' id='word_1_58' title='bbox 1010 1211 1142 1284; x_wconf 84' lang='lat' dir='ltr'>virtute</span> <span class='ocrx_word' id='word_1_59' title='bbox 1156 1226 1191 1283; x_wconf 92' lang='lat' dir='ltr'>et</span> <span class='ocrx_word' id='word_1_60' title='bbox 1204 1213 1363 1304; x_wconf 88' lang='lat' dir='ltr'>potentia</span> <span class='ocrx_word' id='word_1_61' title='bbox 1512 1206 1745 1283; x_wconf 81' lang='lat' dir='ltr'>Adsentiente</span> <span class='ocrx_word' id='word_1_62' title='bbox 1757 1208 1925 1283; x_wconf 89' lang='lat' dir='ltr'>Romano</span> <span class='ocrx_word' id='word_1_63' title='bbox 1940 1211 2110 1289; x_wconf 82' lang='lat' dir='ltr'>Pontifice</span> <span class='ocrx_word' id='word_1_64' title='bbox 2125 1224 2325 1313; x_wconf 90' lang='lat' dir='ltr'>constituit,</span> <span class='ocrx_word' id='word_1_65' title='bbox 2349 1244 2390 1302; x_wconf 93' lang='lat' dir='ltr'>ut</span> 
     </span>
     <span class='ocr_line' id='line_1_7' title="bbox 381 1307 2390 1406; baseline 0.004 -13"><span class='ocrx_word' id='word_1_66' title='bbox 381 1323 591 1393; x_wconf 83' lang='lat' dir='ltr'>excellentes</span> <span class='ocrx_word' id='word_1_67' title='bbox 613 1316 650 1382; x_wconf 91' lang='lat' dir='ltr'>in</span> <span class='ocrx_word' id='word_1_68' title='bbox 672 1337 800 1404; x_wconf 77' lang='lat' dir='ltr'>genere</span> <span class='ocrx_word' id='word_1_69' title='bbox 820 1307 997 1397; x_wconf 89' lang='lat' dir='ltr'>humano,</span> <span class='ocrx_word' id='word_1_70' title='bbox 1031 1336 1179 1406; x_wconf 88' lang='lat' dir='ltr'>quarum</span> <span class='ocrx_word' id='word_1_71' title='bbox 1207 1313 1363 1406; x_wconf 79' lang='lat' dir='ltr'>picturas</span> <span class='ocrx_word' id='word_1_72' title='bbox 1412 1307 1578 1403; x_wconf 79' lang='lat' dir='ltr'>deinceps</span> <span class='ocrx_word' id='word_1_73' title='bbox 1600 1335 1739 1403; x_wconf 85' lang='lat' dir='ltr'>semper</span> <span class='ocrx_word' id='word_1_74' title='bbox 1760 1312 1966 1384; x_wconf 90' lang='lat' dir='ltr'>coniunctae</span> <span class='ocrx_word' id='word_1_75' title='bbox 1989 1332 2102 1390; x_wconf 87' lang='lat' dir='ltr'>essent</span> <span class='ocrx_word' id='word_1_76' title='bbox 2124 1317 2225 1393; x_wconf 90' lang='lat' dir='ltr'>Italia</span> <span class='ocrx_word' id='word_1_77' title='bbox 2243 1341 2278 1397; x_wconf 91' lang='lat' dir='ltr'>et</span> <span class='ocrx_word' id='word_1_78' title='bbox 2295 1328 2390 1401; x_wconf 88' lang='lat' dir='ltr'>Ger·</span> 
     </span>
     <span class='ocr_line' id='line_1_8' title="bbox 380 1409 2390 1521; baseline 0.004 -30"><span class='ocrx_word' id='word_1_79' title='bbox 380 1419 487 1491; x_wconf 84' lang='lat' dir='ltr'>Deus</span> <span class='ocrx_word' id='word_1_80' title='bbox 500 1440 565 1489; x_wconf 86' lang='lat' dir='ltr'>esse</span> <span class='ocrx_word' id='word_1_81' title='bbox 577 1414 681 1484; x_wconf 88' lang='lat' dir='ltr'>nohis</span> <span class='ocrx_word' id='word_1_82' title='bbox 694 1413 882 1507; x_wconf 77' lang='lat' dir='ltr'>proposuit</span> <span class='ocrx_word' id='word_1_83' title='bbox 897 1414 936 1482; x_wconf 91' lang='lat' dir='ltr'>in</span> <span class='ocrx_word' id='word_1_84' title='bbox 951 1409 1121 1497; x_wconf 78' lang='lat' dir='ltr'>Daniele,</span> <span class='ocrx_word' id='word_1_85' title='bbox 1143 1436 1234 1506; x_wconf 89' lang='lat' dir='ltr'>quae</span> <span class='ocrx_word' id='word_1_86' title='bbox 1246 1413 1363 1504; x_wconf 91' lang='lat' dir='ltr'>pictu·</span> <span class='ocrx_word' id='word_1_87' title='bbox 1411 1411 1548 1497; x_wconf 89' lang='lat' dir='ltr'>mania,</span> <span class='ocrx_word' id='word_1_88' title='bbox 1573 1425 1608 1482; x_wconf 87' lang='lat' dir='ltr'>et</span> <span class='ocrx_word' id='word_1_89' title='bbox 1624 1426 1665 1484; x_wconf 88' lang='lat' dir='ltr'>ut</span> <span class='ocrx_word' id='word_1_90' title='bbox 1679 1412 1718 1482; x_wconf 92' lang='lat' dir='ltr'>iu</span> <span class='ocrx_word' id='word_1_91' title='bbox 1730 1409 1922 1485; x_wconf 84' lang='lat' dir='ltr'>Germanis</span> <span class='ocrx_word' id='word_1_92' title='bbox 1938 1430 2069 1508; x_wconf 84' lang='lat' dir='ltr'>septem</span> <span class='ocrx_word' id='word_1_93' title='bbox 2084 1439 2197 1494; x_wconf 88' lang='lat' dir='ltr'>essent</span> <span class='ocrx_word' id='word_1_94' title='bbox 2206 1422 2390 1521; x_wconf 86' lang='lat' dir='ltr'>Principes</span> 
     </span>
     <span class='ocr_line' id='line_1_9' title="bbox 383 1506 2390 1608; baseline 0 -17"><span class='ocrx_word' id='word_1_95' title='bbox 383 1545 448 1591; x_wconf 91' lang='lat' dir='ltr'>rae</span> <span class='ocrx_word' id='word_1_96' title='bbox 463 1517 680 1604; x_wconf 85' lang='lat' dir='ltr'>distinguunt</span> <span class='ocrx_word' id='word_1_97' title='bbox 694 1516 799 1586; x_wconf 91' lang='lat' dir='ltr'>etiam</span> <span class='ocrx_word' id='word_1_98' title='bbox 815 1514 982 1585; x_wconf 90' lang='lat' dir='ltr'>virtutem</span> <span class='ocrx_word' id='word_1_99' title='bbox 995 1526 1030 1585; x_wconf 89' lang='lat' dir='ltr'>et</span> <span class='ocrx_word' id='word_1_100' title='bbox 1043 1514 1222 1584; x_wconf 72' lang='lat' dir='ltr'>fontanam</span> <span class='ocrx_word' id='word_1_101' title='bbox 1238 1513 1362 1604; x_wconf 89' lang='lat' dir='ltr'>singn-</span> <span class='ocrx_word' id='word_1_102' title='bbox 1409 1506 1599 1598; x_wconf 81' lang='lat' dir='ltr'>Electores,</span> <span class='ocrx_word' id='word_1_103' title='bbox 1624 1513 1686 1608; x_wconf 90' lang='lat' dir='ltr'>qni</span> <span class='ocrx_word' id='word_1_104' title='bbox 1701 1514 1871 1601; x_wconf 87' lang='lat' dir='ltr'>eligerent</span> <span class='ocrx_word' id='word_1_105' title='bbox 1878 1513 2012 1605; x_wconf 81' lang='lat' dir='ltr'>Regem</span> <span class='ocrx_word' id='word_1_106' title='bbox 2023 1514 2273 1595; x_wconf 88' lang='lat' dir='ltr'>Germanicum</span> <span class='ocrx_word' id='word_1_107' title='bbox 2282 1526 2390 1600; x_wconf 91' lang='lat' dir='ltr'>Prin.</span> 
     </span>
     <span class='ocr_line' id='line_1_10' title="bbox 380 1612 2387 1707; baseline 0.006 -18"><span class='ocrx_word' id='word_1_108' title='bbox 380 1622 497 1690; x_wconf 92' lang='lat' dir='ltr'>Iornm</span> <span class='ocrx_word' id='word_1_109' title='bbox 512 1617 754 1707; x_wconf 80' lang='lat' dir='ltr'>imperiorum.</span> <span class='ocrx_word' id='word_1_110' title='bbox 793 1614 1041 1688; x_wconf 81' lang='lat' dir='ltr'>simulantem</span> <span class='ocrx_word' id='word_1_111' title='bbox 1058 1613 1111 1686; x_wconf 92' lang='lat' dir='ltr'>ibi</span> <span class='ocrx_word' id='word_1_112' title='bbox 1126 1613 1360 1704; x_wconf 87' lang='lat' dir='ltr'>significatum</span> <span class='ocrx_word' id='word_1_113' title='bbox 1408 1613 1522 1701; x_wconf 78' lang='lat' dir='ltr'>eipcm</span> <span class='ocrx_word' id='word_1_114' title='bbox 1537 1628 1661 1685; x_wconf 88' lang='lat' dir='ltr'>natum</span> <span class='ocrx_word' id='word_1_115' title='bbox 1677 1614 1715 1684; x_wconf 92' lang='lat' dir='ltr'>in</span> <span class='ocrx_word' id='word_1_116' title='bbox 1729 1615 1863 1687; x_wconf 84' lang='lat' dir='ltr'>familia</span> <span class='ocrx_word' id='word_1_117' title='bbox 1873 1612 2097 1699; x_wconf 87' lang='lat' dir='ltr'>Germanica,</span> <span class='ocrx_word' id='word_1_118' title='bbox 2122 1622 2387 1702; x_wconf 89' lang='lat' dir='ltr'>dominaturum</span> 
     </span>
     <span class='ocr_line' id='line_1_11' title="bbox 377 1710 2386 1806; baseline 0.005 -15"><span class='ocrx_word' id='word_1_119' title='bbox 377 1732 446 1802; x_wconf 79' lang='lat' dir='ltr'>est,</span> <span class='ocrx_word' id='word_1_120' title='bbox 473 1719 510 1787; x_wconf 90' lang='lat' dir='ltr'>in</span> <span class='ocrx_word' id='word_1_121' title='bbox 530 1711 594 1787; x_wconf 90' lang='lat' dir='ltr'>hac</span> <span class='ocrx_word' id='word_1_122' title='bbox 606 1732 744 1788; x_wconf 84' lang='lat' dir='ltr'>senecta</span> <span class='ocrx_word' id='word_1_123' title='bbox 761 1714 890 1786; x_wconf 88' lang='lat' dir='ltr'>mundi</span> <span class='ocrx_word' id='word_1_124' title='bbox 908 1715 988 1806; x_wconf 92' lang='lat' dir='ltr'>plus</span> <span class='ocrx_word' id='word_1_125' title='bbox 1001 1716 1079 1785; x_wconf 87' lang='lat' dir='ltr'>lore</span> <span class='ocrx_word' id='word_1_126' title='bbox 1096 1715 1359 1799; x_wconf 80' lang='lat' dir='ltr'>confusionum,</span> <span class='ocrx_word' id='word_1_127' title='bbox 1408 1710 1530 1783; x_wconf 88' lang='lat' dir='ltr'>Italiae</span> <span class='ocrx_word' id='word_1_128' title='bbox 1561 1729 1595 1785; x_wconf 89' lang='lat' dir='ltr'>et</span> <span class='ocrx_word' id='word_1_129' title='bbox 1617 1714 1848 1803; x_wconf 78' lang='lat' dir='ltr'>Germaniae,</span> <span class='ocrx_word' id='word_1_130' title='bbox 1883 1730 1918 1787; x_wconf 88' lang='lat' dir='ltr'>et</span> <span class='ocrx_word' id='word_1_131' title='bbox 1945 1717 2003 1787; x_wconf 90' lang='lat' dir='ltr'>cui</span> <span class='ocrx_word' id='word_1_132' title='bbox 2030 1720 2245 1793; x_wconf 84' lang='lat' dir='ltr'>tribueretur</span> <span class='ocrx_word' id='word_1_133' title='bbox 2262 1728 2386 1803; x_wconf 85' lang='lat' dir='ltr'>titulus</span> 
     </span>
     <span class='ocr_line' id='line_1_12' title="bbox 377 1811 2386 1915; baseline 0.005 -26"><span class='ocrx_word' id='word_1_134' title='bbox 377 1843 485 1914; x_wconf 82' lang='lat' dir='ltr'>quam</span> <span class='ocrx_word' id='word_1_135' title='bbox 508 1818 713 1902; x_wconf 71' lang='lat' dir='ltr'>ruitantes,</span> <span class='ocrx_word' id='word_1_136' title='bbox 736 1830 771 1887; x_wconf 93' lang='lat' dir='ltr'>et</span> <span class='ocrx_word' id='word_1_137' title='bbox 795 1829 930 1901; x_wconf 90' lang='lat' dir='ltr'>tamen,</span> <span class='ocrx_word' id='word_1_138' title='bbox 953 1817 1066 1886; x_wconf 89' lang='lat' dir='ltr'>donec</span> <span class='ocrx_word' id='word_1_139' title='bbox 1087 1829 1139 1888; x_wconf 87' lang='lat' dir='ltr'>est</span> <span class='ocrx_word' id='word_1_140' title='bbox 1156 1838 1267 1906; x_wconf 87' lang='lat' dir='ltr'>genus</span> <span class='ocrx_word' id='word_1_141' title='bbox 1288 1811 1359 1887; x_wconf 89' lang='lat' dir='ltr'>hu·</span> <span class='ocrx_word' id='word_1_142' title='bbox 1406 1811 1560 1885; x_wconf 87' lang='lat' dir='ltr'>Romani</span> <span class='ocrx_word' id='word_1_143' title='bbox 1585 1813 1825 1905; x_wconf 89' lang='lat' dir='ltr'>Imperatoris.</span> <span class='ocrx_word' id='word_1_144' title='bbox 1888 1814 1968 1888; x_wconf 91' lang='lat' dir='ltr'>Hoc</span> <span class='ocrx_word' id='word_1_145' title='bbox 1994 1820 2173 1892; x_wconf 89' lang='lat' dir='ltr'>decretum</span> <span class='ocrx_word' id='word_1_146' title='bbox 2195 1848 2266 1915; x_wconf 90' lang='lat' dir='ltr'>quo</span> <span class='ocrx_word' id='word_1_147' title='bbox 2291 1851 2386 1902; x_wconf 91' lang='lat' dir='ltr'>anno</span> 
     </span>
     <span class='ocr_line' id='line_1_13' title="bbox 377 1914 2387 2010; baseline 0.005 -19"><span class='ocrx_word' id='word_1_148' title='bbox 377 1942 545 2008; x_wconf 85' lang='lat' dir='ltr'>manum,</span> <span class='ocrx_word' id='word_1_149' title='bbox 583 1940 689 2007; x_wconf 90' lang='lat' dir='ltr'>regna</span> <span class='ocrx_word' id='word_1_150' title='bbox 715 1918 834 2010; x_wconf 89' lang='lat' dir='ltr'>aliqua</span> <span class='ocrx_word' id='word_1_151' title='bbox 864 1914 980 1989; x_wconf 89' lang='lat' dir='ltr'>Deum</span> <span class='ocrx_word' id='word_1_152' title='bbox 1012 1932 1231 1989; x_wconf 85' lang='lat' dir='ltr'>servaturum</span> <span class='ocrx_word' id='word_1_153' title='bbox 1271 1940 1356 1998; x_wconf 91' lang='lat' dir='ltr'>esse,</span> <span class='ocrx_word' id='word_1_154' title='bbox 1405 1915 1537 1985; x_wconf 81' lang='lat' dir='ltr'>lactum</span> <span class='ocrx_word' id='word_1_155' title='bbox 1552 1915 1610 2000; x_wconf 90' lang='lat' dir='ltr'>sit,</span> <span class='ocrx_word' id='word_1_156' title='bbox 1633 1939 1707 1985; x_wconf 91' lang='lat' dir='ltr'>non</span> <span class='ocrx_word' id='word_1_157' title='bbox 1724 1927 1818 1985; x_wconf 90' lang='lat' dir='ltr'>certo</span> <span class='ocrx_word' id='word_1_158' title='bbox 1832 1918 1995 2004; x_wconf 87' lang='lat' dir='ltr'>traditur,</span> <span class='ocrx_word' id='word_1_159' title='bbox 2011 1923 2070 1990; x_wconf 91' lang='lat' dir='ltr'>sed</span> <span class='ocrx_word' id='word_1_160' title='bbox 2088 1944 2161 1991; x_wconf 93' lang='lat' dir='ltr'>non</span> <span class='ocrx_word' id='word_1_161' title='bbox 2177 1926 2290 1997; x_wconf 90' lang='lat' dir='ltr'>multo</span> <span class='ocrx_word' id='word_1_162' title='bbox 2306 1934 2387 2002; x_wconf 83' lang='lat' dir='ltr'>a&#39;nte</span> 
     </span>
     <span class='ocr_line' id='line_1_14' title="bbox 379 2011 2387 2114; baseline 0.004 -24"><span class='ocrx_word' id='word_1_163' title='bbox 379 2044 468 2114; x_wconf 87' lang='lat' dir='ltr'>qnae</span> <span class='ocrx_word' id='word_1_164' title='bbox 484 2042 556 2113; x_wconf 87' lang='lat' dir='ltr'>quo</span> <span class='ocrx_word' id='word_1_165' title='bbox 571 2017 718 2109; x_wconf 92' lang='lat' dir='ltr'>propior</span> <span class='ocrx_word' id='word_1_166' title='bbox 731 2018 798 2089; x_wconf 89' lang='lat' dir='ltr'>erit</span> <span class='ocrx_word' id='word_1_167' title='bbox 818 2016 900 2088; x_wconf 90' lang='lat' dir='ltr'>linis</span> <span class='ocrx_word' id='word_1_168' title='bbox 912 2017 1058 2103; x_wconf 89' lang='lat' dir='ltr'>mundi,</span> <span class='ocrx_word' id='word_1_169' title='bbox 1090 2033 1195 2090; x_wconf 91' lang='lat' dir='ltr'>erunt</span> <span class='ocrx_word' id='word_1_170' title='bbox 1216 2018 1358 2106; x_wconf 89' lang='lat' dir='ltr'>langui·</span> <span class='ocrx_word' id='word_1_171' title='bbox 1405 2029 1554 2088; x_wconf 86' lang='lat' dir='ltr'>mortem</span> <span class='ocrx_word' id='word_1_172' title='bbox 1566 2011 1724 2086; x_wconf 90' lang='lat' dir='ltr'>Othonis</span> <span class='ocrx_word' id='word_1_173' title='bbox 1737 2016 1831 2086; x_wconf 89' lang='lat' dir='ltr'>tertii</span> <span class='ocrx_word' id='word_1_174' title='bbox 1846 2018 1974 2089; x_wconf 84' lang='lat' dir='ltr'>factum</span> <span class='ocrx_word' id='word_1_175' title='bbox 1990 2043 2063 2102; x_wconf 72' lang='lat' dir='ltr'>esse</span> <span class='ocrx_word' id='word_1_176' title='bbox 2077 2039 2253 2098; x_wconf 88' lang='lat' dir='ltr'>narratur.</span> <span class='ocrx_word' id='word_1_177' title='bbox 2288 2027 2387 2099; x_wconf 89' lang='lat' dir='ltr'>Scri-</span> 
     </span>
     <span class='ocr_line' id='line_1_15' title="bbox 380 2115 2386 2210; baseline 0.006 -20"><span class='ocrx_word' id='word_1_178' title='bbox 380 2122 489 2193; x_wconf 91' lang='lat' dir='ltr'>diora.</span> <span class='ocrx_word' id='word_1_179' title='bbox 542 2119 681 2189; x_wconf 89' lang='lat' dir='ltr'>Interea</span> <span class='ocrx_word' id='word_1_180' title='bbox 696 2118 883 2187; x_wconf 83' lang='lat' dir='ltr'>maximam</span> <span class='ocrx_word' id='word_1_181' title='bbox 897 2119 973 2188; x_wconf 83' lang='lat' dir='ltr'>lore</span> <span class='ocrx_word' id='word_1_182' title='bbox 986 2119 1181 2210; x_wconf 86' lang='lat' dir='ltr'>potentiam</span> <span class='ocrx_word' id='word_1_183' title='bbox 1195 2118 1358 2190; x_wconf 88' lang='lat' dir='ltr'>barbari·</span> <span class='ocrx_word' id='word_1_184' title='bbox 1406 2116 1459 2186; x_wconf 91' lang='lat' dir='ltr'>bit</span> <span class='ocrx_word' id='word_1_185' title='bbox 1472 2130 1588 2187; x_wconf 89' lang='lat' dir='ltr'>autem</span> <span class='ocrx_word' id='word_1_186' title='bbox 1601 2115 1849 2207; x_wconf 88' lang='lat' dir='ltr'>Urspergensis</span> <span class='ocrx_word' id='word_1_187' title='bbox 1864 2117 1992 2207; x_wconf 88' lang='lat' dir='ltr'>dignus</span> <span class='ocrx_word' id='word_1_188' title='bbox 2005 2121 2093 2205; x_wconf 88' lang='lat' dir='ltr'>fide,</span> <span class='ocrx_word' id='word_1_189' title='bbox 2119 2139 2298 2197; x_wconf 89' lang='lat' dir='ltr'>mortuum</span> <span class='ocrx_word' id='word_1_190' title='bbox 2311 2154 2386 2202; x_wconf 86' lang='lat' dir='ltr'>csse</span> 
     </span>
     <span class='ocr_line' id='line_1_16' title="bbox 379 2210 2382 2320; baseline 0.004 -29"><span class='ocrx_word' id='word_1_191' title='bbox 379 2243 437 2291; x_wconf 87' lang='lat' dir='ltr'>cse</span> <span class='ocrx_word' id='word_1_192' title='bbox 465 2219 650 2290; x_wconf 87' lang='lat' dir='ltr'>cuiusdam</span> <span class='ocrx_word' id='word_1_193' title='bbox 678 2220 811 2309; x_wconf 88' lang='lat' dir='ltr'>gentis,</span> <span class='ocrx_word' id='word_1_194' title='bbox 851 2242 941 2312; x_wconf 83' lang='lat' dir='ltr'>qraae</span> <span class='ocrx_word' id='word_1_195' title='bbox 963 2218 1002 2288; x_wconf 89' lang='lat' dir='ltr'>iu</span> <span class='ocrx_word' id='word_1_196' title='bbox 1024 2219 1156 2289; x_wconf 79' lang='lat' dir='ltr'>divinis</span> <span class='ocrx_word' id='word_1_197' title='bbox 1179 2217 1357 2290; x_wconf 87' lang='lat' dir='ltr'>vaticiniis</span> <span class='ocrx_word' id='word_1_198' title='bbox 1406 2210 1589 2286; x_wconf 87' lang='lat' dir='ltr'>Othonem</span> <span class='ocrx_word' id='word_1_199' title='bbox 1610 2218 1754 2290; x_wconf 87' lang='lat' dir='ltr'>tertium</span> <span class='ocrx_word' id='word_1_200' title='bbox 1769 2242 1864 2288; x_wconf 88' lang='lat' dir='ltr'>anno</span> <span class='ocrx_word' id='word_1_201' title='bbox 1888 2218 2076 2291; x_wconf 88' lang='lat' dir='ltr'>millesimo</span> <span class='ocrx_word' id='word_1_202' title='bbox 2096 2224 2228 2314; x_wconf 90' lang='lat' dir='ltr'>primo,</span> <span class='ocrx_word' id='word_1_203' title='bbox 2256 2230 2382 2320; x_wconf 89' lang='lat' dir='ltr'>quinto</span> 
     </span>
     <span class='ocr_line' id='line_1_17' title="bbox 377 2311 2384 2411; baseline 0.006 -19"><span class='ocrx_word' id='word_1_204' title='bbox 377 2321 583 2392; x_wconf 87' lang='lat' dir='ltr'>nominatur</span> <span class='ocrx_word' id='word_1_205' title='bbox 604 2316 684 2409; x_wconf 92' lang='lat' dir='ltr'>Gog</span> <span class='ocrx_word' id='word_1_206' title='bbox 704 2333 739 2389; x_wconf 88' lang='lat' dir='ltr'>ct</span> <span class='ocrx_word' id='word_1_207' title='bbox 759 2317 906 2411; x_wconf 90' lang='lat' dir='ltr'>Magog,</span> <span class='ocrx_word' id='word_1_208' title='bbox 944 2343 1050 2411; x_wconf 89' lang='lat' dir='ltr'>quam</span> <span class='ocrx_word' id='word_1_209' title='bbox 1073 2342 1146 2390; x_wconf 88' lang='lat' dir='ltr'>esse</span> <span class='ocrx_word' id='word_1_210' title='bbox 1167 2317 1357 2390; x_wconf 88' lang='lat' dir='ltr'>Turcicam</span> <span class='ocrx_word' id='word_1_211' title='bbox 1405 2311 1579 2388; x_wconf 89' lang='lat' dir='ltr'>Calendas</span> <span class='ocrx_word' id='word_1_212' title='bbox 1588 2317 1783 2394; x_wconf 84' lang='lat' dir='ltr'>Februarii.</span> <span class='ocrx_word' id='word_1_213' title='bbox 1820 2317 1978 2391; x_wconf 91' lang='lat' dir='ltr'>Blondus</span> <span class='ocrx_word' id='word_1_214' title='bbox 1992 2322 2172 2394; x_wconf 91' lang='lat' dir='ltr'>decretum</span> <span class='ocrx_word' id='word_1_215' title='bbox 2187 2323 2384 2404; x_wconf 88' lang='lat' dir='ltr'>deElecto-</span> 
     </span>
     <span class='ocr_line' id='line_1_18' title="bbox 377 2416 2383 2514; baseline 0.005 -23"><span class='ocrx_word' id='word_1_216' title='bbox 377 2434 514 2510; x_wconf 87' lang='lat' dir='ltr'>gentem</span> <span class='ocrx_word' id='word_1_217' title='bbox 531 2416 625 2489; x_wconf 91' lang='lat' dir='ltr'>nihil</span> <span class='ocrx_word' id='word_1_218' title='bbox 640 2419 862 2504; x_wconf 87' lang='lat' dir='ltr'>dubitemus,</span> <span class='ocrx_word' id='word_1_219' title='bbox 886 2444 976 2514; x_wconf 88' lang='lat' dir='ltr'>quae</span> <span class='ocrx_word' id='word_1_220' title='bbox 994 2418 1189 2490; x_wconf 80' lang='lat' dir='ltr'>manifestis</span> <span class='ocrx_word' id='word_1_221' title='bbox 1203 2417 1357 2488; x_wconf 90' lang='lat' dir='ltr'>miracu·</span> <span class='ocrx_word' id='word_1_222' title='bbox 1404 2417 1504 2490; x_wconf 90' lang='lat' dir='ltr'>ribus</span> <span class='ocrx_word' id='word_1_223' title='bbox 1518 2419 1649 2490; x_wconf 84' lang='lat' dir='ltr'>sactum</span> <span class='ocrx_word' id='word_1_224' title='bbox 1664 2443 1737 2490; x_wconf 89' lang='lat' dir='ltr'>esse</span> <span class='ocrx_word' id='word_1_225' title='bbox 1752 2419 1873 2491; x_wconf 75' lang='lat' dir='ltr'>scribit</span> <span class='ocrx_word' id='word_1_226' title='bbox 1886 2421 2032 2493; x_wconf 89' lang='lat' dir='ltr'>biennio</span> <span class='ocrx_word' id='word_1_227' title='bbox 2048 2437 2140 2495; x_wconf 87' lang='lat' dir='ltr'>ante.</span> <span class='ocrx_word' id='word_1_228' title='bbox 2171 2422 2219 2499; x_wconf 85' lang='lat' dir='ltr'>Et</span> <span class='ocrx_word' id='word_1_229' title='bbox 2233 2451 2383 2503; x_wconf 90' lang='lat' dir='ltr'>consen-</span> 
     </span>
     <span class='ocr_line' id='line_1_19' title="bbox 377 2518 2385 2607; baseline 0.006 -15"><span class='ocrx_word' id='word_1_230' title='bbox 377 2522 463 2592; x_wconf 87' lang='lat' dir='ltr'>lisa</span> <span class='ocrx_word' id='word_1_231' title='bbox 486 2518 566 2589; x_wconf 91' lang='lat' dir='ltr'>Deo</span> <span class='ocrx_word' id='word_1_232' title='bbox 588 2518 714 2590; x_wconf 91' lang='lat' dir='ltr'>reiecta</span> <span class='ocrx_word' id='word_1_233' title='bbox 743 2533 778 2591; x_wconf 88' lang='lat' dir='ltr'>et</span> <span class='ocrx_word' id='word_1_234' title='bbox 802 2524 967 2592; x_wconf 88' lang='lat' dir='ltr'>damnata</span> <span class='ocrx_word' id='word_1_235' title='bbox 990 2534 1053 2594; x_wconf 88' lang='lat' dir='ltr'>est.</span> <span class='ocrx_word' id='word_1_236' title='bbox 1113 2518 1237 2590; x_wconf 87' lang='lat' dir='ltr'>Voluit</span> <span class='ocrx_word' id='word_1_237' title='bbox 1258 2518 1354 2588; x_wconf 87' lang='lat' dir='ltr'>enirn</span> <span class='ocrx_word' id='word_1_238' title='bbox 1403 2530 1548 2591; x_wconf 90' lang='lat' dir='ltr'>taneum</span> <span class='ocrx_word' id='word_1_239' title='bbox 1580 2534 1632 2591; x_wconf 89' lang='lat' dir='ltr'>est</span> <span class='ocrx_word' id='word_1_240' title='bbox 1664 2521 1772 2592; x_wconf 83' lang='lat' dir='ltr'>fuisse</span> <span class='ocrx_word' id='word_1_241' title='bbox 1802 2522 2091 2595; x_wconf 86' lang='lat' dir='ltr'>deliberationem</span> <span class='ocrx_word' id='word_1_242' title='bbox 2119 2550 2193 2597; x_wconf 93' lang='lat' dir='ltr'>non</span> <span class='ocrx_word' id='word_1_243' title='bbox 2216 2530 2385 2607; x_wconf 88' lang='lat' dir='ltr'>subitam.</span> 
     </span>
     <span class='ocr_line' id='line_1_20' title="bbox 376 2617 2383 2717; baseline 0.006 -25"><span class='ocrx_word' id='word_1_244' title='bbox 376 2618 473 2692; x_wconf 84' lang='lat' dir='ltr'>Ilens</span> <span class='ocrx_word' id='word_1_245' title='bbox 486 2644 554 2690; x_wconf 93' lang='lat' dir='ltr'>nos</span> <span class='ocrx_word' id='word_1_246' title='bbox 571 2642 814 2709; x_wconf 89' lang='lat' dir='ltr'>praemonere,</span> <span class='ocrx_word' id='word_1_247' title='bbox 838 2646 884 2691; x_wconf 92' lang='lat' dir='ltr'>ne</span> <span class='ocrx_word' id='word_1_248' title='bbox 898 2619 986 2691; x_wconf 90' lang='lat' dir='ltr'>moti</span> <span class='ocrx_word' id='word_1_249' title='bbox 1002 2618 1157 2709; x_wconf 87' lang='lat' dir='ltr'>potentia</span> <span class='ocrx_word' id='word_1_250' title='bbox 1175 2619 1250 2691; x_wconf 89' lang='lat' dir='ltr'>eins</span> <span class='ocrx_word' id='word_1_251' title='bbox 1269 2642 1355 2709; x_wconf 86' lang='lat' dir='ltr'>gen·</span> <span class='ocrx_word' id='word_1_252' title='bbox 1404 2617 1606 2692; x_wconf 82' lang='lat' dir='ltr'>Voluerunt</span> <span class='ocrx_word' id='word_1_253' title='bbox 1619 2634 1738 2693; x_wconf 90' lang='lat' dir='ltr'>autem</span> <span class='ocrx_word' id='word_1_254' title='bbox 1753 2636 1893 2693; x_wconf 86' lang='lat' dir='ltr'>autores</span> <span class='ocrx_word' id='word_1_255' title='bbox 1916 2619 2022 2696; x_wconf 91' lang='lat' dir='ltr'>huius</span> <span class='ocrx_word' id='word_1_256' title='bbox 2041 2622 2272 2717; x_wconf 85' lang='lat' dir='ltr'>pulcherrimi</span> <span class='ocrx_word' id='word_1_257' title='bbox 2297 2657 2383 2705; x_wconf 90' lang='lat' dir='ltr'>con-</span> 
     </span>
    </p>

    <p class='ocr_par' dir='ltr' id='par_1_3' title="bbox 330 2716 2480 4526">
     <span class='ocr_line' id='line_1_21' title="bbox 330 2716 2383 2813; baseline 0.008 -21"><span class='ocrx_word' id='word_1_258' title='bbox 330 2717 333 2728; x_wconf 78' lang='grc'><strong>“</strong></span> <span class='ocrx_word' id='word_1_259' title='bbox 377 2721 438 2801; x_wconf 88' lang='lat' dir='ltr'>tis,</span> <span class='ocrx_word' id='word_1_260' title='bbox 464 2720 665 2791; x_wconf 85' lang='lat' dir='ltr'>deficiamus</span> <span class='ocrx_word' id='word_1_261' title='bbox 678 2722 722 2792; x_wconf 88' lang='lat' dir='ltr'>ab</span> <span class='ocrx_word' id='word_1_262' title='bbox 736 2746 779 2794; x_wconf 82' lang='lat' dir='ltr'>ee</span> <span class='ocrx_word' id='word_1_263' title='bbox 793 2721 977 2804; x_wconf 87' lang='lat' dir='ltr'>doctrina,</span> <span class='ocrx_word' id='word_1_264' title='bbox 1002 2742 1092 2812; x_wconf 86' lang='lat' dir='ltr'>quae</span> <span class='ocrx_word' id='word_1_265' title='bbox 1106 2743 1190 2791; x_wconf 89' lang='lat' dir='ltr'>voce</span> <span class='ocrx_word' id='word_1_266' title='bbox 1206 2720 1273 2791; x_wconf 87' lang='lat' dir='ltr'>lilii</span> <span class='ocrx_word' id='word_1_267' title='bbox 1286 2718 1355 2792; x_wconf 90' lang='lat' dir='ltr'>Dei</span> <span class='ocrx_word' id='word_1_268' title='bbox 1403 2719 1475 2788; x_wconf 91' lang='lat' dir='ltr'>silii</span> <span class='ocrx_word' id='word_1_269' title='bbox 1495 2716 1590 2791; x_wconf 90' lang='lat' dir='ltr'>hunc</span> <span class='ocrx_word' id='word_1_270' title='bbox 1609 2719 1859 2813; x_wconf 90' lang='lat' dir='ltr'>Imperatorem</span> <span class='ocrx_word' id='word_1_271' title='bbox 1880 2746 1955 2795; x_wconf 92' lang='lat' dir='ltr'>nun</span> <span class='ocrx_word' id='word_1_272' title='bbox 1977 2727 2093 2798; x_wconf 92' lang='lat' dir='ltr'>solum</span> <span class='ocrx_word' id='word_1_273' title='bbox 2115 2751 2188 2800; x_wconf 86' lang='lat' dir='ltr'>esse</span> <span class='ocrx_word' id='word_1_274' title='bbox 2204 2728 2324 2806; x_wconf 91' lang='lat' dir='ltr'>ltaliae</span> <span class='ocrx_word' id='word_1_275' title='bbox 2347 2752 2383 2811; x_wconf 92' lang='lat' dir='ltr'>et</span> 
     </span>
     <span class='ocr_line' id='line_1_22' title="bbox 330 2817 2382 2925; baseline 0.006 -35"><span class='ocrx_word' id='word_1_276' title='bbox 330 2851 336 2908; x_wconf 83' lang='grc' dir='ltr'>;Ι</span> <span class='ocrx_word' id='word_1_277' title='bbox 374 2821 478 2894; x_wconf 85' lang='lat' dir='ltr'>uobis</span> <span class='ocrx_word' id='word_1_278' title='bbox 492 2821 620 2892; x_wconf 90' lang='lat' dir='ltr'>tradita</span> <span class='ocrx_word' id='word_1_279' title='bbox 638 2835 722 2897; x_wconf 87' lang='lat' dir='ltr'>est.=</span> <span class='ocrx_word' id='word_1_280' title='bbox 1404 2817 1618 2889; x_wconf 80' lang='lat' dir='ltr'>Germaniae</span> <span class='ocrx_word' id='word_1_281' title='bbox 1642 2824 1880 2910; x_wconf 75' lang='lat' dir='ltr'>defensorem,</span> <span class='ocrx_word' id='word_1_282' title='bbox 1920 2829 1980 2896; x_wconf 91' lang='lat' dir='ltr'>sed</span> <span class='ocrx_word' id='word_1_283' title='bbox 2015 2828 2121 2898; x_wconf 91' lang='lat' dir='ltr'>etiam</span> <span class='ocrx_word' id='word_1_284' title='bbox 2153 2835 2382 2925; x_wconf 86' lang='lat' dir='ltr'>praecipuum</span> 
     </span>
     <span class='ocr_line' id='line_1_23' title="bbox 335 2917 2381 3023; baseline 0.004 -30"><span class='ocrx_word' id='word_1_285' title='bbox 335 2921 338 2930; x_wconf 85' lang='lat'>&#39;</span> <span class='ocrx_word' id='word_1_286' title='bbox 476 2920 592 2994; x_wconf 88' lang='lat' dir='ltr'>Simul</span> <span class='ocrx_word' id='word_1_287' title='bbox 613 2937 730 2993; x_wconf 85' lang='lat' dir='ltr'>autern</span> <span class='ocrx_word' id='word_1_288' title='bbox 751 2920 982 3011; x_wconf 83' lang='lat' dir='ltr'>significatum</span> <span class='ocrx_word' id='word_1_289' title='bbox 1006 2935 1076 3008; x_wconf 88' lang='lat' dir='ltr'>est,</span> <span class='ocrx_word' id='word_1_290' title='bbox 1116 2921 1255 2994; x_wconf 90' lang='lat' dir='ltr'>Turcos</span> <span class='ocrx_word' id='word_1_291' title='bbox 1277 2945 1351 2991; x_wconf 92' lang='lat' dir='ltr'>non</span> <span class='ocrx_word' id='word_1_292' title='bbox 1402 2918 1497 2989; x_wconf 87' lang='lat' dir='ltr'>inter</span> <span class='ocrx_word' id='word_1_293' title='bbox 1511 2917 1627 3007; x_wconf 86' lang='lat' dir='ltr'>Reges</span> <span class='ocrx_word' id='word_1_294' title='bbox 1640 2921 1776 3008; x_wconf 91' lang='lat' dir='ltr'>publici</span> <span class='ocrx_word' id='word_1_295' title='bbox 1796 2925 1935 2994; x_wconf 84' lang='lat' dir='ltr'>consilii</span> <span class='ocrx_word' id='word_1_296' title='bbox 1951 2925 2172 3017; x_wconf 88' lang='lat' dir='ltr'>Principem,</span> <span class='ocrx_word' id='word_1_297' title='bbox 2195 2946 2229 3001; x_wconf 91' lang='lat' dir='ltr'>et</span> <span class='ocrx_word' id='word_1_298' title='bbox 2241 2931 2381 3023; x_wconf 86' lang='lat' dir='ltr'>Regum</span> 
     </span>
     <span class='ocr_line' id='line_1_24' title="bbox 373 3015 2381 3118; baseline 0.006 -26"><span class='ocrx_word' id='word_1_299' title='bbox 373 3015 556 3093; x_wconf 81' lang='lat' dir='ltr'>habituros</span> <span class='ocrx_word' id='word_1_300' title='bbox 568 3046 642 3093; x_wconf 87' lang='lat' dir='ltr'>esse</span> <span class='ocrx_word' id='word_1_301' title='bbox 665 3017 905 3094; x_wconf 85' lang='lat' dir='ltr'>monarchiam</span> <span class='ocrx_word' id='word_1_302' title='bbox 924 3047 1042 3115; x_wconf 90' lang='lat' dir='ltr'>parem</span> <span class='ocrx_word' id='word_1_303' title='bbox 1058 3023 1260 3118; x_wconf 87' lang='lat' dir='ltr'>prioribus,</span> <span class='ocrx_word' id='word_1_304' title='bbox 1291 3024 1351 3092; x_wconf 94' lang='lat' dir='ltr'>sed</span> <span class='ocrx_word' id='word_1_305' title='bbox 1401 3019 1553 3091; x_wconf 91' lang='lat' dir='ltr'>aliorum</span> <span class='ocrx_word' id='word_1_306' title='bbox 1569 3016 1704 3091; x_wconf 87' lang='lat' dir='ltr'>Ducem</span> <span class='ocrx_word' id='word_1_307' title='bbox 1721 3018 1760 3086; x_wconf 93' lang='lat' dir='ltr'>in</span> <span class='ocrx_word' id='word_1_308' title='bbox 1774 3021 1908 3088; x_wconf 88' lang='lat' dir='ltr'>tuendo</span> <span class='ocrx_word' id='word_1_309' title='bbox 1924 3024 1983 3110; x_wconf 89' lang='lat' dir='ltr'>pio</span> <span class='ocrx_word' id='word_1_310' title='bbox 2006 3048 2180 3095; x_wconf 87' lang='lat' dir='ltr'>consensu</span> <span class='ocrx_word' id='word_1_311' title='bbox 2201 3032 2381 3106; x_wconf 91' lang='lat' dir='ltr'>doctrinae</span> 
     </span>
     <span class='ocr_line' id='line_1_25' title="bbox 372 3118 2480 3216; baseline 0.005 -24"><span class='ocrx_word' id='word_1_312' title='bbox 372 3121 439 3192; x_wconf 85' lang='lat' dir='ltr'>slis</span> <span class='ocrx_word' id='word_1_313' title='bbox 465 3126 638 3215; x_wconf 85' lang='lat' dir='ltr'>quaedam</span> <span class='ocrx_word' id='word_1_314' title='bbox 660 3145 766 3211; x_wconf 86' lang='lat' dir='ltr'>regna</span> <span class='ocrx_word' id='word_1_315' title='bbox 787 3147 953 3194; x_wconf 85' lang='lat' dir='ltr'>mansura</span> <span class='ocrx_word' id='word_1_316' title='bbox 975 3147 1066 3209; x_wconf 88' lang='lat' dir='ltr'>esse,</span> <span class='ocrx_word' id='word_1_317' title='bbox 1092 3148 1244 3215; x_wconf 90' lang='lat' dir='ltr'>quorum</span> <span class='ocrx_word' id='word_1_318' title='bbox 1268 3123 1352 3194; x_wconf 89' lang='lat' dir='ltr'>nul·</span> <span class='ocrx_word' id='word_1_319' title='bbox 1400 3120 1595 3209; x_wconf 82' lang='lat' dir='ltr'>religionis,</span> <span class='ocrx_word' id='word_1_320' title='bbox 1617 3119 1704 3190; x_wconf 89' lang='lat' dir='ltr'>etin</span> <span class='ocrx_word' id='word_1_321' title='bbox 1720 3118 2384 3216; x_wconf 88' lang='lat' dir='ltr'>reprimendisBarbarornmirruptio·</span> <span class='ocrx_word' id='word_1_322' title='bbox 2477 3192 2480 3200; x_wconf 91' lang='lat'>.</span> 
     </span>
     <span class='ocr_line' id='line_1_26' title="bbox 369 3213 2382 3313; baseline 0.004 -21"><span class='ocrx_word' id='word_1_323' title='bbox 369 3221 444 3292; x_wconf 88' lang='lat' dir='ltr'>lurn</span> <span class='ocrx_word' id='word_1_324' title='bbox 472 3221 669 3311; x_wconf 89' lang='lat' dir='ltr'>potentiam</span> <span class='ocrx_word' id='word_1_325' title='bbox 690 3215 837 3289; x_wconf 84' lang='lat' dir='ltr'>habebit</span> <span class='ocrx_word' id='word_1_326' title='bbox 857 3239 978 3307; x_wconf 87' lang='lat' dir='ltr'>parem</span> <span class='ocrx_word' id='word_1_327' title='bbox 1001 3223 1182 3309; x_wconf 89' lang='lat' dir='ltr'>prioribus</span> <span class='ocrx_word' id='word_1_328' title='bbox 1208 3246 1352 3290; x_wconf 87' lang='lat' dir='ltr'>monar·</span> <span class='ocrx_word' id='word_1_329' title='bbox 1402 3220 1509 3289; x_wconf 85' lang='lat' dir='ltr'>nibus</span> <span class='ocrx_word' id='word_1_330' title='bbox 1527 3222 1567 3289; x_wconf 91' lang='lat' dir='ltr'>iu</span> <span class='ocrx_word' id='word_1_331' title='bbox 1590 3220 1704 3287; x_wconf 88' lang='lat' dir='ltr'>vicina</span> <span class='ocrx_word' id='word_1_332' title='bbox 1729 3238 1848 3305; x_wconf 87' lang='lat' dir='ltr'>regna.</span> <span class='ocrx_word' id='word_1_333' title='bbox 1916 3217 1972 3286; x_wconf 80' lang='lat' dir='ltr'>Ad</span> <span class='ocrx_word' id='word_1_334' title='bbox 1996 3213 2082 3288; x_wconf 85' lang='lat' dir='ltr'>haec</span> <span class='ocrx_word' id='word_1_335' title='bbox 2105 3242 2241 3293; x_wconf 87' lang='lat' dir='ltr'>summa</span> <span class='ocrx_word' id='word_1_336' title='bbox 2261 3227 2382 3313; x_wconf 7' lang='lat' dir='ltr'>*officia</span> 
     </span>
     <span class='ocr_line' id='line_1_27' title="bbox 371 3311 2382 3410; baseline 0.007 -22"><span class='ocrx_word' id='word_1_337' title='bbox 371 3315 475 3393; x_wconf 82' lang='lat' dir='ltr'>chiis.</span> <span class='ocrx_word' id='word_1_338' title='bbox 527 3317 597 3387; x_wconf 85' lang='lat' dir='ltr'>Sed</span> <span class='ocrx_word' id='word_1_339' title='bbox 613 3329 729 3384; x_wconf 90' lang='lat' dir='ltr'>tamen</span> <span class='ocrx_word' id='word_1_340' title='bbox 745 3328 786 3385; x_wconf 90' lang='lat' dir='ltr'>ut</span> <span class='ocrx_word' id='word_1_341' title='bbox 800 3316 922 3409; x_wconf 89' lang='lat' dir='ltr'>aliquo</span> <span class='ocrx_word' id='word_1_342' title='bbox 944 3319 1053 3388; x_wconf 88' lang='lat' dir='ltr'>modo</span> <span class='ocrx_word' id='word_1_343' title='bbox 1073 3321 1166 3406; x_wconf 89' lang='lat' dir='ltr'>leges</span> <span class='ocrx_word' id='word_1_344' title='bbox 1190 3332 1225 3388; x_wconf 92' lang='lat' dir='ltr'>et</span> <span class='ocrx_word' id='word_1_345' title='bbox 1247 3318 1354 3388; x_wconf 89' lang='lat' dir='ltr'>disci-</span> <span class='ocrx_word' id='word_1_346' title='bbox 1401 3311 1500 3385; x_wconf 93' lang='lat' dir='ltr'>hunc</span> <span class='ocrx_word' id='word_1_347' title='bbox 1517 3315 1769 3408; x_wconf 84' lang='lat' dir='ltr'>Imperatorem</span> <span class='ocrx_word' id='word_1_348' title='bbox 1786 3315 1936 3385; x_wconf 88' lang='lat' dir='ltr'>velutin</span> <span class='ocrx_word' id='word_1_349' title='bbox 1953 3320 2131 3410; x_wconf 88' lang='lat' dir='ltr'>speculam</span> <span class='ocrx_word' id='word_1_350' title='bbox 2151 3344 2325 3398; x_wconf 85' lang='lat' dir='ltr'>summam</span> <span class='ocrx_word' id='word_1_351' title='bbox 2341 3330 2382 3404; x_wconf 92' lang='lat' dir='ltr'>in</span> 
     </span>
     <span class='ocr_line' id='line_1_28' title="bbox 370 3412 2381 3515; baseline 0.008 -29"><span class='ocrx_word' id='word_1_352' title='bbox 370 3422 468 3513; x_wconf 84' lang='lat' dir='ltr'>plina</span> <span class='ocrx_word' id='word_1_353' title='bbox 493 3430 763 3500; x_wconf 88' lang='lat' dir='ltr'>conserventur,</span> <span class='ocrx_word' id='word_1_354' title='bbox 797 3416 949 3487; x_wconf 91' lang='lat' dir='ltr'>subinde</span> <span class='ocrx_word' id='word_1_355' title='bbox 962 3414 1060 3487; x_wconf 84' lang='lat' dir='ltr'>Dens</span> <span class='ocrx_word' id='word_1_356' title='bbox 1078 3417 1202 3487; x_wconf 84' lang='lat' dir='ltr'>excltat</span> <span class='ocrx_word' id='word_1_357' title='bbox 1218 3415 1353 3505; x_wconf 80' lang='lat' dir='ltr'>Regem</span> <span class='ocrx_word' id='word_1_358' title='bbox 1402 3437 1529 3504; x_wconf 83' lang='lat' dir='ltr'>genere</span> <span class='ocrx_word' id='word_1_359' title='bbox 1544 3412 1701 3486; x_wconf 89' lang='lat' dir='ltr'>hnmano</span> <span class='ocrx_word' id='word_1_360' title='bbox 1723 3417 1953 3491; x_wconf 86' lang='lat' dir='ltr'>collocarunt.</span> <span class='ocrx_word' id='word_1_361' title='bbox 2002 3415 2058 3491; x_wconf 84' lang='lat' dir='ltr'>Ac</span> <span class='ocrx_word' id='word_1_362' title='bbox 2076 3422 2254 3515; x_wconf 87' lang='lat' dir='ltr'>sapienter</span> <span class='ocrx_word' id='word_1_363' title='bbox 2276 3429 2381 3503; x_wconf 91' lang='lat' dir='ltr'>insti·</span> 
     </span>
     <span class='ocr_line' id='line_1_29' title="bbox 372 3512 2381 3616; baseline 0.009 -29"><span class='ocrx_word' id='word_1_364' title='bbox 372 3515 638 3591; x_wconf 84' lang='lat' dir='ltr'>antecellentem</span> <span class='ocrx_word' id='word_1_365' title='bbox 667 3516 799 3585; x_wconf 87' lang='lat' dir='ltr'>virtute</span> <span class='ocrx_word' id='word_1_366' title='bbox 827 3531 862 3587; x_wconf 91' lang='lat' dir='ltr'>et</span> <span class='ocrx_word' id='word_1_367' title='bbox 883 3519 1041 3607; x_wconf 91' lang='lat' dir='ltr'>potentia</span> <span class='ocrx_word' id='word_1_368' title='bbox 1068 3516 1229 3586; x_wconf 86' lang='lat' dir='ltr'>caeteris:</span> <span class='ocrx_word' id='word_1_369' title='bbox 1272 3517 1352 3586; x_wconf 90' lang='lat' dir='ltr'>talis</span> <span class='ocrx_word' id='word_1_370' title='bbox 1400 3528 1516 3583; x_wconf 90' lang='lat' dir='ltr'>tutum</span> <span class='ocrx_word' id='word_1_371' title='bbox 1532 3529 1584 3584; x_wconf 85' lang='lat' dir='ltr'>est</span> <span class='ocrx_word' id='word_1_372' title='bbox 1597 3515 1783 3603; x_wconf 90' lang='lat' dir='ltr'>collegium</span> <span class='ocrx_word' id='word_1_373' title='bbox 1798 3512 2023 3605; x_wconf 72' lang='lat' dir='ltr'>Electum,</span> <span class='ocrx_word' id='word_1_374' title='bbox 2049 3534 2089 3593; x_wconf 85' lang='lat' dir='ltr'>nt</span> <span class='ocrx_word' id='word_1_375' title='bbox 2109 3538 2242 3616; x_wconf 89' lang='lat' dir='ltr'>septem</span> <span class='ocrx_word' id='word_1_376' title='bbox 2262 3548 2381 3607; x_wconf 89' lang='lat' dir='ltr'>essent</span> 
     </span>
     <span class='ocr_line' id='line_1_30' title="bbox 373 3609 2379 3711; baseline 0.01 -27"><span class='ocrx_word' id='word_1_377' title='bbox 373 3617 448 3692; x_wconf 74' lang='lat' dir='ltr'>Iter</span> <span class='ocrx_word' id='word_1_378' title='bbox 478 3615 548 3685; x_wconf 81' lang='lat' dir='ltr'>luit</span> <span class='ocrx_word' id='word_1_379' title='bbox 569 3612 717 3685; x_wconf 88' lang='lat' dir='ltr'>Carolus</span> <span class='ocrx_word' id='word_1_380' title='bbox 743 3616 896 3706; x_wconf 89' lang='lat' dir='ltr'>primus,</span> <span class='ocrx_word' id='word_1_381' title='bbox 931 3615 993 3705; x_wconf 89' lang='lat' dir='ltr'>qui</span> <span class='ocrx_word' id='word_1_382' title='bbox 1021 3613 1208 3685; x_wconf 87' lang='lat' dir='ltr'>dilacerata</span> <span class='ocrx_word' id='word_1_383' title='bbox 1240 3613 1350 3683; x_wconf 85' lang='lat' dir='ltr'>veteri</span> <span class='ocrx_word' id='word_1_384' title='bbox 1398 3609 1599 3704; x_wconf 85' lang='lat' dir='ltr'>Principes,</span> <span class='ocrx_word' id='word_1_385' title='bbox 1623 3613 1698 3684; x_wconf 89' lang='lat' dir='ltr'>sive</span> <span class='ocrx_word' id='word_1_386' title='bbox 1712 3617 1872 3711; x_wconf 82' lang='lat' dir='ltr'>exemplo</span> <span class='ocrx_word' id='word_1_387' title='bbox 1881 3615 2086 3708; x_wconf 88' lang='lat' dir='ltr'>Persarum,</span> <span class='ocrx_word' id='word_1_388' title='bbox 2109 3624 2184 3698; x_wconf 88' lang='lat' dir='ltr'>sive</span> <span class='ocrx_word' id='word_1_389' title='bbox 2193 3625 2379 3707; x_wconf 87' lang='lat' dir='ltr'>Laconico.</span> 
     </span>
     <span class='ocr_line' id='line_1_31' title="bbox 374 3707 2379 3824; baseline 0.008 -37"><span class='ocrx_word' id='word_1_390' title='bbox 374 3711 575 3788; x_wconf 83' lang='lat' dir='ltr'>monarchia</span> <span class='ocrx_word' id='word_1_391' title='bbox 593 3712 774 3799; x_wconf 85' lang='lat' dir='ltr'>Romana,</span> <span class='ocrx_word' id='word_1_392' title='bbox 803 3710 949 3782; x_wconf 89' lang='lat' dir='ltr'>caeteris</span> <span class='ocrx_word' id='word_1_393' title='bbox 967 3708 1127 3800; x_wconf 76' lang='lat' dir='ltr'>Regibus</span> <span class='ocrx_word' id='word_1_394' title='bbox 1148 3711 1187 3778; x_wconf 92' lang='lat' dir='ltr'>in</span> <span class='ocrx_word' id='word_1_395' title='bbox 1203 3707 1349 3804; x_wconf 85' lang='lat' dir='ltr'>Europa</span> <span class='ocrx_word' id='word_1_396' title='bbox 1397 3709 1488 3782; x_wconf 87' lang='lat' dir='ltr'>Nam</span> <span class='ocrx_word' id='word_1_397' title='bbox 1502 3727 1536 3784; x_wconf 93' lang='lat' dir='ltr'>et</span> <span class='ocrx_word' id='word_1_398' title='bbox 1550 3716 1644 3806; x_wconf 90' lang='lat' dir='ltr'>apud</span> <span class='ocrx_word' id='word_1_399' title='bbox 1663 3713 1787 3787; x_wconf 85' lang='lat' dir='ltr'>Persas</span> <span class='ocrx_word' id='word_1_400' title='bbox 1801 3718 1989 3790; x_wconf 88' lang='lat' dir='ltr'>consilium</span> <span class='ocrx_word' id='word_1_401' title='bbox 2005 3744 2185 3797; x_wconf 89' lang='lat' dir='ltr'>summum</span> <span class='ocrx_word' id='word_1_402' title='bbox 2206 3730 2276 3802; x_wconf 86' lang='lat' dir='ltr'>luit</span> <span class='ocrx_word' id='word_1_403' title='bbox 2298 3749 2379 3824; x_wconf 90' lang='lat' dir='ltr'>post</span> 
     </span>
     <span class='ocr_line' id='line_1_32' title="bbox 341 3808 2378 3920; baseline 0.008 -34"><span class='ocrx_word' id='word_1_404' title='bbox 341 3852 346 3875; x_wconf 86' lang='lat'><em>=</em></span> <span class='ocrx_word' id='word_1_405' title='bbox 376 3816 593 3896; x_wconf 86' lang='lat' dir='ltr'>antecelluit,</span> <span class='ocrx_word' id='word_1_406' title='bbox 619 3814 735 3885; x_wconf 93' lang='lat' dir='ltr'>tenuit</span> <span class='ocrx_word' id='word_1_407' title='bbox 748 3813 844 3883; x_wconf 90' lang='lat' dir='ltr'>enim</span> <span class='ocrx_word' id='word_1_408' title='bbox 857 3808 1032 3896; x_wconf 89' lang='lat' dir='ltr'>Galliam,</span> <span class='ocrx_word' id='word_1_409' title='bbox 1057 3808 1288 3882; x_wconf 89' lang='lat' dir='ltr'>Germaniam</span> <span class='ocrx_word' id='word_1_410' title='bbox 1314 3828 1350 3884; x_wconf 89' lang='lat' dir='ltr'>et</span> <span class='ocrx_word' id='word_1_411' title='bbox 1398 3835 1516 3903; x_wconf 86' lang='lat' dir='ltr'>regem</span> <span class='ocrx_word' id='word_1_412' title='bbox 1550 3827 1683 3908; x_wconf 86' lang='lat' dir='ltr'>septem</span> <span class='ocrx_word' id='word_1_413' title='bbox 1714 3818 2018 3892; x_wconf 88' lang='lat' dir='ltr'>nobilissimorum</span> <span class='ocrx_word' id='word_1_414' title='bbox 2045 3821 2263 3920; x_wconf 89' lang='lat' dir='ltr'>Principum.</span> <span class='ocrx_word' id='word_1_415' title='bbox 2329 3831 2378 3909; x_wconf 81' lang='lat' dir='ltr'>Et</span> 
     </span>
     <span class='ocr_line' id='line_1_33' title="bbox 375 3912 2379 4028; baseline 0.009 -40"><span class='ocrx_word' id='word_1_416' title='bbox 375 3919 499 3988; x_wconf 90' lang='lat' dir='ltr'>bonam</span> <span class='ocrx_word' id='word_1_417' title='bbox 515 3914 638 3988; x_wconf 92' lang='lat' dir='ltr'>ltaliae</span> <span class='ocrx_word' id='word_1_418' title='bbox 655 3928 810 4008; x_wconf 91' lang='lat' dir='ltr'>partem,</span> <span class='ocrx_word' id='word_1_419' title='bbox 835 3926 869 3982; x_wconf 91' lang='lat' dir='ltr'>et</span> <span class='ocrx_word' id='word_1_420' title='bbox 885 3932 1104 4004; x_wconf 88' lang='lat' dir='ltr'>compescere</span> <span class='ocrx_word' id='word_1_421' title='bbox 1117 3925 1269 3982; x_wconf 89' lang='lat' dir='ltr'>caeteros</span> <span class='ocrx_word' id='word_1_422' title='bbox 1285 3938 1350 4003; x_wconf 89' lang='lat' dir='ltr'>po-</span> <span class='ocrx_word' id='word_1_423' title='bbox 1398 3915 1492 4004; x_wconf 89' lang='lat' dir='ltr'>apud</span> <span class='ocrx_word' id='word_1_424' title='bbox 1524 3912 1821 3989; x_wconf 83' lang='lat' dir='ltr'>Lacedaemonios</span> <span class='ocrx_word' id='word_1_425' title='bbox 1847 3914 1992 4011; x_wconf 76' lang='lat' dir='ltr'>Ephori</span> <span class='ocrx_word' id='word_1_426' title='bbox 2030 3924 2175 3999; x_wconf 83' lang='lat' dir='ltr'>suerunt</span> <span class='ocrx_word' id='word_1_427' title='bbox 2209 3930 2379 4028; x_wconf 86' lang='lat' dir='ltr'>quinque.</span> 
     </span>
     <span class='ocr_line' id='line_1_34' title="bbox 375 4006 2377 4108; baseline 0.01 -20"><span class='ocrx_word' id='word_1_428' title='bbox 375 4033 472 4093; x_wconf 85' lang='lat' dir='ltr'>terat.</span> <span class='ocrx_word' id='word_1_429' title='bbox 523 4016 642 4107; x_wconf 84' lang='lat' dir='ltr'>Quare</span> <span class='ocrx_word' id='word_1_430' title='bbox 659 4041 738 4086; x_wconf 91' lang='lat' dir='ltr'>cum</span> <span class='ocrx_word' id='word_1_431' title='bbox 752 4015 882 4106; x_wconf 89' lang='lat' dir='ltr'>prioris</span> <span class='ocrx_word' id='word_1_432' title='bbox 903 4006 1129 4083; x_wconf 87' lang='lat' dir='ltr'>monarchiae</span> <span class='ocrx_word' id='word_1_433' title='bbox 1143 4013 1244 4104; x_wconf 81' lang='lat' dir='ltr'>qsrasi</span> <span class='ocrx_word' id='word_1_434' title='bbox 1265 4014 1351 4082; x_wconf 89' lang='lat' dir='ltr'>reli-</span> <span class='ocrx_word' id='word_1_435' title='bbox 1398 4011 1527 4085; x_wconf 89' lang='lat' dir='ltr'>Noster</span> <span class='ocrx_word' id='word_1_436' title='bbox 1547 4012 1641 4087; x_wconf 82' lang='lat' dir='ltr'>Saxo</span> <span class='ocrx_word' id='word_1_437' title='bbox 1671 4019 1847 4107; x_wconf 86' lang='lat' dir='ltr'>sapienter</span> <span class='ocrx_word' id='word_1_438' title='bbox 1871 4021 1967 4091; x_wconf 85' lang='lat' dir='ltr'>viros</span> <span class='ocrx_word' id='word_1_439' title='bbox 1985 4025 2108 4095; x_wconf 88' lang='lat' dir='ltr'>doctos</span> <span class='ocrx_word' id='word_1_440' title='bbox 2132 4041 2168 4100; x_wconf 93' lang='lat' dir='ltr'>et</span> <span class='ocrx_word' id='word_1_441' title='bbox 2190 4031 2377 4108; x_wconf 89' lang='lat' dir='ltr'>bellatores</span> 
     </span>
     <span class='ocr_line' id='line_1_35' title="bbox 339 4110 2378 4213; baseline 0.01 -25"><span class='ocrx_word' id='word_1_442' title='bbox 339 4152 343 4197; x_wconf 88' lang='lat'><strong>:</strong></span> <span class='ocrx_word' id='word_1_443' title='bbox 377 4120 474 4212; x_wconf 79' lang='lat' dir='ltr'>gaias</span> <span class='ocrx_word' id='word_1_444' title='bbox 488 4132 638 4204; x_wconf 86' lang='lat' dir='ltr'>teneret,</span> <span class='ocrx_word' id='word_1_445' title='bbox 663 4139 795 4187; x_wconf 89' lang='lat' dir='ltr'>nomen</span> <span class='ocrx_word' id='word_1_446' title='bbox 812 4114 917 4186; x_wconf 92' lang='lat' dir='ltr'>etiam</span> <span class='ocrx_word' id='word_1_447' title='bbox 935 4115 965 4182; x_wconf 96' lang='lat' dir='ltr'>ei</span> <span class='ocrx_word' id='word_1_448' title='bbox 982 4111 1138 4185; x_wconf 85' lang='lat' dir='ltr'>Romani</span> <span class='ocrx_word' id='word_1_449' title='bbox 1155 4110 1350 4203; x_wconf 85' lang='lat' dir='ltr'>Imperato—</span> <span class='ocrx_word' id='word_1_450' title='bbox 1398 4113 1552 4198; x_wconf 90' lang='lat' dir='ltr'>miscuit,</span> <span class='ocrx_word' id='word_1_451' title='bbox 1575 4116 1689 4188; x_wconf 90' lang='lat' dir='ltr'>tribus</span> <span class='ocrx_word' id='word_1_452' title='bbox 1699 4113 1894 4210; x_wconf 81' lang='lat' dir='ltr'>Episcopis,</span> <span class='ocrx_word' id='word_1_453' title='bbox 1917 4119 2144 4213; x_wconf 88' lang='lat' dir='ltr'>Moguntino,</span> <span class='ocrx_word' id='word_1_454' title='bbox 2166 4126 2378 4208; x_wconf 85' lang='lat' dir='ltr'>Treverensi</span> 
     </span>
     <span class='ocr_line' id='line_1_36' title="bbox 376 4209 2377 4322; baseline 0.006 -30.764"><span class='ocrx_word' id='word_1_455' title='bbox 376 4219 644 4291; x_wconf 87' lang='lat' dir='ltr'>risattributum</span> <span class='ocrx_word' id='word_1_456' title='bbox 659 4231 728 4303; x_wconf 87' lang='lat' dir='ltr'>est,</span> <span class='ocrx_word' id='word_1_457' title='bbox 753 4230 790 4289; x_wconf 89' lang='lat' dir='ltr'>et</span> <span class='ocrx_word' id='word_1_458' title='bbox 804 4213 985 4304; x_wconf 86' lang='lat' dir='ltr'>religionis</span> <span class='ocrx_word' id='word_1_459' title='bbox 995 4209 1233 4294; x_wconf 86' lang='lat' dir='ltr'>Christianae,</span> <span class='ocrx_word' id='word_1_460' title='bbox 1260 4238 1351 4307; x_wconf 87' lang='lat' dir='ltr'>quae</span> <span class='ocrx_word' id='word_1_461' title='bbox 1398 4226 1433 4284; x_wconf 91' lang='lat' dir='ltr'>et</span> <span class='ocrx_word' id='word_1_462' title='bbox 1447 4211 1653 4285; x_wconf 90' lang='lat' dir='ltr'>Coloniensi</span> <span class='ocrx_word' id='word_1_463' title='bbox 1673 4216 1835 4289; x_wconf 78' lang='lat' dir='ltr'>adiunxit</span> <span class='ocrx_word' id='word_1_464' title='bbox 1857 4241 1899 4288; x_wconf 80' lang='lat' dir='ltr'>ex</span> <span class='ocrx_word' id='word_1_465' title='bbox 1922 4219 2199 4299; x_wconf 90' lang='lat' dir='ltr'>bellicosissimis</span> <span class='ocrx_word' id='word_1_466' title='bbox 2213 4236 2377 4322; x_wconf 82' lang='lat' dir='ltr'>gentibus</span> 
     </span>
     <span class='ocr_line' id='line_1_37' title="bbox 375 4310 2378 4422; baseline 0.008 -32"><span class='ocrx_word' id='word_1_467' title='bbox 375 4320 410 4389; x_wconf 93' lang='lat' dir='ltr'>in</span> <span class='ocrx_word' id='word_1_468' title='bbox 428 4321 580 4412; x_wconf 89' lang='lat' dir='ltr'>imperio</span> <span class='ocrx_word' id='word_1_469' title='bbox 592 4319 757 4393; x_wconf 85' lang='lat' dir='ltr'>Romano</span> <span class='ocrx_word' id='word_1_470' title='bbox 775 4318 845 4388; x_wconf 90' lang='lat' dir='ltr'>iarn</span> <span class='ocrx_word' id='word_1_471' title='bbox 862 4327 1052 4408; x_wconf 86' lang='lat' dir='ltr'>propagata</span> <span class='ocrx_word' id='word_1_472' title='bbox 1065 4327 1158 4401; x_wconf 85' lang='lat' dir='ltr'>erat,</span> <span class='ocrx_word' id='word_1_473' title='bbox 1180 4328 1216 4385; x_wconf 88' lang='lat' dir='ltr'>et</span> <span class='ocrx_word' id='word_1_474' title='bbox 1232 4313 1348 4406; x_wconf 87' lang='lat' dir='ltr'>legum</span> <span class='ocrx_word' id='word_1_475' title='bbox 1398 4310 1602 4399; x_wconf 81' lang='lat' dir='ltr'>tresDuces,</span> <span class='ocrx_word' id='word_1_476' title='bbox 1615 4310 1861 4403; x_wconf 87' lang='lat' dir='ltr'>Bohemicnm‚</span> <span class='ocrx_word' id='word_1_477' title='bbox 1874 4317 2086 4395; x_wconf 80' lang='lat' dir='ltr'>Saxonicum</span> <span class='ocrx_word' id='word_1_478' title='bbox 2101 4326 2378 4422; x_wconf 87' lang='lat' dir='ltr'>etMarchicum,</span> 
     </span>
     <span class='ocr_line' id='line_1_38' title="bbox 374 4414 2376 4526; baseline 0.003 -31"><span class='ocrx_word' id='word_1_479' title='bbox 374 4418 612 4495; x_wconf 82' lang='lat' dir='ltr'>Romanarum</span> <span class='ocrx_word' id='word_1_480' title='bbox 627 4420 834 4514; x_wconf 89' lang='lat' dir='ltr'>praecipuus</span> <span class='ocrx_word' id='word_1_481' title='bbox 848 4429 964 4486; x_wconf 89' lang='lat' dir='ltr'>custos</span> <span class='ocrx_word' id='word_1_482' title='bbox 979 4415 1057 4490; x_wconf 86' lang='lat' dir='ltr'>luit.</span> <span class='ocrx_word' id='word_1_483' title='bbox 1399 4429 1433 4487; x_wconf 91' lang='lat' dir='ltr'>et</span> <span class='ocrx_word' id='word_1_484' title='bbox 1446 4415 1633 4486; x_wconf 89' lang='lat' dir='ltr'>adiunctus</span> <span class='ocrx_word' id='word_1_485' title='bbox 1648 4429 1698 4487; x_wconf 89' lang='lat' dir='ltr'>est</span> <span class='ocrx_word' id='word_1_486' title='bbox 1707 4414 1889 4489; x_wconf 88' lang='lat' dir='ltr'>Palatinus</span> <span class='ocrx_word' id='word_1_487' title='bbox 1897 4415 2036 4506; x_wconf 86' lang='lat' dir='ltr'>Rheni,</span> <span class='ocrx_word' id='word_1_488' title='bbox 2062 4427 2119 4497; x_wconf 84' lang='lat' dir='ltr'>vel</span> <span class='ocrx_word' id='word_1_489' title='bbox 2135 4430 2218 4521; x_wconf 86' lang='lat' dir='ltr'>quia</span> <span class='ocrx_word' id='word_1_490' title='bbox 2234 4456 2254 4502; x_wconf 90' lang='lat' dir='ltr'>e</span> <span class='ocrx_word' id='word_1_491' title='bbox 2267 4435 2376 4526; x_wconf 89' lang='lat' dir='ltr'>stirpe</span> 
     </span>
    </p>

    <p class='ocr_par' dir='ltr' id='par_1_4' title="bbox 371 4511 2377 5223">
     <span class='ocr_line' id='line_1_39' title="bbox 473 4511 2376 4628; baseline 0.007 -34"><span class='ocrx_word' id='word_1_492' title='bbox 473 4521 583 4595; x_wconf 89' lang='lat' dir='ltr'>Grata</span> <span class='ocrx_word' id='word_1_493' title='bbox 606 4536 640 4593; x_wconf 84' lang='lat' dir='ltr'>et</span> <span class='ocrx_word' id='word_1_494' title='bbox 659 4521 760 4592; x_wconf 90' lang='lat' dir='ltr'>utilis</span> <span class='ocrx_word' id='word_1_495' title='bbox 781 4517 850 4588; x_wconf 88' lang='lat' dir='ltr'>luit</span> <span class='ocrx_word' id='word_1_496' title='bbox 871 4531 957 4587; x_wconf 90' lang='lat' dir='ltr'>tunc</span> <span class='ocrx_word' id='word_1_497' title='bbox 979 4516 1163 4585; x_wconf 87' lang='lat' dir='ltr'>universae</span> <span class='ocrx_word' id='word_1_498' title='bbox 1183 4511 1349 4609; x_wconf 85' lang='lat' dir='ltr'>Europae</span> <span class='ocrx_word' id='word_1_499' title='bbox 1397 4513 1519 4587; x_wconf 90' lang='lat' dir='ltr'>Caroli</span> <span class='ocrx_word' id='word_1_500' title='bbox 1538 4516 1624 4606; x_wconf 84' lang='lat' dir='ltr'>fuit,</span> <span class='ocrx_word' id='word_1_501' title='bbox 1647 4519 1705 4586; x_wconf 83' lang='lat' dir='ltr'>vel</span> <span class='ocrx_word' id='word_1_502' title='bbox 1719 4531 1759 4589; x_wconf 91' lang='lat' dir='ltr'>ut</span> <span class='ocrx_word' id='word_1_503' title='bbox 1773 4516 1894 4591; x_wconf 87' lang='lat' dir='ltr'>Rheni</span> <span class='ocrx_word' id='word_1_504' title='bbox 1916 4521 2030 4613; x_wconf 89' lang='lat' dir='ltr'>ripam</span> <span class='ocrx_word' id='word_1_505' title='bbox 2049 4529 2254 4602; x_wconf 88' lang='lat' dir='ltr'>continuam</span> <span class='ocrx_word' id='word_1_506' title='bbox 2275 4538 2376 4628; x_wconf 85' lang='lat' dir='ltr'>quasi</span> 
     </span>
     <span class='ocr_line' id='line_1_40' title="bbox 374 4612 2376 4713; baseline 0.003 -14"><span class='ocrx_word' id='word_1_507' title='bbox 374 4626 575 4699; x_wconf 85' lang='lat' dir='ltr'>coniunctio</span> <span class='ocrx_word' id='word_1_508' title='bbox 604 4621 744 4706; x_wconf 87' lang='lat' dir='ltr'>ltaliae,</span> <span class='ocrx_word' id='word_1_509' title='bbox 783 4618 923 4690; x_wconf 85' lang='lat' dir='ltr'>Galliae</span> <span class='ocrx_word' id='word_1_510' title='bbox 955 4630 989 4688; x_wconf 89' lang='lat' dir='ltr'>et</span> <span class='ocrx_word' id='word_1_511' title='bbox 1012 4613 1235 4691; x_wconf 89' lang='lat' dir='ltr'>Germaniae.</span> <span class='ocrx_word' id='word_1_512' title='bbox 1300 4614 1350 4689; x_wconf 82' lang='lat' dir='ltr'>Et</span> <span class='ocrx_word' id='word_1_513' title='bbox 1397 4617 1547 4699; x_wconf 83' lang='lat' dir='ltr'>limitem</span> <span class='ocrx_word' id='word_1_514' title='bbox 1562 4612 1740 4689; x_wconf 81' lang='lat' dir='ltr'>Electores</span> <span class='ocrx_word' id='word_1_515' title='bbox 1757 4633 1909 4712; x_wconf 86' lang='lat' dir='ltr'>quatuor</span> <span class='ocrx_word' id='word_1_516' title='bbox 1923 4627 2154 4713; x_wconf 88' lang='lat' dir='ltr'>custodirent,</span> <span class='ocrx_word' id='word_1_517' title='bbox 2175 4646 2214 4704; x_wconf 92' lang='lat' dir='ltr'>ut</span> <span class='ocrx_word' id='word_1_518' title='bbox 2227 4635 2314 4705; x_wconf 89' lang='lat' dir='ltr'>alibi</span> <span class='ocrx_word' id='word_1_519' title='bbox 2329 4638 2376 4706; x_wconf 90' lang='lat' dir='ltr'>li·</span> 
     </span>
     <span class='ocr_line' id='line_1_41' title="bbox 372 4715 2376 4821; baseline 0.008 -24"><span class='ocrx_word' id='word_1_520' title='bbox 372 4727 443 4821; x_wconf 90' lang='lat' dir='ltr'>ipse</span> <span class='ocrx_word' id='word_1_521' title='bbox 466 4724 617 4798; x_wconf 90' lang='lat' dir='ltr'>Carolus</span> <span class='ocrx_word' id='word_1_522' title='bbox 650 4723 765 4794; x_wconf 88' lang='lat' dir='ltr'>voluit</span> <span class='ocrx_word' id='word_1_523' title='bbox 788 4715 882 4790; x_wconf 87' lang='lat' dir='ltr'>hanc</span> <span class='ocrx_word' id='word_1_524' title='bbox 907 4716 1194 4789; x_wconf 90' lang='lat' dir='ltr'>coniunctionem</span> <span class='ocrx_word' id='word_1_525' title='bbox 1220 4719 1349 4789; x_wconf 90' lang='lat' dir='ltr'>durare</span> <span class='ocrx_word' id='word_1_526' title='bbox 1397 4717 1520 4789; x_wconf 89' lang='lat' dir='ltr'>mitem</span> <span class='ocrx_word' id='word_1_527' title='bbox 1534 4717 1740 4790; x_wconf 91' lang='lat' dir='ltr'>orientalem</span> <span class='ocrx_word' id='word_1_528' title='bbox 1751 4733 1940 4793; x_wconf 90' lang='lat' dir='ltr'>tenuerunt</span> <span class='ocrx_word' id='word_1_529' title='bbox 1954 4728 2092 4798; x_wconf 88' lang='lat' dir='ltr'>caeteri.</span> <span class='ocrx_word' id='word_1_530' title='bbox 2116 4727 2157 4799; x_wconf 92' lang='lat' dir='ltr'>ln</span> <span class='ocrx_word' id='word_1_531' title='bbox 2167 4725 2376 4814; x_wconf 89' lang='lat' dir='ltr'>hocSenatn</span> 
     </span>
     <span class='ocr_line' id='line_1_42' title="bbox 371 4815 2376 4921; baseline 0.004 -26"><span class='ocrx_word' id='word_1_532' title='bbox 371 4832 411 4901; x_wconf 84' lang='lat' dir='ltr'>sd</span> <span class='ocrx_word' id='word_1_533' title='bbox 433 4840 613 4921; x_wconf 88' lang='lat' dir='ltr'>posteros,</span> <span class='ocrx_word' id='word_1_534' title='bbox 649 4849 689 4895; x_wconf 94' lang='lat' dir='ltr'>ac</span> <span class='ocrx_word' id='word_1_535' title='bbox 701 4821 885 4894; x_wconf 87' lang='lat' dir='ltr'>Ludorico</span> <span class='ocrx_word' id='word_1_536' title='bbox 907 4818 982 4890; x_wconf 88' lang='lat' dir='ltr'>lilio</span> <span class='ocrx_word' id='word_1_537' title='bbox 1001 4820 1169 4890; x_wconf 89' lang='lat' dir='ltr'>tuendam</span> <span class='ocrx_word' id='word_1_538' title='bbox 1191 4819 1349 4894; x_wconf 86' lang='lat' dir='ltr'>tradidit.</span> <span class='ocrx_word' id='word_1_539' title='bbox 1397 4818 1587 4912; x_wconf 89' lang='lat' dir='ltr'>aequalitas</span> <span class='ocrx_word' id='word_1_540' title='bbox 1602 4815 1908 4908; x_wconf 85' lang='lat' dir='ltr'>estArithmetica,</span> <span class='ocrx_word' id='word_1_541' title='bbox 1924 4837 2068 4897; x_wconf 84' lang='lat' dir='ltr'>tantum</span> <span class='ocrx_word' id='word_1_542' title='bbox 2086 4822 2376 4914; x_wconf 74' lang='lat' dir='ltr'>hocmunnsba.</span> 
     </span>
     <span class='ocr_line' id='line_1_43' title="bbox 371 4917 2352 5019; baseline 0.009 -25"><span class='ocrx_word' id='word_1_543' title='bbox 371 4926 500 5005; x_wconf 71' lang='lat' dir='ltr'>Postea</span> <span class='ocrx_word' id='word_1_544' title='bbox 517 4948 594 4993; x_wconf 86' lang='lat' dir='ltr'>curn</span> <span class='ocrx_word' id='word_1_545' title='bbox 610 4923 749 4995; x_wconf 89' lang='lat' dir='ltr'>Galliae</span> <span class='ocrx_word' id='word_1_546' title='bbox 765 4946 846 5017; x_wconf 90' lang='lat' dir='ltr'>pars</span> <span class='ocrx_word' id='word_1_547' title='bbox 859 4920 980 4991; x_wconf 85' lang='lat' dir='ltr'>avulsa</span> <span class='ocrx_word' id='word_1_548' title='bbox 995 4934 1066 5004; x_wconf 89' lang='lat' dir='ltr'>est,</span> <span class='ocrx_word' id='word_1_549' title='bbox 1088 4932 1208 4989; x_wconf 86' lang='lat' dir='ltr'>tamen</span> <span class='ocrx_word' id='word_1_550' title='bbox 1226 4917 1348 4991; x_wconf 88' lang='lat' dir='ltr'>Italiae</span> <span class='ocrx_word' id='word_1_551' title='bbox 1398 4920 1457 4991; x_wconf 89' lang='lat' dir='ltr'>bet</span> <span class='ocrx_word' id='word_1_552' title='bbox 1471 4921 1657 5011; x_wconf 89' lang='lat' dir='ltr'>proprium</span> <span class='ocrx_word' id='word_1_553' title='bbox 1673 4919 1926 5010; x_wconf 91' lang='lat' dir='ltr'>Moguntinns,</span> <span class='ocrx_word' id='word_1_554' title='bbox 1948 4939 1988 4996; x_wconf 91' lang='lat' dir='ltr'>ut</span> <span class='ocrx_word' id='word_1_555' title='bbox 2003 4942 2157 5002; x_wconf 85' lang='lat' dir='ltr'>caeteros</span> <span class='ocrx_word' id='word_1_556' title='bbox 2173 4955 2352 5019; x_wconf 86' lang='lat' dir='ltr'>convocet.</span> 
     </span>
     <span class='ocr_line' id='line_1_44' title="bbox 372 5016 2377 5120; baseline 0.006 -19"><span class='ocrx_word' id='word_1_557' title='bbox 372 5023 639 5105; x_wconf 84' lang='lat' dir='ltr'>etGermaniae</span> <span class='ocrx_word' id='word_1_558' title='bbox 656 5024 937 5098; x_wconf 88' lang='lat' dir='ltr'>coniunctionem</span> <span class='ocrx_word' id='word_1_559' title='bbox 961 5019 1185 5092; x_wconf 90' lang='lat' dir='ltr'>retinuerunt</span> <span class='ocrx_word' id='word_1_560' title='bbox 1206 5020 1275 5089; x_wconf 88' lang='lat' dir='ltr'>viri</span> <span class='ocrx_word' id='word_1_561' title='bbox 1294 5043 1350 5091; x_wconf 87' lang='lat' dir='ltr'>sa·</span> <span class='ocrx_word' id='word_1_562' title='bbox 1499 5016 1569 5090; x_wconf 83' lang='lat' dir='ltr'>llic</span> <span class='ocrx_word' id='word_1_563' title='bbox 1588 5019 1740 5092; x_wconf 88' lang='lat' dir='ltr'>Senatus</span> <span class='ocrx_word' id='word_1_564' title='bbox 1763 5036 1797 5093; x_wconf 91' lang='lat' dir='ltr'>et</span> <span class='ocrx_word' id='word_1_565' title='bbox 1820 5023 1918 5112; x_wconf 89' lang='lat' dir='ltr'>eligit</span> <span class='ocrx_word' id='word_1_566' title='bbox 1939 5022 2207 5120; x_wconf 88' lang='lat' dir='ltr'>Imperatorem,</span> <span class='ocrx_word' id='word_1_567' title='bbox 2232 5040 2317 5111; x_wconf 90' lang='lat' dir='ltr'>etsi</span> <span class='ocrx_word' id='word_1_568' title='bbox 2338 5044 2377 5118; x_wconf 87' lang='lat' dir='ltr'>lit</span> 
     </span>
     <span class='ocr_line' id='line_1_45' title="bbox 374 5113 2376 5223; baseline 0.006 -20"><span class='ocrx_word' id='word_1_569' title='bbox 374 5132 511 5223; x_wconf 84' lang='lat' dir='ltr'>pientes</span> <span class='ocrx_word' id='word_1_570' title='bbox 530 5138 565 5196; x_wconf 91' lang='lat' dir='ltr'>et</span> <span class='ocrx_word' id='word_1_571' title='bbox 590 5124 802 5210; x_wconf 85' lang='lat' dir='ltr'>magnanimi</span> <span class='ocrx_word' id='word_1_572' title='bbox 823 5121 992 5195; x_wconf 83' lang='lat' dir='ltr'>Saxonici</span> <span class='ocrx_word' id='word_1_573' title='bbox 1012 5117 1195 5211; x_wconf 88' lang='lat' dir='ltr'>Principes</span> <span class='ocrx_word' id='word_1_574' title='bbox 1217 5118 1347 5192; x_wconf 89' lang='lat' dir='ltr'>Henri·</span> <span class='ocrx_word' id='word_1_575' title='bbox 1398 5133 1589 5214; x_wconf 86' lang='lat' dir='ltr'>tyrannus,</span> <span class='ocrx_word' id='word_1_576' title='bbox 1624 5133 1687 5192; x_wconf 88' lang='lat' dir='ltr'>aut</span> <span class='ocrx_word' id='word_1_577' title='bbox 1707 5113 1818 5191; x_wconf 87' lang='lat' dir='ltr'>hostis</span> <span class='ocrx_word' id='word_1_578' title='bbox 1838 5145 1941 5194; x_wconf 86' lang='lat' dir='ltr'>verae</span> <span class='ocrx_word' id='word_1_579' title='bbox 1961 5127 2142 5201; x_wconf 89' lang='lat' dir='ltr'>doctrinae</span> <span class='ocrx_word' id='word_1_580' title='bbox 2167 5138 2316 5212; x_wconf 85' lang='lat' dir='ltr'>traditae</span> <span class='ocrx_word' id='word_1_581' title='bbox 2335 5144 2376 5216; x_wconf 91' lang='lat' dir='ltr'>in</span> 
     </span>
    </p>

    <p class='ocr_par' dir='ltr' id='par_1_5' title="bbox 355 5200 2378 5337">
     <span class='ocr_line' id='line_1_46' title="bbox 355 5200 2378 5337; baseline 0.007 -39"><span class='ocrx_word' id='word_1_582' title='bbox 355 5200 452 5317; x_wconf 43' lang='lat' dir='ltr'>Esus,</span> <span class='ocrx_word' id='word_1_583' title='bbox 479 5221 583 5298; x_wconf 91' lang='lat' dir='ltr'>Otho</span> <span class='ocrx_word' id='word_1_584' title='bbox 604 5221 764 5315; x_wconf 88' lang='lat' dir='ltr'>primus,</span> <span class='ocrx_word' id='word_1_585' title='bbox 786 5218 882 5295; x_wconf 89' lang='lat' dir='ltr'>Otho</span> <span class='ocrx_word' id='word_1_586' title='bbox 906 5221 1080 5293; x_wconf 84' lang='lat' dir='ltr'>secundus</span> <span class='ocrx_word' id='word_1_587' title='bbox 1100 5233 1136 5317; x_wconf 78' lang='lat' dir='ltr'>et</span> <span class='ocrx_word' id='word_1_588' title='bbox 1152 5216 1253 5291; x_wconf 93' lang='lat' dir='ltr'>Otho</span> <span class='ocrx_word' id='word_1_589' title='bbox 1278 5235 1350 5292; x_wconf 92' lang='lat' dir='ltr'>ter·</span> <span class='ocrx_word' id='word_1_590' title='bbox 1399 5220 1587 5314; x_wconf 86' lang='lat' dir='ltr'>symbolis,</span> <span class='ocrx_word' id='word_1_591' title='bbox 1616 5221 1820 5312; x_wconf 86' lang='lat' dir='ltr'>Apostolico</span> <span class='ocrx_word' id='word_1_592' title='bbox 1841 5237 1876 5295; x_wconf 90' lang='lat' dir='ltr'>et</span> <span class='ocrx_word' id='word_1_593' title='bbox 1899 5221 2054 5314; x_wconf 87' lang='lat' dir='ltr'>Niceno,</span> <span class='ocrx_word' id='word_1_594' title='bbox 2085 5230 2190 5323; x_wconf 92' lang='lat' dir='ltr'>eripit</span> <span class='ocrx_word' id='word_1_595' title='bbox 2212 5238 2244 5307; x_wconf 88' lang='lat' dir='ltr'>ei</span> <span class='ocrx_word' id='word_1_596' title='bbox 2265 5241 2378 5337; x_wconf 80' lang='lat' dir='ltr'>impe.</span> 
     </span>
    </p>

    <p class='ocr_par' dir='ltr' id='par_1_6' title="bbox 378 5317 2378 5428">
     <span class='ocr_line' id='line_1_47' title="bbox 378 5317 2378 5428; baseline 0.011 -39"><span class='ocrx_word' id='word_1_597' title='bbox 378 5332 454 5405; x_wconf 64' lang='lat' dir='ltr'>tim,</span> <span class='ocrx_word' id='word_1_598' title='bbox 520 5322 569 5399; x_wconf 82' lang='lat' dir='ltr'>Et</span> <span class='ocrx_word' id='word_1_599' title='bbox 596 5323 682 5419; x_wconf 87' lang='lat' dir='ltr'>quia</span> <span class='ocrx_word' id='word_1_600' title='bbox 713 5319 827 5412; x_wconf 81' lang='lat' dir='ltr'>reipsa</span> <span class='ocrx_word' id='word_1_601' title='bbox 853 5324 922 5393; x_wconf 85' lang='lat' dir='ltr'>iarn</span> <span class='ocrx_word' id='word_1_602' title='bbox 947 5334 1169 5413; x_wconf 83' lang='lat' dir='ltr'>compertum</span> <span class='ocrx_word' id='word_1_603' title='bbox 1190 5336 1263 5395; x_wconf 89' lang='lat' dir='ltr'>erat</span> <span class='ocrx_word' id='word_1_604' title='bbox 1282 5318 1351 5393; x_wconf 91' lang='lat' dir='ltr'>hoc</span> <span class='ocrx_word' id='word_1_605' title='bbox 1399 5321 1505 5395; x_wconf 90' lang='lat' dir='ltr'>rium.</span> <span class='ocrx_word' id='word_1_606' title='bbox 1555 5317 1628 5390; x_wconf 89' lang='lat' dir='ltr'>Nec</span> <span class='ocrx_word' id='word_1_607' title='bbox 1641 5322 1731 5394; x_wconf 90' lang='lat' dir='ltr'>liunt</span> <span class='ocrx_word' id='word_1_608' title='bbox 1745 5323 1881 5396; x_wconf 86' lang='lat' dir='ltr'>decreta</span> <span class='ocrx_word' id='word_1_609' title='bbox 1900 5349 1920 5395; x_wconf 86' lang='lat' dir='ltr'>a</span> <span class='ocrx_word' id='word_1_610' title='bbox 1940 5328 2016 5398; x_wconf 87' lang='lat' dir='ltr'>solo</span> <span class='ocrx_word' id='word_1_611' title='bbox 2035 5327 2269 5428; x_wconf 84' lang='lat' dir='ltr'>Imperatore,</span> <span class='ocrx_word' id='word_1_612' title='bbox 2298 5346 2378 5422; x_wconf 65' lang='lat' dir='ltr'>&#39;stne</span> 
     </span>
    </p>

    <p class='ocr_par' dir='ltr' id='par_1_7' title="bbox 380 5420 2379 5532">
     <span class='ocr_line' id='line_1_48' title="bbox 380 5420 2379 5532; baseline 0.005 -35"><span class='ocrx_word' id='word_1_613' title='bbox 380 5433 617 5525; x_wconf 69' lang='lat' dir='ltr'>qualecunque</span> <span class='ocrx_word' id='word_1_614' title='bbox 640 5422 833 5515; x_wconf 85' lang='lat' dir='ltr'>imperium</span> <span class='ocrx_word' id='word_1_615' title='bbox 855 5420 922 5491; x_wconf 84' lang='lat' dir='ltr'>ism</span> <span class='ocrx_word' id='word_1_616' title='bbox 942 5422 1093 5501; x_wconf 74' lang='lat' dir='ltr'>salutm</span> <span class='ocrx_word' id='word_1_617' title='bbox 1110 5422 1218 5493; x_wconf 84' lang='lat' dir='ltr'>fnisse</span> <span class='ocrx_word' id='word_1_618' title='bbox 1233 5420 1352 5495; x_wconf 81' lang='lat' dir='ltr'>Euro·</span> <span class='ocrx_word' id='word_1_619' title='bbox 1399 5420 1654 5512; x_wconf 90' lang='lat' dir='ltr'>adprobatione</span> <span class='ocrx_word' id='word_1_620' title='bbox 1674 5423 1833 5515; x_wconf 90' lang='lat' dir='ltr'>plurium</span> <span class='ocrx_word' id='word_1_621' title='bbox 1846 5449 1897 5497; x_wconf 82' lang='lat' dir='ltr'>er</span> <span class='ocrx_word' id='word_1_622' title='bbox 1918 5421 1987 5499; x_wconf 92' lang='lat' dir='ltr'>hoc</span> <span class='ocrx_word' id='word_1_623' title='bbox 2004 5429 2154 5515; x_wconf 91' lang='lat' dir='ltr'>Senatu,</span> <span class='ocrx_word' id='word_1_624' title='bbox 2187 5443 2248 5532; x_wconf 81' lang='lat' dir='ltr'>qui</span> <span class='ocrx_word' id='word_1_625' title='bbox 2273 5449 2379 5520; x_wconf 66' lang='lat' dir='ltr'>eriam</span> 
     </span>
    </p>

    <p class='ocr_par' dir='ltr' id='par_1_8' title="bbox 380 5519 2379 5632">
     <span class='ocr_line' id='line_1_49' title="bbox 380 5519 2379 5632; baseline 0.01 -35"><span class='ocrx_word' id='word_1_626' title='bbox 380 5555 458 5624; x_wconf 72' lang='lat' dir='ltr'>pse,</span> <span class='ocrx_word' id='word_1_627' title='bbox 491 5528 657 5620; x_wconf 90' lang='lat' dir='ltr'>depulsos</span> <span class='ocrx_word' id='word_1_628' title='bbox 682 5547 758 5595; x_wconf 84' lang='lat' dir='ltr'>esse</span> <span class='ocrx_word' id='word_1_629' title='bbox 777 5522 948 5595; x_wconf 85' lang='lat' dir='ltr'>barbaros</span> <span class='ocrx_word' id='word_1_630' title='bbox 963 5519 1153 5595; x_wconf 81' lang='lat' dir='ltr'>Saracenos</span> <span class='ocrx_word' id='word_1_631' title='bbox 1174 5525 1220 5595; x_wconf 90' lang='lat' dir='ltr'>ab</span> <span class='ocrx_word' id='word_1_632' title='bbox 1234 5522 1351 5610; x_wconf 85' lang='lat' dir='ltr'>Italia,</span> <span class='ocrx_word' id='word_1_633' title='bbox 1400 5523 1440 5591; x_wconf 89' lang='lat' dir='ltr'>in</span> <span class='ocrx_word' id='word_1_634' title='bbox 1454 5523 1688 5594; x_wconf 85' lang='lat' dir='ltr'>conventibus</span> <span class='ocrx_word' id='word_1_635' title='bbox 1701 5525 1785 5597; x_wconf 82' lang='lat' dir='ltr'>lacit</span> <span class='ocrx_word' id='word_1_636' title='bbox 1799 5525 2076 5624; x_wconf 75' lang='grc' dir='ltr'><strong><em>προβούλευμα,</em></strong></span> <span class='ocrx_word' id='word_1_637' title='bbox 2102 5537 2231 5632; x_wconf 90' lang='lat' dir='ltr'>dequo</span> <span class='ocrx_word' id='word_1_638' title='bbox 2246 5546 2379 5623; x_wconf 78' lang='lat' dir='ltr'>deinde</span> 
     </span>
    </p>

    <p class='ocr_par' dir='ltr' id='par_1_9' title="bbox 354 5618 2376 5732">
     <span class='ocr_line' id='line_1_50' title="bbox 354 5618 2376 5732; baseline 0.006 -34"><span class='ocrx_word' id='word_1_639' title='bbox 354 5634 357 5639; x_wconf 84' lang='lat'>&#39;</span> <span class='ocrx_word' id='word_1_640' title='bbox 386 5629 604 5705; x_wconf 85' lang='lat' dir='ltr'>sGermania</span> <span class='ocrx_word' id='word_1_641' title='bbox 617 5626 808 5716; x_wconf 87' lang='lat' dir='ltr'>Hungaros</span> <span class='ocrx_word' id='word_1_642' title='bbox 832 5622 875 5712; x_wconf 65' lang='lat' dir='ltr'>etj</span> <span class='ocrx_word' id='word_1_643' title='bbox 889 5618 1063 5705; x_wconf 87' lang='lat' dir='ltr'>Henetus,</span> <span class='ocrx_word' id='word_1_644' title='bbox 1091 5637 1127 5695; x_wconf 90' lang='lat' dir='ltr'>et</span> <span class='ocrx_word' id='word_1_645' title='bbox 1141 5625 1179 5695; x_wconf 89' lang='lat' dir='ltr'>in</span> <span class='ocrx_word' id='word_1_646' title='bbox 1193 5621 1250 5695; x_wconf 93' lang='lat' dir='ltr'>his</span> <span class='ocrx_word' id='word_1_647' title='bbox 1266 5625 1351 5718; x_wconf 92' lang='lat' dir='ltr'>ipsis</span> <span class='ocrx_word' id='word_1_648' title='bbox 1401 5622 1601 5695; x_wconf 86' lang='lat' dir='ltr'>deliberant</span> <span class='ocrx_word' id='word_1_649' title='bbox 1623 5627 1748 5697; x_wconf 91' lang='lat' dir='ltr'>caeteri</span> <span class='ocrx_word' id='word_1_650' title='bbox 1770 5625 1972 5722; x_wconf 89' lang='lat' dir='ltr'>Principes,</span> <span class='ocrx_word' id='word_1_651' title='bbox 2004 5657 2083 5703; x_wconf 89' lang='lat' dir='ltr'>eum</span> <span class='ocrx_word' id='word_1_652' title='bbox 2106 5639 2236 5730; x_wconf 87' lang='lat' dir='ltr'>quibus</span> <span class='ocrx_word' id='word_1_653' title='bbox 2258 5660 2376 5732; x_wconf 83' lang='lat' dir='ltr'>postea</span> 
     </span>
    </p>

    <p class='ocr_par' dir='ltr' id='par_1_10' title="bbox 380 5714 2377 5908">
     <span class='ocr_line' id='line_1_51' title="bbox 380 5714 2377 5834; baseline 0.001 -27"><span class='ocrx_word' id='word_1_654' title='bbox 380 5735 538 5824; x_wconf 68' lang='lat' dir='ltr'>gentibus</span> <span class='ocrx_word' id='word_1_655' title='bbox 567 5729 775 5817; x_wconf 85' lang='lat' dir='ltr'>religionem</span> <span class='ocrx_word' id='word_1_656' title='bbox 793 5719 1035 5816; x_wconf 78' lang='lat' dir='ltr'>Christianam</span> <span class='ocrx_word' id='word_1_657' title='bbox 1064 5714 1191 5797; x_wconf 89' lang='lat' dir='ltr'>horum</span> <span class='ocrx_word' id='word_1_658' title='bbox 1213 5724 1354 5812; x_wconf 88' lang='lat' dir='ltr'>Princi·</span> <span class='ocrx_word' id='word_1_659' title='bbox 1401 5725 1601 5803; x_wconf 85' lang='lat' dir='ltr'>communis</span> <span class='ocrx_word' id='word_1_660' title='bbox 1623 5726 1664 5805; x_wconf 85' lang='lat' dir='ltr'>fit</span> <span class='ocrx_word' id='word_1_661' title='bbox 1682 5727 1898 5819; x_wconf 86' lang='lat' dir='ltr'>suffragatio.</span> <span class='ocrx_word' id='word_1_662' title='bbox 1947 5730 2047 5806; x_wconf 88' lang='lat' dir='ltr'>Sicut</span> <span class='ocrx_word' id='word_1_663' title='bbox 2061 5730 2377 5834; x_wconf 62' lang='lat' dir='ltr'>Athenissenatus</span> 
     </span>
     <span class='ocr_line' id='line_1_52' title="bbox 424 5820 1872 5908; baseline 0 -6"><span class='ocrx_word' id='word_1_664' title='bbox 424 5839 605 5908; x_wconf 74' lang='lat' dir='ltr'>bimarem</span> <span class='ocrx_word' id='word_1_665' title='bbox 628 5820 730 5902; x_wconf 79' lang='lat' dir='ltr'>orca.</span> <span class='ocrx_word' id='word_1_666' title='bbox 754 5824 931 5898; x_wconf 67' lang='lat' dir='ltr'>vonxlt.</span> <span class='ocrx_word' id='word_1_667' title='bbox 1848 5830 1872 5902; x_wconf 89' lang='grc'><strong>6</strong></span> 
     </span>
    </p>
   </div>
   <div class='ocr_carea' id='block_1_3' title="bbox 0 0 3018 6774">
    <p class='ocr_par' dir='ltr' id='par_1_11' title="bbox 0 0 3018 6774">
     <span class='ocr_line' id='line_1_53' title="bbox 0 0 3018 6774; baseline 0 0"><span class='ocrx_word' id='word_1_668' title='bbox 0 0 3018 6774; x_wconf 95' lang='lat' dir='ltr'> </span> 
     </span>
    </p>
   </div>
  </div>
 </body>
</html>
