6025 6775
494 569 569 648 93⁵
748 504 753 510 ’
906 547 910 558 ’
1056 544 1954 632 1.cunoutconcutuoutsmsnsn.
2436 562 2511 639 uss

595 735 750 807 Niccnse
770 732 908 829 Synodi
929 730 1011 800 linis
1031 728 1157 800 incidit
1174 728 1212 797 in
1228 746 1360 795 annum
1377 721 1471 789 viee·
1523 717 1604 790 Hoc
1629 734 1696 792 est:
1723 718 1762 792 si
1785 717 1967 815 quisbue,
1992 720 2180 821 sociemus
2202 719 2402 809 huminem,
2430 757 2504 804 non

497 831 625 911 simum
648 838 802 928 primum
825 831 1061 907 Constantini.
1114 828 1156 896 ln
1178 849 1312 897 annum
1337 816 1469 891 Christi
1524 819 1663 889 Patrem
1680 824 1722 891 ad
1734 821 1866 891 Filium
1884 824 2023 911 dixisse,
2046 827 2104 895 sed
2122 827 2236 916 ipsum
2247 832 2290 899 ad
2306 829 2503 904 seseDeum

497 938 778 1010 trecentesimum
796 936 999 1004 vicesimum
1018 953 1165 999 nonum.
1522 922 1669 1008 dixisse,
1694 918 1882 995 anathema
1899 925 1956 997 sit.

599 1040 708 1109 Aurio
732 1036 906 1106 tricesimu
925 1030 1162 1103 Constantini.
1213 1022 1323 1095 Anno
1337 1015 1471 1091 Christi

495 1139 739 1212 trecentesimo
763 1136 937 1207 tricesimo
960 1155 1056 1201 nono
1078 1130 1147 1199 fuit
1163 1125 1331 1222 synodus
1347 1120 1470 1216 Tyria,
1860 1118 1902 1185 ll.
1952 1120 2176 1187 Decretum.

496 1258 530 1312 et
554 1254 714 1330 receptus
738 1251 787 1306 est
801 1234 929 1318 Arius,
955 1233 1016 1325 qui
1040 1244 1158 1299 tamen
1181 1227 1364 1318 aliquantu
1388 1234 1469 1314 post

494 1337 805 1428 Constantinopoli
820 1348 981 1404 monuus
997 1342 1066 1409 cst,
1093 1352 1173 1399 cum
1190 1351 1231 1397 ex
1245 1325 1342 1419 Tyro
1353 1322 1468 1417 Syno-

495 1445 561 1512 dus
581 1466 622 1511 eo
638 1451 756 1507 vocata
773 1450 873 1505 essct.

458 1571 468 1582 ·
597 1537 703 1608 Anno
718 1538 855 1606 decimo
871 1543 1116 1624 postmortem
1131 1524 1369 1598 Constantini.

1624 1265 1674 1336 Εἴ
1691 1290 1747 1346 τις
1764 1270 1819 1359 τῷ
1830 1260 1966 1360 Ἰακώβ
1977 1262 2030 1360 μὴ
2046 1263 2114 1339 τὸν
2130 1264 2215 1342 υἱὸν
2227 1266 2278 1353 ὥς
2293 1270 2500 1369 ἄνθρωπον

1519 1364 1892 1438 καταπεπαλαικίναιε
1925 1372 2017 1437 otto
2041 1393 2107 1439 τον
2129 1395 2310 1465 αγινητον
2331 1371 2426 1448 θεὸν
2431 1429 2444 1462 ,
2474 1374 2499 1470 ἢ

1521 1463 1632 1561 μέρος
1654 1465 1792 1553 αὐτοῦ,
1833 1464 1927 1565 λέγει
1932 1518 1944 1551 ,
1978 1461 2155 1562 ἀνάθεμα
2174 1469 2279 1549 ἔσται.
2331 1472 2409 1545 Hoc
2431 1492 2498 1548 est:

802 1636 810 1653 ι
848 1635 856 1650 ,
1054 1630 1063 1648 ,
1229 1628 1238 1645 ,
1398 1624 1407 1642 .
1521 1565 1561 1638 si
1578 1565 1657 1657 quis
1680 1590 1759 1635 cum
1775 1567 1881 1639 iacob
1903 1592 1976 1637 non
1993 1568 2105 1638 filium
2126 1584 2293 1666 tanquam
2316 1571 2499 1647 hominem

540 1703 544 1711 ‚
596 1637 704 1708 A¹¹¹¹⁰
724 1631 859 1708 Clfflffl
881 1645 1146 1714 “ecenmmm’
1179 1647 1469 1721 q⁰¹¹¹q¹¹³3²⁸¹m⁰
1522 1666 1747 1738 colluctatum
1764 1689 1836 1736 esse
1851 1670 1997 1738 dixerit:
2024 1670 2085 1738 sed
2100 1694 2174 1741 nun
2194 1675 2352 1763 gentium
2369 1675 2498 1765 Deum,

492 1742 617 1831 primm
849 1835 858 1853 .
1238 1829 1247 1847 .
1308 1828 1317 1844 .
1440 1825 1448 1842 .
1521 1781 1583 1839 aut
1596 1778 1732 1858 partem
1750 1761 1838 1850 Dei,
1863 1764 2049 1839 anathema
2064 1768 2120 1840 sit.

594 1837 701 1909 Anno
719 1847 798 1926 post
812 1834 983 1905 Nicenam
999 1831 1185 1927 Synodum
1201 1842 1378 1900 tricesimu
1395 1848 1470 1914 prr-

494 1940 644 2012 moluit
670 1938 836 2032 Synudns
860 1928 1119 2018 sardicensis„
1149 1931 1230 2023 pia,
1256 1928 1469 1999 confirmans

491 2040 674 2110 Nicenam.

596 2138 705 2209 Anno
730 2134 932 2208 Constantii
961 2132 1085 2226 quinto
1108 2132 1265 2214 decimu,
1305 2128 1469 2227 videlicet
1624 2128 1740 2208 Είτις
1753 2124 1815 2212 τὸ,
1835 2124 1981 2221 ’specte
1993 2121 2131 2221 Κύριος
2151 2130 2253 2225 παρὰ
2273 2132 2424 2230 κυρίου,
2445 2137 2497 2231 μὴ

493 2242 620 2334 quinto
636 2252 716 2329 pust
731 2237 973 2312 sardicensem
991 2234 1196 2327 synodum,
1218 2229 1288 2299 fuit
1303 2227 1468 2322 synodus
1521 2225 1580 2304 ἐπὶ
1605 2235 1675 2302 τοῦ
1700 2224 1839 2324 πατρὸς
1857 2224 1922 2299 καὶ
1940 2232 2009 2299 τοῦ
2031 2228 2119 2304 υἱοῦ
2146 2230 2386 2326 ἐκλαμβάγα,
2421 2236 2497 2309 ἀλλ,

493 2336 737 2433 syrmiensis,
770 2338 809 2404 in
838 2359 908 2429 qua
929 2348 964 2404 et
989 2336 1064 2424 ipse
1086 2330 1316 2403 Constantius
1344 2328 1469 2413 adluit,
1521 2327 1639 2406 αὐτὸν
1660 2326 1761 2425 παρὰ
1783 2329 1920 2401 ἑαυτοῦ
1943 2326 2036 2454 le'yet
2057 2328 2294 2426 βιβρεχίναι,
2319 2331 2499 2429 ἀνάθεμα

494 2455 590 2511 motu
611 2439 705 2509 bello
730 2439 897 2508 adversus
913 2431 1181 2522 Magnentinm,
1207 2431 1384 2501 contraria
1401 2428 1467 2500 Ni·
1520 2432 1624 2505 ἔσται.
1667 2430 1813 2526 ’lippata
1833 2426 1907 2528 γὰρ
1928 2433 2066 2526 Κυριος
2086 2427 2106 2501 ὁ
2129 2430 2209 2514 υἱὸς
2235 2431 2336 2529 παρὰ
2363 2434 2497 2532 κυρίου

494 2563 610 2611 cenae.
1519 2539 1588 2606 τοῦ
1613 2529 1763 2629 πατρὸς.
1813 2530 1892 2604 Huc
1914 2543 1981 2601 est:
2011 2531 2050 2602 si
2070 2534 2150 2623 quis
2172 2530 2254 2605 huc:
2288 2530 2393 2606 Pluit
2412 2532 2499 2608 Du-

595 2638 802 2732 Sequuntur
829 2632 1069 2727 Syrmiensem
1103 2633 1236 2723 exiguis
1272 2632 1468 2705 intervallis
1519 2634 1643 2704 minus
1666 2658 1686 2704 a
1706 2628 1892 2714 Domino,
1924 2655 1998 2700 non
2015 2634 2059 2700 de
2078 2632 2181 2704 Patre
2196 2648 2230 2705 et
2246 2634 2342 2706 Filio
2359 2640 2496 2731 accipit,

493 2741 631 2835 synodi
644 2738 789 2829 impiae:
815 2731 1072 2819 Ariminensis,
1098 2733 1328 2806 seleuciensis
1343 2748 1377 2805 et
1390 2733 1469 2803 an·
1520 2737 1580 2806 sed
1596 2735 1710 2825 ipsum
1735 2734 1885 2824 aseipso
1909 2732 2040 2823 pluisse
2062 2733 2209 2814 dixerit,
2235 2733 2418 2808 anathema
2441 2741 2497 2810 sit.

493 2839 665 2912 tiochena.
1521 2834 1619 2905 Pluit
1634 2834 1728 2903 enim
1741 2834 1836 2903 filius
1850 2832 2027 2903 Dominus
2043 2855 2061 2900 a
2080 2848 2178 2922 patre
2193 2832 2361 2909 Domino.

594 2937 745 3009 Occasio
772 2947 889 3008 antem
929 2937 1176 3005 convocandae
1209 2932 1347 3029 synodi
1379 2932 1469 3028 Syr·
1620 2932 1718 3004 Haec
1738 2934 1869 3018 recito,
1895 2933 1977 3027 quia
2002 2934 2213 3017 ostendunt,
2240 2948 2274 3005 et
2288 2948 2496 3008 vetustatem
2604 2959 2607 2967 ·

493 3041 638 3110 miensis
661 3034 747 3107 haec
770 3038 854 3106 suit:
885 3035 935 3108 Ut
955 3037 1063 3105 semel
1093 3036 1198 3105 mutis
1230 3037 1337 3106 rebus
1363 3034 1469 3104 multi
1519 3032 1712 3107 haecdicta
1729 3034 1768 3104 in
1783 3033 1959 3105 Muisede
1976 3025 2084 3102 Filio
2105 3034 2328 3107 intellexisse.
2364 3117 2370 3128 Ι
2428 3053 2430 3056 ·

494 3140 651 3230 exemplo
667 3140 757 3208 fiunt
771 3138 992 3221 audaciores,
1013 3150 1046 3209 et
1068 3160 1180 3207 novos
1203 3135 1375 3206 turnultus
1389 3159 1469 3203 mo-
1619 3135 1762 3227 Agitata
1778 3147 1831 3205 est
1843 3135 1949 3205 etiam
1965 3146 2050 3203 tnnc
2066 3136 2225 3226 quaestio
2249 3138 2293 3207 de
2312 3131 2367 3205 his
2381 3136 2498 3207 modis

493 3254 593 3319 vent,
626 3251 660 3309 et
688 3233 850 3331 ἀναρχία
871 3238 1031 3309 concedit
1053 3239 1252 3318 licentiam,
1293 3231 1469 3307 Photinus
1519 3237 1707 3331 loquendi:
1732 3234 1839 3306 Pater
1851 3248 1975 3305 natura
1988 3235 2111 3324 genuit
2132 3236 2262 3324 filiurn,
2289 3239 2499 3328 nungennit

493 3339 706 3434 syrmiensis
721 3336 899 3412 Ecclesiae
914 3337 1101 3433 Presbyter
1123 3353 1158 3410 et
1173 3335 1327 3410 Arianos
1342 3351 1378 3408 ct
1392 3333 1468 3409 Or·
1520 3339 1720 3420 vuluntate,
1746 3336 1783 3407 id
1798 3350 1868 3422 est,
1893 3334 2158 3427 contingenter,
2183 3338 2273 3412 sicut
2288 3340 2499 3431 contingen·

494 3438 669 3513 thodoxus
695 3441 895 3531 vituperare
921 3439 1056 3529 coepit,
1097 3453 1132 3510 et
1157 3439 1290 3509 abiecta
1319 3450 1468 3530 utraque
1520 3454 1574 3511 tcr
1588 3454 1762 3509 creaturas
1785 3437 1955 3509 condidit.
2151 3522 2155 3531 .
2210 3519 2213 3524 .

495 3544 668 3611 sententia
715 3541 900 3611 renovavit
943 3535 1198 3631 blasphemiam
1233 3537 1468 3610 samosateni.
1620 3537 1674 3611 De
1696 3534 1753 3609 his
1774 3539 1891 3608 modis
1918 3540 2092 3634 loquendi·
2119 3554 2237 3614 extant
2261 3543 2499 3612 commonefa-

493 3641 642 3732 Negavit
662 3664 734 3711 esse
756 3644 842 3711 duas
865 3654 1009 3710 naturas
1024 3641 1063 3709 in
1078 3635 1223 3710 Christo
1236 3650 1320 3708 natu
1338 3662 1378 3708 ex
1395 3639 1469 3707 vir·
1520 3639 1654 3713 ctiones
1675 3641 1713 3710 in
1736 3630 1958 3711 Nazianzeno
1980 3655 2016 3712 et
2041 3642 2080 3711 in
2096 3643 2334 3733 Longubardo
2350 3642 2443 3713 libro
2461 3645 2496 3715 1.

494 3743 589 3831 gine.
640 3744 693 3811 Ac
707 3735 819 3839 λόγον
833 3740 872 3813 in
888 3737 1048 3811 Iohanne
1070 3741 1319 3832 interpretatus
1340 3752 1392 3809 est
1407 3741 1469 3807 de-
1518 3741 1610 3814 Dist.
1627 3743 1664 3815 d.

495 3855 628 3912 cretum
652 3845 697 3912 de
718 3842 960 3933 redemptione
981 3839 1158 3926 huminis,
1188 3854 1223 3911 et
1246 3839 1468 3910 restitutione
1621 3841 1764 3914 caetera
1782 3851 1856 3911 acts
1871 3838 2007 3933 Synodi
2017 3839 2231 3934 syrmiensis
2244 3841 2352 3931 impia
2370 3856 2405 3912 et
2417 3866 2499 3932 per·

493 3943 587 4012 vitae
609 3957 772 4013 aeternae
798 3967 860 4035 per
881 3937 977 4012 hune
998 3939 1199 4022 huminem,
1237 3966 1341 4034 quern
1365 3942 1409 4010 ad
1430 3940 1466 4009 id
1519 3944 1824 4014 niciusafuerunt.
1874 3939 2048 4010 Processit
2067 3941 2159 4009 cuim
2170 3939 2335 4033 synodus
2351 3943 2393 4010 ad
2412 3965 2499 4010 cun-

495 4044 664 4113 missurus
686 4058 784 4116 esset.
842 4039 890 4113 Et
912 4045 1113 4127 contendit,
1149 4065 1372 4135 nequaqnam
1396 4063 1469 4111 esse
1520 4043 1726 4115 troversiam
1742 4034 1843 4121 Arii,
1869 4033 2152 4108 cniuthnmanu
2173 4040 2322 4109 consiliu
2339 4042 2499 4110 medere·

496 4139 607 4239 λόγον
631 4137 888 4240 ὑφιστάμενον
895 4192 907 4226 ,
948 4143 1012 4236 qui
1039 4145 1161 4214 fuisset
1192 4156 1380 4239 antequam
1409 4136 1468 4211 hic
1523 4160 1602 4228 tur,
1627 4154 1751 4212 conata
1777 4150 1829 4208 est
1842 4136 1982 4207 silentiu
1999 4139 2148 4209 obruere
2160 4142 2377 4210 mentionem
2393 4164 2499 4211 voca-

495 4240 603 4312 hom'o
618 4240 781 4316 Christus
795 4269 837 4315 ex
853 4243 990 4332 virgine
1005 4257 1108 4316 natus
1124 4255 1184 4313 est.
1522 4245 1598 4316 buli
1614 4233 1828 4334 ὃμοούσιος,
1866 4250 1902 4309 et
1916 4239 2030 4310 voluit
2044 4240 2083 4308 in
2095 4241 2257 4335 symbulo
2271 4241 2357 4332 poni
2372 4235 2499 4332 ὅμοίος

598 4340 682 4413 Fuit
696 4359 810 4416 autem
835 4355 931 4415 tanta
945 4339 1092 4414 Photini
1114 4341 1346 4426 confidentia,
1371 4353 1412 4412 ut
1435 4364 1471 4411 se
1523 4370 1587 4438 pru
1602 4337 1808 4436 ὃμοοιίσιος.
1858 4335 1965 4409 Hune
1979 4335 2195 4413 cothurnum
2212 4341 2241 4409 si
2255 4355 2404 4433 utraque
2417 4364 2499 4431 pars
2517 4416 2527 4425 .

497 4440 615 4511 audiri
630 4465 745 4512 coram
767 4446 843 4534 ipso
858 4445 1069 4534 imperatore
1083 4440 1290 4513 Constantio
1313 4442 1471 4532 postula·
1522 4447 1706 4537 acciperet,
1720 4440 1966 4511 existimabant
1980 4441 2175 4511 discordiae
2189 4443 2296 4511 finem
2312 4442 2399 4526 sure,
2414 4442 2499 4533 quia

498 4543 557 4613 rit.
613 4536 772 4613 Aderant
793 4565 833 4613 ex
855 4545 939 4615 Asia
960 4543 1137 4634 praecipui
1158 4538 1345 4638 Episcopi,
1377 4540 1472 4614 inter
1523 4562 1672 4640 utraque
1683 4566 1765 4637 pars
1776 4541 1891 4612 filium
1904 4563 1978 4611 esse
1994 4540 2172 4623 fateretur,
2187 4541 2221 4612 et
2236 4543 2379 4636 quidem
2397 4543 2499 4610 simi·

498 4663 589 4736 quos
611 4664 689 4710 enm
712 4642 892 4715 excelleret
907 4639 1083 4715 Basilius
1097 4643 1260 4739 Ancyrae
1282 4645 1322 4713 in
1336 4642 1472 4715 Galatis
1523 4651 1592 4719 lem
1617 4646 1726 4738 patri,
1750 4642 1877 4712 omissa
1898 4643 2121 4734 quaestione,
2148 4667 2194 4713 an
2216 4645 2261 4714 sit
2279 4636 2498 4735 dpootiotoc?

498 4741 693 4834 Episcopus
706 4743 884 4827 Arianos,
906 4740 967 4817 hic
980 4745 1148 4817 acerrime
1164 4745 1329 4815 refutavit
1345 4740 1472 4816 Photi-
1524 4746 1738 4837 subscripsit
1754 4739 1837 4814 huic
1853 4745 1993 4814 decreto
2009 4757 2043 4815 et
2057 4745 2136 4835 pius
2148 4767 2253 4814 senex
2261 4740 2500 4815 HosiusCur·

498 4866 599 4916 num.
639 4842 681 4912 ln
698 4867 738 4913 ea
754 4864 857 4913 causa
872 4840 1017 4919 Decreta
1033 4848 1121 4917 lacta
1136 4859 1219 4917 sunt
1234 4846 1339 4915 laude
1354 4845 1473 4936 digna,
1526 4847 1694 4919 dubcnsis
1708 4841 1924 4937 Episcopus,
1950 4858 2089 4916 coactus
2102 4859 2142 4917 nt
2156 4858 2321 4929 nunant,
2347 4868 2425 4914 curn
2444 4858 2500 4915 ta-

500 4941 607 5031 Quod
626 4935 735 5040 to'yuc
755 4943 800 5013 sit
815 4937 1072 5040 ὑφιστάμενος.
1124 4946 1255 5017 Extant
1276 4968 1316 5016 ea
1334 4947 1473 5018 decreta
1525 4973 1607 5020 men
1626 4964 1726 5018 antea
1753 4946 1934 5014 veritatem
1956 4958 2157 5016 constanter
2173 4946 2393 5017 defendisset.
2446 4943 2499 5018 lta

499 5044 538 5110 in
555 5040 699 5113 socrate
723 5040 954 5130 scholastico,
978 5071 1066 5138 quae
1090 5049 1197 5138 digna
1213 5062 1296 5119 sunt
1312 5047 1476 5118 conside·
1526 5052 1716 5121 discessum
1742 5057 1794 5114 cst
1815 5066 1856 5113 ex
1877 5041 2030 5136 syrmio.
2095 5046 2166 5118 Sed
2187 5069 2270 5116 mox
2293 5047 2502 5137 ambiguitas

499 5143 648 5212 ratione.
1527 5154 1571 5220 ab
1587 5145 1810 5220 Orthudoxis
1825 5143 2008 5234 repudiata
2025 5159 2088 5231 est,
2102 5147 2198 5238 qnod
2213 5147 2383 5218 insidiosa
2401 5161 2500 5220 essct.

1526 5250 1575 5323 Et
1603 5272 1739 5340 semper
1766 5247 1805 5315 in
1834 5247 1993 5339 ducendo
2030 5247 2239 5339 ambiguitas
2265 5249 2500 5321 dissensiones

1553 5352 1630 5424 arit.
2488 5416 2491 5426 .

603 5440 653 5513 Ei
680 5465 752 5526 τις,
802 5439 845 5516 τὸ
879 5440 1156 5540 Ποιήσομεν
1180 5447 1477 5548 Ἄνθρωπον,
1528 5377 1551 5444 Ρ
1629 5449 1715 5522 Post
1736 5448 1921 5519 biennium
1935 5444 2163 5519 Constantius
2178 5448 2424 5522 Mediolanum
2440 5467 2502 5514 ve-

501 5539 560 5635 μὴ’
570 5537 638 5613 τὸν
651 5538 792 5637 πατέρα
806 5542 898 5641 npdc
911 5543 979 5619 τὸν
993 5543 1079 5619 υἱὸν
1094 5544 1228 5644 λίμιιν,
1255 5548 1347 5633 ἀλλὰ
1362 5549 1479 5625 αὐτὸν
1530 5554 1601 5637 nit,
1625 5575 1706 5622 cum
1719 5551 1789 5619 iam
1808 5548 1920 5620 victus
1935 5560 2022 5618 esset
2036 5546 2273 5638 Magnentius.
2323 5547 2373 5620 Ut
2396 5546 2504 5636 igitur

503 5640 595 5730 πρὸς
611 5639 746 5716 ἑαυτὸν
765 5642 834 5720 τὸν
850 5645 945 5721 θεὸν
960 5645 1161 5743 εἰρηκέναι,
1187 5642 1361 5746 ἀνάθεμα
1376 5653 1478 5727 ἔστω.
1531 5653 1748 5749 syrmiensis
1763 5653 1900 5722 decreta
1915 5649 2231 5732 confirmarentur,
2257 5648 2406 5718 incitant
2424 5669 2504 5717 eum

551 5741 736 5811 Mantu-
763 5751 868 5820 Oeen.
893 5752 976 5820 Vos.
1003 5752 1080 5820 ΧΠ.
1821 5750 1871 5824 63

1845 1979 1906 2050 ΠΙ.
1956 1981 2181 2053 Decretum.

840 5294 868 5362 l.
917 5297 1138 5369 Decretum.
