6025 6775
992 832 1160 909 993

986 1024 1182 1072 nunc
1241 1010 1509 1071 veteres
1553 996 1821 1068 reditus
1862 994 2171 1081 integros
2213 1013 2364 1061 non
2408 1010 2611 1079 posse
2654 983 2957 1059 restitui.
3000 1068 3003 1074 Δ

990 1101 1202 1173 Iussit
1232 1120 1477 1170 rursus
1505 1097 1737 1169 claudi
1768 1095 2125 1198 idolorum
2157 1091 2443 1181 templa.

1193 1232 1374 1306 Cum
1431 1244 1662 1303 autem
1709 1221 2135 1298 Antiochiae
2177 1221 2598 1318 aliquandiu
2645 1242 2954 1290 morare-

989 1349 1150 1419 tur,
1209 1334 1451 1404 multis
1504 1328 1848 1421 prodigiis
1902 1325 2263 1418 sequentia
2326 1324 2508 1393 mala
2567 1322 2952 1410 significata

991 1450 1187 1507 sunt:
1239 1432 1528 1504 Cometa
1549 1428 1861 1500 interdiu
1890 1438 2298 1518 conspectus
2324 1437 2445 1495 est.
2547 1420 2956 1509 Conflagra-

993 1538 1092 1607 vit
1117 1532 1662 1625 locupletissima
1692 1522 2120 1598 bibliotheca
2149 1520 2622 1597 Antiochena.
2739 1520 2953 1592 Brevi

987 1651 1146 1729 post
1209 1632 1623 1703 Iovinianus
1693 1651 1852 1699 cum
1925 1630 2013 1697 ad
2071 1622 2484 1721 Bithyniam
2540 1623 2955 1707 accessisset,

986 1751 1313 1807 mortuus
1369 1744 1472 1802 est
1525 1730 1816 1814 morbo,
1877 1728 2002 1821 qui
2049 1750 2131 1797 ex
2173 1725 2713 1820 intemperantia
2756 1738 2954 1795 ortus

988 1860 1136 1907 esse
1167 1833 1714 1908 existimabatur.

1091 2098 1312 2172 Anno
1349 2086 1604 2168 mundi
1633 2109 1876 2187 quater
1899 2094 2277 2164 millesimo
2306 2090 2792 2164 trecentesimo
2823 2088 2954 2158 tri-

1406 2219 1684 2267 cestmo.

1085 2296 1302 2369 Anno
1315 2294 1587 2368 Romae
1609 2291 1980 2363 millesimo
1997 2290 2376 2361 centesimo
2397 2289 2666 2360 decimo
2685 2301 2951 2359 octavo.

1088 2397 1307 2469 Anno
1338 2392 1604 2469 Christi
1640 2391 2125 2465 trecentesimo
2157 2391 2580 2481 sexagesimo
2611 2404 2881 2462 octavo.

1384 2561 2138 2634 Valentinianus
2183 2562 2560 2651 primus.

985 2791 995 2800 .
1199 2720 1787 2803 Valentinianus
1833 2721 2218 2811 imperator
2258 2723 2568 2794 militum
2604 2748 2949 2796 consensu

987 2836 1209 2904 factus
1250 2842 1388 2907 est,
1440 2849 1600 2896 cum
1643 2824 1899 2894 iterum
1932 2822 2306 2895 Tribunus
2341 2824 2647 2895 militum
2682 2849 2722 2895 a
2758 2824 2950 2895 lovi-

986 2934 1206 3003 niano
1261 2931 1484 3000 factus
1538 2938 1732 2995 esset.
1849 2922 2036 2993 Nam
2087 2926 2223 2995 sub
2277 2923 2555 2995 Iuliano
2615 2926 2950 2996 dimissus

989 3045 1178 3115 erat,
1257 3051 1338 3097 eo
1406 3029 1599 3120 quod
1665 3024 2131 3095 sacrificulum
2191 3048 2431 3115 pugno
2487 3040 2949 3115 percusserat,

985 3151 1307 3224 aspersus
1342 3128 1616 3199 lustrali
1645 3150 1823 3219 aqua
1844 3178 1867 3210 ,
1916 3125 1992 3194 in
2023 3124 2236 3196 ianua
2268 3125 2553 3219 templi,
2604 3128 2731 3197 ubi
2750 3127 2948 3197 idolo

988 3231 1309 3303 Iulianus
1370 3227 1821 3299 sacrificabat.
1954 3224 2223 3296 Tenuit
2281 3227 2661 3318 imperium
2718 3250 2946 3298 annos

988 3330 1341 3404 undecim.
1445 3328 1665 3401 Natus
1707 3326 1846 3398 fuit
1885 3327 1962 3396 in
1992 3321 2361 3396 Pannonia
2408 3328 2485 3396 in
2527 3329 2789 3419 oppido
2822 3326 2951 3398 Bi-

989 3434 1173 3505 balis
1218 3433 1295 3501 in
1337 3430 1492 3521 ripa
1527 3428 1732 3513 Savi‚
1783 3430 1975 3521 quod
2019 3450 2167 3496 non
2214 3427 2458 3517 procul
2504 3429 2637 3498 fuit
2682 3452 2722 3497 a
2753 3427 2951 3499 Tau-

988 3557 1197 3615 ruro,
1247 3533 1438 3627 quod
1467 3554 1660 3601 nunc
1689 3543 1788 3600 est
1817 3527 2268 3619 Belgradum.

988 3770 1318 3852 fratrem,
1368 3790 1670 3859 eumque
1713 3777 2107 3834 consortem
2143 3762 2420 3851 imperii
2450 3763 2650 3847 fecit,
2702 3776 2770 3834 et
2798 3761 2955 3835 Au-

987 3880 1269 3957 gustum
1315 3866 1789 3956 nuncupavit,
1838 3864 2202 3957 aliquanto
2250 3856 2501 3954 post'et
2528 3860 2950 3934 Gratianum

988 3968 1213 4038 filium
1267 3964 1810 4038 Valentinianus
1859 3965 2139 4057 imperii
2183 3976 2579 4034 consortem
2623 3965 2827 4050 fecit,
2884 3980 2953 4035 et

988 4063 1388 4158 Augustum
1435 4066 1857 4140 nominavit.
1979 4064 2150 4135 Fuit
2191 4078 2424 4135 autem
2473 4064 2764 4137 infoelix
2807 4067 2950 4135 fra-

992 4179 1179 4236 trum
1235 4167 1765 4239 dissimilitudo.
1881 4165 2205 4258 Suntque
2259 4164 2466 4236 initio
2510 4166 2792 4259 imperii
2834 4167 2951 4237 in-

990 4266 1186 4355 genti
1230 4281 1653 4340 terraemotu
1686 4267 2066 4357 significata
2103 4266 2328 4344 mala,
2377 4288 2557 4356 quae
2586 4290 2667 4335 ex
2699 4260 2950 4358 impie-’

992 4379 1134 4437 tate
1177 4379 1247 4437 et
1288 4367 1583 4438 saevicia
1610 4366 1925 4439 Valentis
1970 4377 2125 4435 orta
2153 4377 2351 4434 sunt:
2403 4366 2676 4454 magnis
2702 4366 2951 4455 spaciis

992 4478 1063 4535 et
1108 4459 1485 4537 horrendis
1519 4461 1829 4539 hiatibus
1858 4489 2050 4536 mare
2080 4478 2300 4534 terras
2327 4465 2636 4558 reliquit.
2733 4464 2951 4539 Com-

989 4565 1356 4636 mendavit
1397 4578 1643 4636 autem
1674 4566 1962 4640 Valenti
2005 4561 2376 4637 Orientem
2417 4565 2656 4645 frater.
2792 4566 2949 4660 lpse

982 4666 1228 4743 audita
1283 4666 1471 4736 fama
1531 4688 1876 4739 novorum
1920 4668 2310 4747 bellorum,
2373 4689 2557 4759 quae
2599 4663 2953 4738 Alemani

989 4781 1059 4836 et
1115 4759 1460 4836 Saxones
1521 4783 1917 4854 moverant,
2006 4767 2411 4859 properavit
2474 4768 2550 4835 in
2612 4765 2947 4843 Galliam.

985 4863 1150 4934 Dux
1191 4868 1380 4935 enim
1413 4867 1922 4937 Alemanorum
1945 4861 2263 4938 Brando
2293 4866 2737 4957 Moguntiam
2789 4892 2950 4939 coe-

986 4978 1225 5054 perat,
1274 4979 1341 5035 et
1385 4968 1555 5037 inde
1597 4988 1921 5054 magnam
1953 4966 2515 5040 Christianorum
2545 4969 2950 5040 multitudi-
2988 5016 2989 5020 =

985 5089 1148 5134 nem
1176 5065 1368 5135 viros
1393 5080 1463 5137 et
1484 5066 1821 5137 mulieres
1845 5068 2249 5145 abduxerat.
2350 5065 2650 5163 Aliquot
2671 5070 2950 5160 magnis

983 5165 1266 5254 praeliis
1317 5165 1865 5238 Valentinianus
1917 5166 2299 5241 Alemanos
2351 5171 2699 5259 repressit.
2831 5172 2944 5242 Ad
3003 5227 3005 5229 .

983 5265 1282 5336 Nicrum
1360 5268 1576 5339 etiam
1648 5267 1972 5339 condidit
2044 5291 2256 5340 arces.
2408 5270 2688 5342 Deinde
2761 5272 2946 5341 infra

981 5363 1354 5439 Coloniam
1411 5365 1883 5461 Agrippinam
1938 5367 2017 5436 in
2077 5366 2394 5457 Tungris
2449 5372 2775 5465 repressit
2818 5369 2949 5445 Sa-

981 5489 1223 5541 xones.
2264 5496 2277 5503 ‘

1133 5599 1220 5670 ln
1249 5603 1428 5672 urbe
1440 5601 2063 5694 Constantinopoli
2084 5599 2627 5697 Valentinianus
2651 5630 2954 5679 aeneum

980 5700 1301 5770 modium
1333 5703 1740 5788 collocavit,
1789 5727 1886 5772 ne
1913 5725 2281 5773 mensurae
2311 5700 2615 5772 diminui
2644 5722 2949 5798 possent,

978 5815 1051 5874 et
1106 5801 1527 5893 quibusdam
1580 5805 1707 5898 qui
1759 5796 2243 5876 di'minuerant
2291 5802 2629 5894 praecidit
2672 5829 2948 5890 manus,

975 5923 1156 5998 quas
1184 5901 1284 5972 ibi
1317 5905 1707 5995 suspendit.
1803 5903 1997 5976 Haec
2026 5905 2310 5979 Suidas.

2125 822 2219 899 Ῑ.“
2283 810 2868 893 CHRONICON
2918 805 3414 887 CARIONIS.
3510 807 3763 885 PARS
3810 808 3909 887 11.

4871 811 5022 885 994

3846 986 4232 1055 Saxone&

3255 1127 3576 1200 Primum
3619 1145 3852 1203 autem
3898 1128 4015 1203 hic
4058 1132 4139 1200 in
4166 1129 4375 1201 bellis
4402 1130 4907 1222 imperatorum
4937 1131 5014 1200 fit

3054 1231 3325 1303 mentio
3371 1225 3800 1317 Saxonum,
3865 1258 4046 1304 cum·
4085 1231 4345 1327 quibus
4399 1245 4467 1303 et
4525 1244 4764 1323 postea
4809 1243 5011 1301 tanto

3054 1355 3213 1401 cum
3257 1331 3568 1424 periculo
3617 1333 4024 1404 dimicatum
4058 1347 4194 1420 est,
4244 1346 4324 1403 ut
4356 1329 4697 1405 Sidonius
4731 1330 5015 1422 Apolli-

3054 1433 3247 1501 naris
3289 1428 3682 1524 Episcopus
3727 1430 4159 1505 Arelatensis
4202 1433 4493 1505 scribat:
4544 1427 4835 1506 Nullus·
4876 1423 5013 1500 ho-

3052 1528 3190 1601 stis·
3231 1523 3437 1599 hoste
3488 1527 3864 1602 Saxone
3917 1530 4390 1603 truculentior
4418 1542 4557 1614 est,
4611 1555 4734 1603 nec
4764 1527 5014 1600 robore

3052 1639 3341 1701 tantum
3402 1637 3466 1699 et
3521 1625 3888 1720 audacia,
3949 1628 4085 1704 sed
4136 1632 4353 1702 etiam
4398 1630 4707 1705 consilio
4751 1640 4815 1702 et
4854 1639 5014 1700 arte

3056 1730 3298 1802 vincit.
3412 1730 3515 1800 Ac
3570 1730 3831 1801 limites
3889 1734 4145 1809 veteris
4193 1732 4540 1805 Saxoniae
4582 1736 4873 1805 fuerunt
4920 1734 5011 1802 ad

3053 1829 3404 1925 Occasum
3462 1824 3801 1915 Amasis,
3865 1834 3956 1901 ad
4017 1828 4282 1904 Ortum
4338 1829 4593 1918 Albis,
4654 1835 4745 1903 ad
4784 1830 5012 1902 Meri-

3054 1934 3241 2003 diem
3271 1928 3569 2002 Boiemi
3609 1946 3678 2003 et
3706 1926 4031 2012 Franci,
4082 1934 4169 2002 ad
4205 1932 4774 2026 Septentrionem
4806 1920 5011 2001 Cim-

3053 2032 3270 2103 brica.
3288 2028 3801 2120 Chersonesus,
3852 2048 3923 2106 et
3949 2034 4027 2102 in
4057 2032 4294 2102 vicino
4323 2035 4561 2106 littore
4589 2031 4878 2105 Heneti.

3253 2148 3354 2223 Ut
3394 2164 3625 2222 autem
3673 2173 3756 2219 ex
3779 2145 4081 2221 Oriente
4124 2162 4426 2219 caeteras
4477 2150 4745 2221 vicinas
4778 2159 5016 2241 gentes

3051 2273 3448 2345 progressas
3477 2274 3622 2321 esse
3650 2251 4029 2330 verisimile
4057 2262 4199 2333 est,
4251 2245 4504 2335 Getas,
4553 2247 4766 2328 Daos‚
4815 2246 5016 2319 Cim-

3050 2347 3346 2438 merios,
3410 2349 3869 2438 Germanios,
3931 2350 4227 2426 Suevos.
4332 2347 4438 2422 Ita
4487 2363 4559 2420 et
4601 2345 4856 2420 horum
4904 2349 5015 2416 vi-

3049 2454 3247 2524 cinos
3292 2453 3502 2524 Sacas
3551 2476 3633 2522 ex
3674 2452 3844 2524 Asia
3886 2472 4289 2544 progressos
4329 2472 4475 2520 esse
4523 2450 4881 2531 existimo,
4946 2459 5015 2517 et

3051 2555 3218 2624 inde
3263 2554 3607 2643 originem
3642 2565 3711 2623 et
3744 2575 4005 2621 nomen
4033 2574 4181 2620 esse
4213 2549 4600 2622 Saxonum.
4698 2548 4849 2618 Alii
4881 2572 5015 2618 no-

3006 2695 3009 2704 w
3051 2678 3213 2723 men
3247 2651 3558 2724 Saxones
3599 2652 3874 2724 faciunt
3917 2652 4008 2722 ab
4037 2650 4380 2735 Ascanes‚
4428 2652 4551 2719 sed
4595 2671 4811 2720 sonus
4843 2672 5013 2739 pro-

3048 2756 3209 2845 pior
3235 2766 3336 2822 est
3364 2753 3710 2823 vocabulo
3726 2747 3986 2832 Sacae,
4040 2763 4106 2822 et
4135 2751 4351 2821 fuisse
4364 2748 4574 2821 Sacas
4602 2750 4789 2819 inter
4806 2770 5014 2839 prae-

3049 2853 3287 2944 cipuas
3329 2865 3573 2941 gentes
3610 2848 3875 2921 Persici
3919 2850 4164 2942 regni,
4209 2873 4291 2919 ex
4317 2847 4597 2928 Ctesia,
4641 2846 5016 2919 Herodoto

3048 2966 3117 3026 et
3145 2946 3621 3044 Xenophonte
3647 2965 3968 3045 apparet.
4996 2939 5004 2946 ⁸

3245 3070 3530 3143 Nomen
3585 3070 3896 3142 Ascanes
3954 3070 4302 3161 significat
4361 3064 4743 3140 Custodem
4806 3067 5020 3156 ignis.

3046 3171 3325 3245 Nomen
3368 3170 3583 3244 Sacae
3643 3173 3932 3265 aequale
3987 3184 4123 3255 est,
4188 3169 4392 3265 quasi
4443 3169 4672 3253 dicas,
4734 3166 4903 3237 iusti
4946 3180 5015 3235 et

3048 3274 3293 3359 liberi,
3342 3274 3457 3342 vel
3502 3286 3716 3348 vates.
3822 3272 4014 3344 Dum
4056 3284 4289 3341 autem
4325 3267 4868 3341 Valentinianus
4900 3289 5016 3336 re-

3048 3374 3300 3466 primit
3337 3373 3721 3445 Alemanos
3762 3388 3833 3445 et
3868 3371 4217 3457 Saxones,
4266 3372 4533 3443 interea
4565 3364 5018 3440 Theodosius

3050 3475 3394 3567 Magister
3432 3475 3786 3571 equitum,
3850 3474 3978 3567 qui
4019 3487 4258 3565 postea
4297 3474 4521 3543 factus
4558 3483 4663 3540 est
4707 3469 5014 3560 impera-

3008 3630 3009 3638 κ
3050 3590 3199 3657 tor,
3250 3576 3516 3646 bellum
3562 3575 3742 3666 gerit
3771 3576 3849 3645 in
3881 3571 4183 3657 Rhetia,
4231 3574 4400 3642 inde
4430 3570 4741 3643 mittitur
4765 3571 4855 3639 ad
4886 3591 5015 3661 pa-

1193 3664 1364 3737 Post
1418 3665 1706 3756 triginta
1756 3663 1909 3732 dies
1962 3660 2323 3733 accersivit
2365 3661 2536 3731 inde
2584 3659 2951 3734 Valentem
3008 3667 3009 3672 ’

3049 3679 3346 3748 eandam
3392 3676 3705 3747 Africam
3751 3680 4001 3747 contra
4044 3673 4388 3744 Firmum.
4488 3669 4712 3745 Redit
4756 3669 5019 3740 deinde

3050 3776 3595 3849 Valentinianus
3641 3776 3717 3844 in
3757 3771 4202 3847 Pannoniam
4244 3773 4733 3843 commendata
4774 3767 5015 3840 Gallia

3049 3892 3121 3949 et
3175 3878 3427 3948 vicinis
3478 3876 3863 3967 provinciis
3913 3876 4064 3943 filio
4109 3870 4480 3943 Gratiano.
4611 3869 5012 3939 Intulerant

3049 3979 3236 4049 enim
3271 3977 3506 4066 Quadi
3536 3975 3804 4044 bellum
3831 3973 4082 4042 vicinis
4102 3969 4513 4044 Pannoniis.
4612 3968 4753 4040 Sed
4780 3967 5013 4038 territi

3048 4081 3357 4149 adventu
3388 4073 3870 4144 Valentiniani
3917 4094 4153 4162 pacem
4200 4085 4470 4163 petunt.
4575 4069 4687 4140 lbi
4730 4092 4890 4138 cum
4931 4067 5012 4135 in

3050 4178 3495 4249 excusatione
3522 4176 3880 4269 quaedam·
3896 4172 4075 4242 falso
4098 4172 4459 4258 dixissent,
4507 4174 4728 4242 iratus
4745 4167 5011 4238 Valen—

3048 4278 3365 4350 tinianus
3404 4299 3659 4368 magna
3699 4275 3891 4344 vocis
3932 4273 4385 4344 contentione
4427 4296 4547 4345 eos
4586 4269 5014 4360 obiurgavit.

3044 4376 3225 4451 Eam
3272 4378 3814 4451 commotionem
3864 4374 4095 4446 subita
4140 4374 4363 4444 febris
4401 4387 4634 4445 secuta
4679 4383 4820 4454 est,
4871 4391 5009 4459 qua

3047 4481 3233 4552 intra
3276 4503 3533 4571 paucos
3574 4479 3726 4547 dies
3767 4477 4116 4546 extinctus
4161 4488 4262 4544 est
4297 4498 4494 4546 anno
4519 4471 4763 4544 aetatis
4793 4469 5012 4562 quin-

3047 4582 3455 4674 quagesimo
3483 4579 3773 4674 quinto,
3824 4600 3984 4647 cum
4010 4576 4347 4646 tenuisset
4374 4573 4754 4667 imperium
4783 4592 5012 4639 annos

3047 4681 3486 4776 quindecim,
3549 4701 3826 4749 menses
3868 4692 4029 4748 octo
4081 4691 4150 4746 et
4194 4676 4351 4746 dies
4374 4676 4647 4766 viginti.
4746 4668 5011 4740 Defen-

3046 4784 3153 4853 dit
3200 4779 3558 4853 Ecclesiae
3613 4802 3888 4871 pacem,
3953 4777 4314 4869 amplexus
4358 4777 4761 4872 symbolum
4800 4769 5006 4840 Nice-

3045 4906 3243 4954 num.
3363 4882 3597 4953 Fratri
3641 4879 3926 4949 Valenti
3972 4903 4174 4971 saepe
4224 4873 4546 4950 hortator
4589 4877 4764 4955 fuit,
4822 4885 4901 4942 ut
4944 4883 5013 4939 et

3043 4985 3405 5054 veritatem
3449 4981 4026 5073 amplecteretur,
4077 4992 4143 5048 et
4191 5002 4287 5047 ne
4317 4977 4682 5049 saevitiam
4715 4973 4797 5041 in
4827 4986 5018 5042 recte

3044 5085 3418 5172 sentientes
3451 5092 3823 5155 exemeret.

3248 5197 3791 5270 Valentinianus
3831 5197 4005 5265 duas
4048 5218 4306 5266 uxores
4346 5188 4629 5275 habuit,
4679 5190 5014 5263 Severam

3044 5315 3113 5373 et
3144 5299 3511 5373 lustinam.
3611 5293 3995 5369 ExSevera
4028 5310 4234 5367 natus
4259 5308 4359 5366 est
4377 5286 4833 5372 Gratianus·‚
4884 5286 5014 5379 qui

3045 5404 3427 5492 imperator
3480 5400 3741 5482 factus,
3808 5409 4045 5490 postea
4095 5394 4580 5471 Theodosium
4630 5406 4699 5461 et
4744 5388 5010 5457 Valen-

3047 5503 3397 5573 tinianum
3448 5501 3833 5571 secundum
3878 5496 4015 5566 sibi
4060 5499 4359 5588 collegas
4406 5491 4751 5565 adiunxit.
4885 5485 5010 5557 ln-

3045 5604 3372 5673 terfectus
3415 5615 3516 5672 est
3564 5614 3794 5671 autem
3828 5591 4252 5669 Gratianus
4293 5623 4333 5668 a
4383 5593 4701 5685 praeside
4729 5586 5016 5659 Galliae

3045 5699 3456 5784 Maximo,
3518 5703 3645 5796 qui
3687 5701 3945 5769 deinde
3990 5704 4177 5792 apud
4224 5694 4628 5789 Aquileiam
4670 5714 4708 5758 a
4759 5689 5009 5762 militi·

3048 5808 3179 5876 bus
3219 5806 3367 5875 suis
3416 5805 3694 5876 vinctus
3719 5794 4141 5872 Theodosio
4169 5798 4469 5870 traditus
4501 5804 4602 5861 est
4624 5844 4650 5874 ,
4694 5790 4822 5883 qui
4848 5815 5014 5862 eum

2984 5962 2988 5966 „
3043 5907 3331 5983 occidit.
