6025 6775
583 686 656 766 sss
1030 668 1189 746 nucu.
1230 664 1305 740 uu
1344 613 1537 762 caera
1576 664 2156 744 constantinorum.
2522 672 2599 747 160

585 858 807 933 alliciuntur,
843 862 878 919 et
905 846 995 916 liunt
1022 841 1143 912 omnia
1174 839 1303 908 scelera
1333 852 1408 910 toto
1434 838 1568 919 triduo,
1648 895 1652 900 .
1722 836 1810 909 Tale
1824 853 1877 910 est
1889 836 1957 912 hoc
1970 842 2136 913 ultimum
2146 844 2274 913 mundi
2283 842 2480 935 imperium,
2493 842 2597 937 'quod

586 983 678 1056 quae
697 977 781 1045 gens
802 948 1002 1029 barbarica,
1023 940 1151 1032 impia,
1177 939 1389 1026 libidinosa,
1402 964 1520 1010 ,avara
1535 952 1570 1011 et
1620 937 1706 1009 sinit
1720 935 1824 1031 Deus]
1845 942 1890 1010 ad
1914 943 2096 1034 punienda
2110 946 2270 1014 omnium
2287 945 2443 1033 gentium
2457 957 2597 1035 peccata

588 1058 740 1131 crudelis
763 1056 804 1123 in
822 1061 922 1141 capta
941 1045 1028 1115 urbe
1045 1041 1156 1133 regia,
1182 1040 1350 1133 opulenta
1367 1055 1402 1112 et
1415 1041 1571 1111 ornatis·
1619 1053 1691 1111 tam
1720 1039 1790 1110 late
1815 1043 1980 1130 grassari3
2013 1058 2048 1115 et
2073 1044 2168 1114 scitis
2190 1046 2229 1111 in
2250 1040 2436 1134 Prophetis
2458 1045 2598 1135 praedi-

588 1159 803 1232 simafacere
817 1150 932 1221 audet.
1621 1154 1718 1210 ctum
1741 1164 1813 1211 esse
1835 1143 1907 1212 tale
1927 1145 2004 1215 fore
2025 1144 2188 1215 ultimum
2208 1145 2415 1234 imperium,
2446 1167 2491 1211 ne
2511 1145 2599 1215 moti

689 1256 773 1327 Post
792 1250 951 1322 triduum
973 1245 1150 1333 ingressus
1165 1243 1290 1312 urbem
1308 1255 1341 1312 et
1357 1263 1472 1313 arcem
1488 1239 1571 1312 Ma·
1621 1242 1697 1311 eius
1712 1242 1889 1334 potentia,
1914 1245 2116 1315 deficiamus
2131 1269 2151 1316 a
2164 1246 2238 1314 filio
2254 1242 2332 1313 Dei.

588 1359 768 1436 hometus,
791 1350 910 1418 sedare
924 1346 1097 1416 tumultus
1111 1345 1215 1435 cepit,
1236 1358 1270 1413 et
1283 1343 1473 1435 inquisitos
1486 1366 1572 1434 pro·
1723 1341 1900 1414 Scribitur
1914 1340 2022 1415 Arius
2043 1359 2186 1416 vocatus
2208 1346 2314 1415 fuisse
2330 1342 2540 1438 Byzantium
2556 1346 2602 1413 ad

591 1481 683 1533 ceres
697 1454 862 1544 sliquos,
887 1447 950 1540 qui
972 1442 1090 1516 adhuc
1112 1444 1241 1537 reliqui
1262 1457 1381 1526 erant,
1405 1443 1571 1514 dissecari
1621 1454 1834 1533 postremam
1850 1446 2098 1534 cognitionem.
2147 1447 2299 1517 Ibicnm
2314 1467 2417 1514 mane
2431 1446 2476 1512 ad
2492 1466 2603 1536 syno-

589 1561 696 1630 iuhet,
1622 1545 1708 1613 dum
1729 1566 1929 1615 accessurus
1947 1561 2052 1628 esset,
2079 1547 2197 1618 subito
2213 1560 2311 1618 tanto
2326 1546 2449 1615 dolore
2464 1543 2603 1614 intesti-

690 1650 848 1723 Narrant
858 1664 895 1720 et
907 1646 947 1716 in
960 1641 1302 1717 conviviisTurcicis
1315 1637 1484 1714 honestas
1494 1667 1572 1715 ma-
1622 1667 1752 1713 norum
1775 1645 1880 1714 adlici
1902 1647 2034 1736 coepit,
2060 1662 2100 1717 ut
2124 1648 2265 1717 deflexit
2289 1643 2332 1716 de
2347 1645 2404 1713 via
2422 1646 2465 1712 ad
2482 1644 2603 1733 puhli-

590 1773 710 1831 tronas
728 1764 763 1820 et
779 1750 933 1838 virgines
948 1749 1053 1818 etiarn
1069 1745 1183 1834 regiae
1198 1744 1364 1828 familiae,
1388 1758 1469 1835 post
1484 1745 1571 1815 alias
1623 1767 1699 1813 cam
1721 1745 1898 1820 latrinam.
1951 1746 2193 1841 Quaecunque
2207 1749 2278 1819 luit
2294 1768 2395 1816 causa
2413 1744 2520 1815 subiti
2537 1746 2603 1813 do-

590 1850 822 1929 contumelias
844 1873 907 1941 per
926 1850 1050 1918 ludum
1069 1847 1233 1916 dissectas
1249 1867 1332 1915 esse.
1385 1845 1438 1914 Ac
1452 1846 1570 1917 nescio
1621 1846 1728 1930 loris,
1761 1868 1825 1935 ego
1855 1850 2176 1921 consternationem
2204 1848 2314 1918 animi
2344 1845 2451 1916 luisse
2473 1845 2605 1928 iudico,

589 1982 637 2029 an
667 1950 898 2024 horribiliora
921 1947 1077 2036 exempla
1102 1948 1260 2035 legantur
1281 1946 1320 2012 in
1342 1945 1572 2016 ulliusurbis
1622 1946 1661 2014 in
1686 1968 1755 2039 qua
1772 1947 1888 2017 cordis
1904 1950 2097 2034 cruciatus,
2123 1973 2202 2019 curn
2217 1948 2360 2028 sentiret
2379 1947 2467 2015 iram
2480 1944 2548 2016 Dei
2563 1959 2604 2016 ut

591 2055 750 2141 excidio,
784 2073 936 2143 quorum
968 2047 1129 2133 cogitatio
1159 2059 1250 2130 certe
1280 2060 1422 2116 movere
1449 2070 1572 2117 omnes
1623 2046 1661 2114 in
1678 2043 1788 2132 luda,
1820 2047 1869 2118 ita
1888 2049 2037 2121 laniavit
2057 2050 2176 2120 omnia
2200 2052 2351 2131 viscera,
2376 2061 2416 2117 ut
2437 2046 2604 2115 intestina

590 2155 754 2229 homines
773 2152 897 2229 debet,
923 2146 1149 2218 utiudicium
1166 2141 1424 2234 Deimetnant,
1449 2148 1572 2217 vivant
1624 2169 1765 2240 quoque
1800 2150 2007 2236 effuderint,
2056 2152 2145 2223 sicut
2183 2151 2222 2221 lit
2254 2148 2390 2238 magnis
2421 2148 2605 2220 doloribus

589 2256 799 2333 modestius,
826 2262 863 2319 et
881 2246 1038 2317 adsiduis
1053 2246 1240 2334 gemitibus
1255 2257 1395 2335 petant,
1420 2260 1460 2318 ut
1473 2250 1574 2320 Deus
1624 2248 1751 2319 cordis.
2393 2305 2398 2316 ,

589 2366 735 2451 propter
756 2350 870 2421 filium
892 2362 927 2418 et
946 2361 1063 2418 servet
1083 2343 1392 2435 Ecclesiaminter
1414 2371 1499 2433 nos,
1539 2365 1574 2420 et
1726 2343 1777 2418 Ut
1797 2361 1912 2418 autem
1934 2363 2020 2420 tunc
2042 2350 2080 2419 in
2098 2350 2263 2421 latrinam
2277 2348 2483 2443 Byzantiam
2498 2345 2606 2417 Arius

590 2456 726 2543 mitiget
745 2472 888 2542 poenas.
1625 2461 1779 2517 stercora
1793 2472 1856 2520 sua
1871 2450 2014 2534 abiecit,
2039 2452 2086 2520 ita
2100 2475 2195 2521 nunc
2209 2451 2315 2541 plane
2330 2474 2369 2518 ea
2386 2449 2471 2518 urbs
2488 2448 2606 2518 cloaca

692 2552 753 2625 sie
772 2573 853 2621 cum
875 2545 1018 2618 urbium
1037 2546 1199 2615 omnium
1223 2547 1342 2639 regina
1363 2547 1401 2615 in
1422 2560 1496 2618 toto
1514 2570 1574 2638 ge-
1627 2543 1707 2616 Arii
1725 2561 1798 2633 est,
1824 2550 1908 2641 quia
1922 2547 2003 2619 Arii
2024 2547 2240 2642 blasphemia
2256 2574 2375 2621 semen
2392 2549 2461 2619 fuit
2475 2543 2606 2617 Maho-

507 2725 511 2735 ‚
592 2678 678 2729 nere
699 2648 858 2722 humano
881 2662 980 2737 capta
1000 2660 1033 2716 et
1047 2648 1184 2737 direpta
1201 2648 1267 2731 sit,
1291 2662 1325 2719 et
1342 2660 1482 2738 experta
1499 2672 1576 2717 sae·
1627 2646 1773 2716 meticae
1805 2649 2007 2739 impietatis.
2064 2647 2184 2721 Audio
2214 2664 2329 2721 tamen
2354 2651 2490 2742 aliquas
2511 2660 2545 2717 et
2566 2648 2606 2715 in

591 2756 723 2826 viciam
744 2748 1097 2822 obscoenissimomm
1119 2761 1154 2817 et
1177 2748 1500 2819 crudelissimorum
1522 2748 1576 2817 la·
1627 2748 1715 2816 urbe
1731 2760 1766 2817 et
1782 2748 1820 2815 in
1836 2748 1987 2834 vicinia,
2010 2763 2045 2820 et
2059 2750 2244 2842 praecipue
2256 2752 2295 2818 in
2311 2747 2533 2821 Chalcedone
2549 2771 2606 2817 re-

593 2873 755 2933 nonum,
781 2851 868 2944 quid
892 2849 1093 2938 impendeat
1109 2846 1188 2916 aliis
1201 2849 1364 2935 gentibus
1378 2862 1412 2918 et
1426 2848 1577 2918 urbibus
1628 2848 1755 2940 liquias
1770 2871 1843 2917 esse
1858 2844 2052 2919 Christiani
2069 2851 2243 2933 nominis,
2267 2853 2326 2920 sed
2345 2872 2525 2941 oppressas
2540 2849 2607 2917 tri-

594 2958 796 3047 eogitemus.
848 2948 922 3020 Nec
943 2952 1073 3018 frustra
1093 2947 1197 3017 nobis
1221 2939 1467 3039 proponi'tam
1490 2943 1577 3018 hor·
1629 2949 1673 3017 sti
1694 2947 1881 3029 servitute,
1914 2965 1949 3020 et
1970 2950 2122 3020 subinde
2146 2946 2308 3020 homines
2328 2950 2489 3020 licentiae
2510 2949 2608 3017 mili-

593 3059 723 3130 rendas
749 3049 947 3141 tragoedias
969 3048 1084 3118 securi
1106 3046 1358 3148 imaginemur,
1389 3047 1578 3135 diluvium,
1627 3048 1713 3117 taris
1731 3050 1896 3138 cupidos,
1922 3052 1967 3119 ab
1980 3047 2137 3121 Ecclesia
2152 3053 2197 3120 ad
2216 3049 2403 3120 Turcicam
2420 3050 2610 3131 discedere,

594 3157 776 3229 interitum
790 3151 1047 3232 Sodomorum,
1069 3147 1244 3216 excidium
1256 3146 1455 3234 Samariae,
1480 3146 1578 3219 lero-
1629 3149 1712 3241 quia
1733 3149 1876 3220 licentia
1896 3145 2101 3221 hominibus
2124 3175 2188 3242 per
2208 3173 2282 3221 sese
2306 3164 2402 3238 grata
2418 3162 2488 3235 est,
2512 3162 2546 3219 et
2561 3150 2611 3217 si-

594 3261 769 3353 solymae,
795 3250 978 3346 Byzantii,
1003 3243 1226 3318 Athenarum
1249 3258 1283 3316 et
1298 3247 1449 3318 aliarum
1467 3248 1577 3319 innu·
1628 3249 1706 3316 mul
1724 3271 1797 3340 quo
1816 3273 1852 3318 se
1873 3250 2016 3319 fortuna
2032 3251 2200 3334 inclinat,
2226 3274 2267 3320 eo
2283 3251 2323 3320 fit
2340 3264 2375 3320 et
2389 3250 2612 3320 voluntatum

593 3355 819 3431 motabilium
835 3351 981 3443 urbium
997 3348 1206 3418 eversiones.
1630 3347 1834 3435 inclinatio,
1859 3362 1894 3420 et
1910 3350 2076 3422 omnibus
2091 3351 2261 3422 aetatibus
2278 3350 2384 3423 multi
2398 3350 2556 3422 iudicant
2568 3349 2612 3419 de

698 3450 734 3522 Ο
764 3449 910 3518 duriora
931 3446 1098 3517 omnihus
1122 3444 1275 3535 scopulis
1297 3461 1455 3536 pectora,
1488 3472 1578 3542 quae
1630 3448 1863 3538 religionibus
1876 3474 1918 3519 ex
1934 3452 2165 3545 imperiorum
2181 3452 2407 3523 successibus.

597 3555 728 3628 talibus
742 3551 815 3618 irae
831 3546 974 3616 divinae
988 3545 1156 3636 exemplis
1170 3568 1244 3613 non
1260 3561 1464 3633 moventur,
1488 3574 1579 3642 quae

596 3680 644 3726 ne
665 3649 827 3724 diabolos
849 3646 993 3739 quidem
1014 3645 1090 3714 sine
1110 3657 1260 3715 tremore
1276 3658 1421 3719 etmetu
1436 3650 1578 3721 venturi
1731 3644 1834 3714 Hanc
1854 3662 1962 3720 totam
1986 3650 2225 3717 narrationem
2247 3654 2292 3718 de
2307 3652 2480 3745 Byzantio
2500 3674 2540 3719 eo
2554 3673 2613 3719 re-

598 3754 722 3829 iudicii
742 3762 896 3843 spectare
911 3768 1012 3839 posse
1028 3746 1199 3819 existimo.
1632 3745 1757 3829 citavi,
1790 3745 1873 3838 quia
1894 3743 1991 3816 Deus
2013 3747 2205 3837 praecepit,
2239 3762 2278 3816 ut
2301 3753 2459 3837 exempla
2482 3774 2614 3839 poena-

700 3852 795 3926 Sunt
816 3863 932 3921 autem
954 3848 1039 3917 anni
1060 3846 1220 3918 aXerxis
1233 3849 1439 3941 fugansque
1455 3850 1500 3917 ad
1515 3845 1580 3918 Se-
1631 3869 1711 3915 rum
1737 3845 1959 3931 intueamur,
1987 3858 2162 3915 eteorum
2187 3846 2397 3935 cogitatione
2419 3850 2463 3916 ad
2488 3849 2613 3915 mode·

598 3979 722 4028 verum
736 3955 1001 4045 imperatorem,
1025 3971 1128 4040 aquo
1144 3948 1463 4044 anteaByzantium
1479 3972 1581 4019 ever·
1632 3946 1735 4018 stiam
1757 3958 1792 4016 et
1815 3949 1860 4018 ad
1883 3971 2001 4019 veram
2023 3947 2280 4019 invocationem
2297 3947 2366 4019 Dei
2389 3972 2454 4018 nos
2478 3946 2614 4016 exusci-

598 4083 677 4129 sum
697 4066 769 4143 est,
795 4052 977 4142 aliquanto
995 4050 1231 4143 pluresquam
1248 4050 1476 4144 septingenti,
1499 4049 1582 4141 qui·
1631 4060 1758 4122 temus.
2444 4032 2449 4051 ⁸

598 4161 667 4230 bus
680 4154 784 4226 annis
796 4151 919 4222 lloruit
933 4151 1145 4246 Byzantium
1161 4174 1272 4244 usque
1286 4152 1331 4222 ad
1344 4149 1528 4222 Severum.
1733 4146 1840 4219 Scitis
1862 4149 1996 4219 dictum
2010 4149 2075 4218 lilii
2091 4144 2178 4235 Dei,
2204 4173 2284 4220 cum
2300 4151 2392 4241 apud
2409 4174 2489 4219 eum
2507 4147 2616 4219 Pilati

702 4250 985 4327 AConstantino
1009 4252 1096 4321 anni
1120 4266 1204 4322 sunt
1218 4275 1330 4344 usque
1344 4253 1389 4319 ad
1406 4247 1580 4321 hocexci-
1633 4247 1820 4319 erudelitas
1847 4263 2006 4320 accusata
2034 4263 2141 4332 esset,
2174 4251 2237 4343 qui
2265 4250 2486 4322 interfecerat
2510 4248 2616 4319 Gali-

600 4361 701 4433 dium
726 4354 866 4426 circiter
888 4352 986 4423 mille
1007 4365 1042 4422 et
1063 4365 1213 4421 centum.
1265 4351 1403 4422 Interea
1427 4351 1492 4420 etsi
1516 4351 1582 4420 do·
1634 4348 1728 4417 lacos
1753 4350 1910 4444 aliquot,
1941 4364 1976 4420 et
2002 4353 2162 4440 coegerat
2189 4365 2341 4422 caeteros
2372 4353 2410 4421 in
2439 4350 2616 4422 sacrificiis

601 4457 753 4532 mesticis
776 4468 811 4525 et
833 4450 986 4551 externis
1010 4452 1114 4521 bellis
1136 4451 1315 4521 interdum
1337 4463 1498 4541 quassata
1520 4462 1583 4537 est,
1633 4449 1755 4519 hibere
1775 4464 2005 4542 cognatorum
2020 4452 2246 4540 sanguinem,
2272 4455 2334 4522 etsi
2351 4466 2493 4524 reserat
2507 4466 2618 4535 atrox,

539 4595 544 4602 ·
601 4577 721 4633 tamen
749 4577 887 4643 semper
910 4554 977 4622 tuit
997 4551 1185 4644 praecipua
1207 4551 1449 4621 doctrinarum
1475 4549 1583 4618 sedes.
1635 4564 1753 4619 tamen
1773 4547 1937 4622 Christus
1957 4553 2086 4622 omissa
2101 4550 2208 4623 Pilati
2233 4555 2434 4642 mentione,
2461 4575 2618 4623 commo·

601 4659 705 4730 Nunc
728 4655 851 4727 deletis
865 4650 1048 4733 Ecclesiis,
1073 4645 1299 4722 bibliothecis
1320 4663 1356 4720 et
1374 4650 1502 4720 studiis
1519 4651 1584 4718 do-
1634 4652 1763 4720 neiacit
1783 4676 1866 4722 suos
1887 4655 2066 4724 auditores
2086 4655 2130 4721 de
2145 4655 2315 4742 exemplo.
2365 4651 2503 4731 Omnes
2518 4651 2618 4722 simi-

603 4758 816 4840 ctrinarum,
840 4754 986 4828 sublatis
1009 4753 1179 4822 ordinum
1200 4750 1384 4836 gradihus,
1406 4764 1529 4821 senatu
1550 4762 1584 4820 et
1634 4751 1716 4821 liter
1731 4753 1912 4841 peribitis,
1933 4753 2002 4823 nisi
2019 4776 2081 4822 vos
2095 4755 2340 4828 emendabitis.
2387 4837 2391 4844 Ι

601 4855 881 4948 magistratibus,
909 4868 944 4923 et
960 4851 1122 4923 extinctis
1137 4848 1320 4921 nobilibus
1331 4850 1496 4934 familiis,
1522 4874 1585 4920 arx
1737 4850 1878 4924 Videtis
1892 4855 2012 4948 quales
2028 4854 2246 4923 surorcssint
2257 4849 2620 4941 hostiumEvangelii,

560 4962 562 4967 ⁴
603 4973 655 5031 est
676 4951 915 5051 blasphemiae
933 4946 1211 5035 Mahometicae,
1235 4965 1270 5023 et
1294 4952 1472 5023 stabulum
1486 4950 1584 5021 Tur·
1636 4975 1788 5044 quorum
1817 4955 1920 5025 multi
1950 4967 2072 5025 contra
2095 4956 2346 5026 conscientiam
2367 4957 2563 5026 detendunt
2584 4964 2619 5022 et

576 5059 759 5142 ¹cicorum
776 5056 968 5138 latronum,
990 5053 1054 5146 qui
1067 5051 1257 5132 doctrinas,
1280 5047 1464 5123 honestam
1479 5052 1586 5122 disci·
1636 5044 1821 5125 stabiliunt
1852 5055 2036 5127 manifesta
2064 5055 2177 5141 idola;
2218 5058 2347 5128 deinde
2376 5081 2481 5151 quarn
2514 5050 2618 5122 multi

604 5159 760 5252 plinam,
800 5158 911 5245 leges,
952 5153 1197 5243 coniugiorum
1232 5155 1378 5239 foedus,
1419 5152 1586 5224 castitatis
1636 5154 1769 5247 ubique
1792 5156 1864 5225 sint
1881 5152 2070 5248 Epicurei,
2096 5179 2202 5249 quarn
2217 5160 2320 5229 multi
2336 5161 2490 5230 furentes
2504 5149 2619 5223 ambi-

604 5262 709 5331 decus
729 5259 888 5326 furenter
904 5267 1155 5333 contemnunt,
1182 5266 1216 5321 et
1231 5255 1328 5324 nulla
1341 5254 1460 5324 civilia
1478 5277 1586 5324 orna·
1638 5255 1735 5325 tione
1757 5270 1792 5327 et
1814 5257 1925 5341 odiis,
1951 5270 1985 5327 et
2008 5257 2190 5328 turbantes
2206 5262 2428 5331 concordiam
2444 5251 2619 5325 Ecclesia-

604 5374 722 5432 menta
739 5355 1004 5444 magnifaciunt.
1056 5352 1214 5423 Tantum
1230 5356 1355 5424 ardent
1369 5357 1507 5425 infirma
1524 5379 1587 5424 cu·
1638 5381 1717 5426 rurn
1742 5357 1836 5426 etin
1859 5358 2078 5427 vocationem
2103 5358 2266 5447 piorum,
2291 5374 2460 5454 quantum
2479 5353 2619 5425 sihiin-

604 5462 751 5553 piditate
765 5454 1031 5536 dominationis,
1055 5476 1161 5544 quam
1175 5464 1292 5520 tamen
1309 5451 1503 5523 nihilaliud
1514 5477 1587 5523 esse
1638 5459 1784 5546 dulgent
1813 5459 1960 5549 plurimi
1989 5460 2028 5528 in
2058 5458 2298 5550 voluptatibus
2323 5457 2535 5531 inconcessis
2561 5469 2623 5524 aut

605 5560 828 5649 intelligunt,
853 5552 924 5622 nisi
946 5553 1058 5620 lacere
1082 5551 1279 5620 vastitatem
1302 5553 1436 5630 intuto
1458 5576 1589 5642 genere
1638 5558 1903 5629 immoderatis?

605 5659 784 5738 humano.
809 5677 915 5749 quam
930 5666 963 5723 et
981 5672 1112 5720 nomeu
1128 5650 1324 5726 minitatur.
1374 5651 1466 5724 Nam
1483 5678 1588 5726 voca·
1739 5653 1836 5726 Haec
1860 5660 1947 5729 vitia
1969 5660 2167 5732 abiicienda
2189 5670 2288 5737 sunt,
2314 5672 2476 5727 etmorer
2492 5654 2624 5723 rectius

605 5764 730 5837 bulum
747 5758 865 5835 Tucca
883 5751 1115 5827 vastationem
1133 5749 1329 5843 significat,
1640 5754 1805 5843 regendi,
1846 5768 1880 5827 et
1916 5758 2109 5832 flectendas
2136 5771 2270 5828 mentes
2300 5758 2344 5827 ad
2373 5755 2624 5847 cogitationem
