6025 6775
380 611 456 686 ooo
700 686 712 702 1
1016 590 1279 669 putorem
1318 535 1772 671 uauan'ruorus.
2119 543 2126 556 ⁸
2334 627 2411 702 ooo

381 779 452 852 hoo
478 778 586 850 mddo
606 772 702 848 Deus
731 760 910 845 aeternam
935 763 1128 864 Ecclesiam
1158 787 1223 856 per
1252 764 1368 833 lilium
1420 785 1499 832 rera
1523 778 1558 836 ct
1580 789 1768 854 agnoscere
1790 793 1889 841 suam
1911 773 2149 868 voluntatem,
2180 797 2215 857 ει
2236 791 2405 866 adsentiri
2473 815 2475 820 ·

382 881 534 969 oolligit,
559 892 604 948 ει’
615 902 701 947 voce
717 870 903 964 Evangelii
920 883 969 940 est
987 868 1126 947 efficax,
1152 882 1192 936 ut
1207 889 1367 956 expresse
1420 867 1660 955 promissioni.
1710 865 1758 941 Et
1772 875 2204 975 certissimumestipsom
2218 888 2405 965 filiumDei

382 983 530 1056 dippum:
557 977 794 1066 Eooogoltom
815 986 864 1042 est
888 969 1044 1061 potentia
1060 967 1133 1054 Dei·
1150 970 1195 1036 ad
1217 970 1366 1037 aolutcm
1419 958 1532 1063 λόγον
1552 968 1589 1037 in
1606 972 1885 1046 adsentientibus
1900 978 2074 1051 efficacem
2091 1007 2175 1057 esse.
2212 986 2404 1063 ldeoPsal-

382 1083 481 1153 omni
507 1079 679 1153 credenti.
725 1074 774 1148 Et
800 1072 930 1146 Paulus
951 1070 1003 1142 sic
1024 1069 1194 1142 describit
1217 1090 1365 1157 regnum
1418 1090 1497 1137 mus
1513 1068 1595 1142 129.
1618 1072 1719 1142 dicit:
1750 1069 1943 1166 Expectavi
1964 1079 2176 1174 Dominum,
2207 1098 2403 1183 expectavit

379 1180 516 1257 Chrtot
547 1182 584 1250 to
615 1176 680 1252 hoo
707 1179 796 1260 vita,
835 1197 917 1244 cum
947 1172 1012 1242 ait:
1055 1170 1191 1242 Tradet
1215 1192 1365 1260 regnum
1417 1169 1535 1242 anima
1549 1195 1647 1260 mea,
1672 1187 1706 1244 et
1721 1174 1761 1244 in
1778 1178 1887 1250 verbo
1903 1179 1978 1253 eius
1990 1188 2140 1276 speravi.

379 1285 458 1357 ΒΕΘ
476 1282 630 1375 ‘ipati‘
1279 1307 1285 1318 ⁹
1517 1301 1580 1379 41·
1615 1305 1708 1380 T⁰l⁰
1735 1312 1906 1402 *criptura
1929 1318 2134 1410 prophetica
2155 1339 2189 1397 ει
2209 1332 2403 1419 apostolica

483 1417 544 1487 58.
583 1410 752 1498 llegnum¹
774 1404 909 1498 Christi
939 1419 1123 1476 aeternum
1151 1418 1221 1491 est,
1254 1415 1296 1475 ut
1324 1405 1362 1474 in
1415 1406 1521 1496 plena
1538 1422 1590 1479 est
1605 1412 1909 1500 testimoniorum,
1935 1441 2111 1510 quaenon
2130 1428 2246 1498 solum
2262 1435 2400 1521 praeci.

380 1521 477 1590 ana
493 1513 637 1583 dicitur:
661 1507 781 1598 Regni
795 1504 1143 1579 eius-noneritfinis.
1194 1504 1266 1578 Sed
1280 1507 1363 1600 quia
1415 1507 1520 1598 piunt
1539 1523 1580 1580 nt
1602 1510 1796 1598 discamus,
1822 1518 2027 1602 audiamus,
2058 1526 2248 1615 cogitemus
2270 1532 2400 1622 scripta

379 1621 505 1689 modus
527 1613 618 1682 alius
637 1625 689 1680 est
710 1610 812 1699 regni
831 1610 868 1677 in
892 1603 1070 1690 haesita,
1093 1608 1183 1678 alius
1206 1619 1285 1696 post
1305 1609 1363 1676 iu·
1414 1607 1588 1679 divinitus
1602 1614 1748 1698 tradita,
1774 1618 1954 1689 sedetiam
1975 1635 2015 1692 ut
2030 1625 2181 1698 sciamus
2196 1626 2311 1700 Deum
2330 1628 2397 1704 hac

380 1721 532 1800 dicium,
558 1714 639 1784 ideo
653 1710 787 1786 Paulus
805 1710 945 1804 inquits
968 1706 1103 1780 Tradet
1121 1731 1270 1798 regnum
1285 1704 1362 1776 Deo
1414 1708 1490 1799 ipsa
1517 1711 1729 1799 cogitatione
1758 1718 1932 1788 efficacem
1952 1743 2045 1811 esse,
2087 1739 2127 1797 ut
2149 1725 2396 1804 Romooooom

379 1837 414 1893 ct
435 1818 541 1911 patri.
592 1814 637 1884 ln
661 1807 728 1882 hac
751 1811 824 1881 vita
840 1833 988 1901 regnum
1002 1804 1156 1890 Christi,
1180 1822 1232 1880 est
1247 1806 1362 1879 filium
1414 1809 1570 1880 decimo:
1605 1810 1721 1904 Prope
1736 1828 1788 1885 est
1801 1818 1951 1889 verbum
1966 1823 2005 1891 in
2020 1849 2083 1894 ore
2098 1840 2159 1899 tuo
2174 1842 2239 1904 etr.
2290 1830 2396 1905 Etad

378 1921 527 1990 missum
557 1940 650 2000 esse,
687 1929 728 1986 ut
758 1913 914 2005 proterat
941 1907 1175 1999 Evangelium
1207 1934 1249 1978 cx
1280 1910 1361 1979 sinu
1413 1907 1624 1982 Corinthios
1655 1907 1863 1986 nominatur
1889 1915 2124 2014 Evangelium
2158 1930 2396 2006 ministerium

377 2019 516 2092 aeterni
538 2019 668 2110 patris,
693 2027 794 2085 antea
815 2014 977 2103 ignotum
998 2012 1166 2094 omatibus
1181 2012 1361 2100 creaturis,
1412 2009 1588 2101 Spiritus,
1611 2015 1647 2083 id
1668 2025 1740 2099 est,
1764 2040 1836 2114 quo
1849 2015 2005 2109 Spiritus
2021 2042 2161 2100 sanctus
2177 2033 2282 2104 datur
2295 2047 2331 2105 et
2345 2049 2397 2104 est

377 2139 413 2192 et
436 2133 589 2192 msumta
613 2114 768 2188 humana
785 2128 910 2185 natura
925 2113 1076 2183 redimat
1090 2112 1302 2194 Ecclesiam,
1326 2124 1361 2182 ει
1412 2110 1546 2189 efficax.
1640 2169 1644 2178 .

379 2248 455 2292 eam
480 2244 566 2290 saoce
582 2216 766 2307 Evangelii
784 2216 986 2286 immediate
1005 2202 1145 2304 colligat
1161 2228 1194 2286 et
1209 2211 1360 2283 vivificet
1515 2227 1576 2304 42,
1622 2226 1670 2301 Et
1701 2234 1787 2325 quid
1819 2258 1908 2326 opus
1938 2252 1991 2311 est
2018 2241 2125 2335 longa
2141 2238 2143 2241 ’
2161 2250 2397 2322 refutatione?

380 2328 461 2395 dato
492 2322 634 2413 Spiritu
660 2331 803 2422 sancto,
835 2319 892 2390 ,sit
920 2316 1100 2386 redemtor
1129 2328 1165 2386 et
1190 2314 1360 2417 salvator,
1411 2327 1502 2401 coto
1518 2329 1651 2400 Pontus
1664 2323 1709 2401 de'
1723 2333 1877 2407 lectione
1899 2342 2109 2433 praecipiat,
2142 2363 2176 2419 et
2198 2350 2293 2421 dieat
2314 2354 2398 2424 todo

382 2437 540 2516 protegat
559 2436 595 2492 ει
613 2433 727 2490 servet
749 2418 964 2499 Ecclesiam,
990 2428 1025 2484 ct
1048 2416 1094 2486 sit
1116 2429 1219 2507 caput
1240 2416 1359 2485 omnia
1411 2432 1689 2501 consolationem
1705 2439 1890 2524 petendam
1904 2463 1990 2525 esse,
2005 2439 2397 2525 a'nteferarursteneke-

375 2526 421 2594 in
442 2513 608 2595 omnibus
630 2519 836 2613 perficiens,
859 2532 895 2589 ει
916 2531 994 2609 ροει
1014 2529 1163 2634 mortem
1180 2516 1359 2633 respacittl
1410 2532 1537 2615 seldio‚
1564 2531 1626 2626 qui
1649 2550 1807 2606 removet
1826 2539 2031 2627 lectionem,
2056 2558 2089 2615 ει
2103 2547 2200 2619 iubet
2218 2567 2398 2644 expectare

381 2648 466 2709 atos,
492 2617 1361 2712 severriatmundanaturasutde1ndev¹s¹b¹¹¹·
1410 2628 1669 2704 enthusiasmos
1699 2637 1926 2709 simulatione
1957 2645 2152 2734 tora-itatis,
2198 2665 2237 2723 ut
2267 2655 2397 2727 multos

379 2742 433 2796 ter
453 2719 589 2794 habitet
611 2723 649 2792 in
671 2723 776 2791 nobis
792 2721 912 2801 Deus,
936 2733 977 2789 ut
996 2718 1040 2787 sit
1060 2717 1179 2786 omnia
1195 2717 1233 2784 in
1249 2717 1359 2787 beatis
1412 2735 1567 2804 otdtmoo
1593 2736 1802 2828 impootoooo
1830 2740 2036 2814 ootiotootoo
2066 2751 2246 2830 doctrinae
2275 2770 2416 2843 ΜΝ

379 2826 559 2899 omnibu&
607 2823 748 2912 Regnat
770 2814 1054 2910 ldlluffillfl‘lffl
1078 2819 1116 2886 5¹¹
1137 2814 1203 2888 hac
1226 2816 1297 2888 Vlla
1319 2817 1359 2885 5¹¹
1412 2833 1474 2925 qni
1491 2849 1608 2925 postca
1625 2850 1659 2906 et
1674 2838 1860 2927 opiniones
1876 2853 1984 2913 tetras
2006 2867 2228 2937 sparserunt,
2255 2869 2289 2927 ει
2304 2859 2397 2928 sedi-

376 2925 621 3017 Ecclcsiaper
642 2924 876 2993 ministerium
896 2917 1093 3008 Evangelii.
1154 2917 1238 2989 Post
1267 2914 1359 2988 hanc
1411 2936 1740 3016 ttoooooooooooog

381 3028 596 3109 domeni
621 3039 739 3096 manet
752 3022 830 3141 1th
850 3035 885 3092 et
904 3018 1215 3139 nonientana,
1240 3033 1358 3090 tamen
1512 3051 1575 3123 ts.
1612 3051 1846 3126 Retineaous
1875 3061 1993 3149 ositos
2023 3064 2158 3136 aterum
2178 3066 2298 3141 Parti:
2338 3073 2396 3147 sa

378 3129 505 3202 modus
519 3129 611 3202 alius
626 3128 712 3212 erit,
736 3125 870 3194 ‘efficti
884 3123 1034 3191 V¹⁸¹b¹¹¹⁸
1048 3135 1265 3214 e⁰¹¹⁵P⁰⁰¹¹¹⁵·
1412 3154 1574 3225 assiduus
1594 3168 1628 3226 ct
1647 3167 1799 3225 attentos
1822 3159 1871 3236 in.
1891 3160 2058 3249 lectione,
2093 3170 2334 3244 consolatione
2362 3191 2396 3248 et

433 3301 436 3306 ·
477 3253 541 3336 89.
574 3254 666 3334 Cum
688 3260 798 3350 igitur
817 3256 982 3326 universa
1007 3252 1359 3349 scriptura'prophe-
1390 3255 1586 3326 doctrina.
1639 3250 2152 3350 OrditurPaulusalectiooe,
2177 3269 2395 3364 quiaEvan-

379 3368 449 3440 tica
472 3380 506 3438 et
529 3351 717 3458 apostolica
733 3358 912 3438 adfirmet,
937 3382 1023 3429 voce
1039 3358 1222 3448 Evangelii
1240 3358 1359 3447 colligi
1412 3357 1541 3446 gelium
1556 3370 1701 3428 nonest
1725 3373 1854 3430 natura
1877 3378 2022 3451 uotum,
2047 3381 2089 3439 ut
2110 3371 2292 3446 doctrinae
2313 3371 2396 3468 phi.

379 3465 595 3553 Ecclesiam,
618 3478 651 3535 et
673 3486 752 3533 cum
777 3457 843 3531 hac
857 3484 944 3529 voce
961 3474 995 3530 et
1012 3461 1222 3549 cogitatione
1239 3460 1359 3550 scripti
1413 3455 1634 3549 losophicae,
1659 3460 1720 3527 sed
1742 3462 1950 3533 discendum
1971 3481 2022 3539 est
2045 3491 2087 3538 cx
2113 3474 2271 3564 scriptis,
2304 3502 2394 3570 quae

380 3568 481 3637 verbi
511 3568 626 3637 Deum
656 3565 829 3634 efficacem
856 3585 946 3645 esse,
979 3586 1053 3631 non
1084 3573 1135 3631 εει
1162 3562 1360 3630 audiendus
1411 3558 1509 3630 Deus
1534 3561 1647 3630 voluit
1673 3584 1734 3656 per
1749 3560 1943 3655 Prophetas
1965 3581 2000 3637 et
2020 3562 2211 3658 Apostolos
2233 3581 2396 3648 mandari

379 3664 680 3749 Stenclseleldios,
705 3664 853 3756 quinon
870 3662 999 3732 desinit
1015 3662 1218 3742 vociferari,
1243 3660 1359 3731 Deum
1412 3661 1534 3734 literis.
1582 3657 1630 3731 Et
1660 3661 1802 3732 lectioni
1831 3667 1929 3736 addit
1961 3672 2249 3746 consolationem.
2300 3675 2397 3750 Deus

380 3795 417 3838 se
437 3771 513 3837 sine
532 3758 648 3835 medio
664 3765 941 3848 communicare,
967 3765 1044 3833 sine
1058 3787 1143 3834 voce
1160 3762 1360 3847 ministerii,
1413 3764 1521 3850 igitur
1534 3786 1573 3831 ea
1591 3763 1742 3832 lectione
1757 3765 1876 3835 efficax
1893 3784 1957 3842 εει.
1997 3766 2169 3843 Doctrina
2186 3791 2237 3846 εει
2253 3800 2396 3850 enarra-

381 3874 458 3941 sine
477 3868 690 3958 cogitatione
711 3865 860 3957 scriptae
875 3867 1067 3938 doctrinae.
1117 3864 1185 3936 His
1199 3866 1360 3936 fanaticis
1413 3865 1462 3933 tio
1477 3864 1640 3934 lectionis
1655 3887 1716 3937 seu
1731 3868 1865 3957 scripti,
1892 3893 1972 3939 cum
1986 3895 2054 3940 vox
2067 3874 2227 3945 docentis
2242 3883 2397 3952 ostendit

380 3972 595 4042 clamoribus
617 3966 761 4039 ahdrrcit
784 3963 946 4037 homines
969 3992 989 4037 a
1011 3967 1181 4050 lectione,
1206 3980 1242 4037 et
1264 3966 1360 4056 cogi·
1413 3979 1638 4056 argumenta,
1664 3968 1836 4051 membra,
1863 3970 2029 4041 exitus-in
2044 3978 2224 4063 proposita
2240 3983 2397 4051 materia.

380 4075 510 4145 tatione
519 4072 669 4164 scriptae
678 4069 872 4151 doctrinae,
899 4083 939 4139 ut
948 4068 1232 4139 manifestissima
1244 4091 1361 4138 exem·
1413 4064 1461 4136 Et
1483 4069 1528 4137 ad
1550 4065 1774 4139 Colossenses
1794 4068 1927 4159 inquit:
1960 4069 2085 4142 Sermo
2104 4072 2238 4146 Christi
2263 4076 2399 4152 habitet

381 4176 437 4267 pla
452 4176 644 4246 multorum
658 4174 865 4260 ostendunt,
891 4170 952 4264 qui
963 4169 1125 4241 Pastores
1139 4184 1199 4241 aut
1214 4169 1363 4262 pellunt,
1416 4170 1452 4237 iu
1469 4168 1570 4238 vobis
1584 4169 1726 4238 abunde
1750 4167 1788 4235 io
1810 4169 1909 4237 omni
1930 4171 2118 4262 sapientia,
2143 4191 2177 4251 et
2194 4181 2337 4265 docete,
2362 4195 2399 4253 et

380 4292 440 4347 aot
470 4279 592 4349 arrdire
620 4276 767 4357 nolunt,
800 4285 836 4342 ει
863 4273 996 4344 iactant
1025 4273 1087 4344 itta
1111 4267 1360 4345 enthusiastico
1414 4270 1596 4339 emendate
1609 4290 1672 4336 vos
1686 4280 1824 4338 mutuo.

380 4379 520 4448 oracula
538 4374 801 4449 Stenekefeldii.
1517 4401 1578 4475 44.
1610 4400 1736 4474 Eludit
1753 4396 1840 4473 haec
1860 4403 1952 4476 dicta
1967 4402 2246 4478 Stenckeleldius
2270 4434 2397 4494 sermo,

483 4510 544 4580 40.
568 4506 801 4601 Opponamus
818 4516 936 4579 antem
952 4507 1143 4577 certissima
1160 4505 1361 4579 testimonia
1417 4508 1538 4590 idest,
1561 4506 1634 4593 ipse
1657 4504 1760 4577 lilius.
1813 4503 1883 4576 Sed
1909 4504 1947 4574 in
1965 4501 2027 4577 his
2050 4509 2153 4579 dictis
2177 4534 2336 4602 expresse
2358 4518 2399 4586 lit

383 4610 557 4680 divinitus
578 4612 727 4691 tradita,
750 4611 879 4685 Roma.
900 4612 953 4681 1..-
980 4605 1215 4700 Evangelium
1232 4622 1284 4680 est
1299 4632 1363 4699 po·
1417 4608 1549 4677 mentio
1566 4606 1743 4689 lectionis,
1769 4617 1804 4676 ει
1817 4607 2011 4692 doctrinae,
2039 4621 2073 4679 et
2087 4615 2397 4686 commonefactio-

384 4712 492 4803 tentia
506 4708 573 4779 Dei
588 4708 631 4776 ad
646 4711 790 4783 salutem
803 4714 903 4785 omni
922 4709 1087 4782 credenti.
1140 4709 1362 4784 Roma.10.:
1414 4712 1485 4803 'uist
1535 4708 1588 4779 Ac
1605 4710 1821 4779 detestentur
1837 4709 1950 4777 bonae
1965 4724 2100 4781 mentes
2115 4713 2345 4803 petulantiam
2362 4731 2398 4788 et

385 4812 490 4883 Fides
511 4836 551 4881 cx
568 4808 695 4880 auditu·
708 4827 774 4897 est,
796 4816 938 4886 auditus
955 4837 1017 4905 per
1032 4814 1180 4882 verbum
1195 4811 1274 4887 Dei.
1306 4810 1363 4882 lo·
1417 4807 1643 4902 sophisticam
1676 4811 1714 4878 in
1742 4808 1928 4883 eludendis
1959 4813 2156 4882 manifestis
2176 4816 2398 4891 testimoniis.

383 4911 537 4984 lran.1.:
575 4909 789 4997 Unigenitns
814 4917 908 4987 lilius
932 4916 995 5009 qtri
1015 4927 1068 4983 est
1093 4916 1129 4983 in
1152 4914 1232 4983 sinu
1257 4914 1365 5003 patris
1419 4914 1558 4986 Scimus
1577 4910 1825 5000 cogitationem
1846 4911 1923 4982 sine
1942 4912 2079 4983 actione
2092 4914 2233 4998 divina,
2259 4916 2401 4988 literam

384 5011 689 5084 enarravitnohis.
731 5010 846 5099 Quam
859 5020 906 5089 ob
920 5039 1060 5088 causam
1078 5011 1244 5084 filiusDei
1260 5008 1367 5113 λόγος
1420 5039 1510 5098 esse,
1535 5015 1596 5083 sed
1612 5013 1718 5082 simul
1736 5006 1803 5079 hoc
1817 5013 1989 5098 dicimus,
2013 5012 2145 5085 Filium
2167 5012 2231 5084 llei
2254 5041 2319 5108 per
2340 5044 2403 5089 co-

385 5116 513 5185 missus
530 5116 605 5182 est?
632 5136 740 5205 quare
755 5110 850 5184 Deus
865 5131 936 5187 tam
951 5120 1073 5189 arcani
1088 5135 1122 5188 ct
1135 5116 1289 5185 usitandi
1305 5118 1367 5186 de·
1420 5117 1625 5205 gitationem
1647 5112 1797 5200 scriptae
1819 5114 2000 5184 doctrinae
2021 5115 2194 5184 efficacem
2219 5139 2302 5192 esse.
2355 5116 2404 5191 Et

386 5216 470 5309 crcti
489 5213 662 5285 nuncium
679 5214 755 5285 vult
769 5214 881 5283 lilium
903 5221 999 5289 esse?
1023 5221 1055 5291 εἰ
1076 5243 1150 5290 noo
1173 5214 1280 5288 hrains
1303 5241 1367 5286 vo·
1422 5215 1518 5287 hunc
1539 5214 1700 5285 ordinem
1726 5212 1896 5283 immensa
1915 5212 2086 5302 sapientia
2106 5229 2140 5285 ει
2162 5218 2320 5289 bonitate
2335 5218 2404 5291 Dei

387 5318 435 5386 eis
466 5314 681 5405 rogitatione
713 5309 877 5384 homines
910 5323 1099 5408 convertit,
1137 5335 1172 5391 ει
1204 5318 1369 5392 vivificat.
1422 5318 1647 5389 constitutam
1673 5335 1757 5383 csse.
1816 5311 1889 5383 Nec
1917 5314 2020 5384 aliter
2047 5334 2231 5390 senserunt
2256 5321 2306 5409 pii
2334 5345 2404 5392 un·

387 5417 515 5490 Psalm.
542 5417 641 5491 tto:
681 5414 779 5489 llaec
811 5430 864 5487 est
895 5422 1087 5495 consolatio
1107 5447 1185 5493 mea
1207 5422 1246 5491 in
1268 5420 1370 5490 aotti-
1424 5444 1528 5514 quam
1560 5417 1598 5484 in
1622 5411 1796 5498 Ecclesia,
1835 5417 1895 5485 ⁸⁹⁶
1919 5438 2056 5506 Semper
2076 5418 2219 5491 suerum
2244 5415 2407 5492 h⁰ml¹¹⁰⁸

389 5519 505 5587 ctione
536 5543 635 5606 mea,
676 5519 772 5614 quod
796 5515 976 5610 eloquium
999 5534 1101 5593 tuum
1125 5525 1278 5596 vivificat
1303 5544 1371 5592 me.
1424 5518 1566 5591 fanatici
1583 5532 1616 5586 et
1633 5512 1889 5600 enthusiastici,
1914 5518 1973 5612 qui
1991 5541 2092 5589 coeca
2108 5518 2405 5592 ambitionemoti

390 5615 477 5691 Vult
492 5644 557 5692 nos
574 5617 673 5692 Deus
687 5622 728 5692 in
743 5617 1039 5714 trepidationibus
1058 5634 1092 5693 et
1105 5626 1295 5714 pavoribus
1315 5625 1373 5693 in·
1424 5618 1487 5695 sat
1509 5613 1762 5715 τετυφωμένοι
1782 5618 1912 5689 similia
1931 5618 2163 5692 deliramenta
2181 5622 2408 5690 circumtule-

390 5722 479 5793 tueri
493 5724 767 5812 promissionem
785 5721 985 5796 revelatam.
1026 5718 1083 5792 lbi
1098 5724 1173 5795 vult
1185 5749 1253 5798 nos
1266 5748 1375 5819 quac·
1427 5737 1532 5809 runt,
1565 5721 1648 5815 quia
1664 5720 1833 5813 opinione
1847 5715 2078 5807 enthusiasmi
2095 5736 2131 5790 et
2146 5721 2407 5812 colloquiorum

1810 5818 1886 5890 40*
