6025 6775
1036 740 1186 819 329

1244 905 1432 981 Cum
1493 907 1710 998 igitur
1767 926 1897 973 nec
1953 896 2518 973 heroica.virtus
2576 900 2847 973 stabilis
2897 901 3012 985 sit:¹

1032 1010 1531 1101 confugiamus
1573 1009 1660 1078 ad
1702 1006 1926 1106 filium
1970 1000 2142 1088 Dei,
2196 1015 2264 1075 ει
2303 1004 2396 1075 ab
2435 1003 2589 1095 ipso
2634 1003 3012 1093 gubernari

1033 1136 1172 1185 nos
1215 1124 1572 1204 petamus,
1621 1108 1744 1201 qui
1785 1106 1999 1177 dixit:
2046 1101 2222 1195 Ego·
2248 1128 2406 1177 sum
2450 1105 2651 1192 vitis,
2700 1127 2827 1175 vos
2857 1103 3012 1196 pal-

1036 1214 1271 1285 mites.
1782 1253 1789 1260 -
1842 1212 1850 1222 '

1238 1306 1616 1404 Postquam
1648 1323 2024 1403 utcunque
2057 1309 2389 1402 exposui,
2439 1330 2651 1403 quam
2686 1330 2837 1377 rem
2865 1300 3008 1376 Ec—

1035 1417 1238 1488 clesia
1278 1419 1673 1498 monstret?
1708 1435 1870 1483 cum
1908 1412 2243 1483 virtutem
2276 1411 2628 1481 nominat:
2677 1423 2779 1494 et,
2830 1406 3004 1501 quid

1029 1508 1493 1606 Philosophia
1522 1514 1859 1585 virtutem
1889 1514 2258 1583 nominare
2273 1513 2493 1603 possit
2511 1560 2532 1593 ‚
2577 1533 2768 1581 nunc
2788 1532 3004 1601 quae-

1026 1639 1304 1700 ramus,
1365 1629 1435 1687 et
1469 1616 1643 1709 quid
1669 1615 1762 1686 sit
1789 1611 2238 1687 Aristotelica
2271 1610 2444 1697 ἕξις,
2501 1626 2570 1685 ει
2596 1612 2724 1683 ubi
2757 1612 2884 1696 sit,
2933 1625 3000 1681 et

1026 1720 1186 1813 quis
1214 1717 1308 1788 sit
1341 1717 1493 1787 eius
1515 1719 1719 1786 usus.'
1864 1807 1871 1814 ‚

1230 1815 1331 1890 Ut
1350 1817 1679 1888 noticiae·
1697 1838 1879 1912 quae
1909 1828 2075 1885 sunt
2104 1810 2413 1902 habitus,
2462 1828 2543 1887 ut
2567 1828 2770 1900 artes,
2818 1815 3000 1885 fiunt

1027 1921 1274 1994 crebra
1326 1919 1793 2011 impressione
1852 1916 2241 2006 imaginum
2302 1918 2380 1988 in
2430 1918 2830 1989 cerebrum:
2896 1915 2996 1985 ita

1028 2033 1570 2093 consentaneum
1598 2019 2046 2118 estin-corde
2071 2032 2138 2089 et
2164 2021 2400 2089 nervis
2430 2042 2514 2088 eo
2543 2017 2996 2089 tendentibus

1024 2123 1266 2193 crebra
1343 2121 1808 2213 impressione
1883 2119 2262 2212 spirituum
2341 2120 2496 2191 fieri
2568 2119 2996 2202 firmitatem,

1020 2222 1436 2317 praesertim
1470 2246 1628 2294 cum
1662 2221 1982 2293 doctrina
2014 2233 2082 2290 et
2115 2217 2424 2318 στοργαὶ
2454 2223 2819 2291 accedunt.

1225 2318 1699 2395 Thrasibulus
1743 2337 1847 2394 est
1877 2322 2183 2392 clemens
2210 2323 2290 2390 in
2324 2320 2615 2391 victoria
2652 2317 2880 2403 civili,
2924 2330 2992 2388 et

1021 2426 1246 2497 sancit
1271 2420 1720 2519 ἀμνηστίαν,
1775 2425 1939 2520 quia
1972 2448 2056 2491 ex
2086 2422 2408 2491 doctrina
2435 2418 2871 2512 sapientum,
2922 2432 2988 2489 et

1021 2551 1106 2597 ex
1150 2549 1314 2598 snae
1350 2526 1590 2599 aetatis
1614 2526 1956 2618 exemplis
1984 2535 2053 2592 et
2084 2521 2438 2594 veteribus
2470 2515 2821 2603 historiis,
2873 2521 2988 2590 di-

1021 2628 1229 2713 dicit,
1295 2650 1439 2698 non
1499 2629 1795 2700 retineri
1844 2622 2138 2714 imperia
2183 2622 2406 2693 nimia
2448 2622 2853 2716 asperitate,
2917 2635 2988 2692 et

1019 2730 1174 2799 sine
1218 2725 1588 2823 ἐπιεικείᾳε
1644 2725 1998 2797 Adficitur
2039 2723 2779 2795 etiam·misericordia
2824 2745 2984 2811 erga

1001 2831 1357 2920 patriam,
1429 2840 1767 2918 cognatos
1819 2840 1888 2897 et
1929 2825 2148 2910 cives,
2200 2826 2388 2897 inter
2435 2848 2614 2920 quos
2662 2824 2984 2894 naturale

1012 2933 1261 3003 foedus
1305 2946 1431 3002 est.
1547 2924 1645 2998 Et
1692 2940 1839 2997 erat
1882 2928 2053 2999 urbs
2102 2927 2336 3000 Attica
2386 2925 2828 2996 domicilium
2877 2924 2979 2992 le-

1009 3056 1213 3122 gum,
1264 3046 1333 3101 et
1381 3031 1887 3120 propugnatrix
1929 3030 2302 3102 universae
2347 3024 2689 3098 Graeciae
2738 3037 2979 3095 contra

1009 3134 1386 3208 barbaros,
1451 3130 1662 3202 talem
1717 3132 1968 3201 urbem
2030 3132 2587 3199 conservandam
2653 3149 2799 3197 esse
2858 3150 2979 3195 co·

1011 3231 1297 3318 gitabat.
1352 3274 1365 3286 κ

1213 3327 1405 3400 Haec
1453 3329 1694 3399 omnia
1743 3329 2039 3401 ssectunt
2080 3350 2204 3398 cor
2254 3327 2441 3404 eius,
2504 3340 2588 3397 ut
2633 3338 2979 3419 repugnet

1007 3430 1189 3514 irae,
1258 3443 1496 3522 parcat
1550 3430 1896 3510 inimicis,
1967 3442 2034 3499 et
2092 3428 2297 3500 tollat
2340 3450 2580 3498 causas
2607 3451 2976 3497 novorum

1004 3530 1400 3613 bellorum,
1498 3532 1826 3604 videlicet
1898 3530 2350 3622 repetitiones
2425 3542 2740 3599 veterum
2811 3551 2974 3619 pos-

1008 3632 1425 3703 sessionum.

1207 3731 1346 3803 Sed
1393 3733 1603 3802 etiam
1654 3733 1712 3800 si
1763 3731 1934 3823 quid
1985 3743 2087 3800 est
2131 3731 2251 3798 ille
2295 3725 2618 3809 habitus,
2667 3753 2785 3800 seu
2836 3732 2973 3799 im-

1002 3835 1265 3926 pressio
1319 3834 1691 3926 spirituum
1741 3833 1818 3900 in
1859 3833 2106 3911 corde,
2173 3853 2290 3899 res
2329 3830 2664 3919 languida
2710 3845 2852 3916 est,
2904 3846 2973 3903 et

998 3936 1204 4007 facile
1234 3935 1542 4006 vincitur
1573 3932 1924 4003 incendiis
1958 3933 2306 4001 malorum
2342 3931 2742 4000 affectuum.

1198 4035 1307 4107 De
1364 4035 1557 4107 vitiis
1605 4058 1785 4130 quae
1825 4057 1935 4104 res
1978 4034 2122 4104 sint
2161 4031 2442 4102 facilius
2486 4043 2588 4100 est
2630 4030 2964 4104 iudicare.

997 4137 1182 4211 Sunt
1212 4140 1401 4209 enim
1437 4138 1762 4208 ardentes
1794 4150 1862 4206 et
1891 4131 2223 4204 indomiti
2255 4133 2568 4203 adfectus
2597 4134 2969 4203 undecun-
3014 4175 3015 4178 =

998 4264 1140 4333 que
1167 4239 1523 4314 oriuntur.
1603 4237 1785 4309 Nam
1819 4238 1896 4305 in
1925 4231 2055 4306 hac
2082 4237 2458 4326 depravata
2489 4247 2742 4304 natura
2774 4235 2964 4304 mul-

997 4354 1106 4412 tae
1138 4356 1306 4413 sunt
1335 4365 1580 4412 causae
1611 4338 1961 4409 malorum
1989 4350 2337 4408 motuum.

1197 4443 1649 4515 Domitianus
1694 4454 1797 4510 est
1840 4461 2085 4508 saevus
2129 4462 2212 4506 ex
2243 4438 2495 4508 vitiosa
2527 4437 2744 4525 crasi,
2798 4438 2963 4530 quia

992 4568 1249 4638 corpus
1283 4557 1616 4614 venenata
1657 4542 1797 4611 bile
1827 4541 2164 4609 abundat.

1197 4646 1365 4715 ldeo
1407 4668 1564 4714 cum
1612 4644 1703 4714 sit
1746 4642 2101 4732 suspicax,
2167 4640 2466 4718 infidus,
2519 4639 2760 4708 omnia
2808 4661 2961 4706 me-

989 4762 1238 4832 tuens,
1290 4760 1358 4817 et
1401 4746 1490 4817 sit
1530 4746 1909 4816 instructus
1952 4741 2305 4832 potentia,
2356 4741 2546 4809 tollit
2592 4763 2749 4824 eos,
2798 4741 2961 4832 qui-

988 4851 1131 4917 bus
1184 4849 1531 4922 irascitur.
1651 4846 1794 4916 Nec
1856 4866 2105 4913 causae
2165 4842 2606 4935 quaerendae
2665 4853 2833 4910 sunt
2880 4841 2958 4909 in

987 4948 1412 5017 monstrosis
1455 4947 1748 5018 naturis.
1851 4943 1988 5016 Sed
2034 4957 2286 5023 ruunt,
2337 4943 2504 5036 quia
2548 4942 2725 5013 tales
2765 4955 2958 5025 sunt,

988 5063 1062 5121 et
1104 5047 1448 5118 accedunt
1473 5044 1937 5117 Diabolorum
1980 5044 2485 5137 impulsiones,
2535 5056 2617 5112 ut
2656 5043 2731 5111 in
2764 5041 2958 5112 Cali-

986 5151 1189 5242 gula,
1240 5145 1524 5218 Nerone
1555 5161 1621 5217 et
1651 5147 1807 5216 aliis
1838 5146 2505 5216 innumerabilibus:

1188 5247 1724 5321 Confirmantur
1781 5260 2008 5316 autem
2056 5247 2257 5338 pravi
2305 5246 2617 5316 adfectus
2658 5265 2955 5315 consue-

987 5352 1275 5432 tudine,
1323 5362 1393 5420 et
1430 5348 1633 5419 facile
1670 5348 1848 5416 fiunt
1871 5341 2154 5418 habitus
2183 5346 2620 5419 tenacissime
2656 5340 2954 5415 haeren-

987 5468 1124 5527 tes:
1174 5467 1257 5525 ut
1286 5453 1365 5521 in
1384 5449 1765 5540 Gangrena
1787 5459 1907 5516 aut
1929 5447 2277 5519 similibus
2296 5448 2590 5528 morbis,
2643 5447 2954 5537 pravitas

983 5551 1364 5626 humorum
1396 5566 1713 5644 ternpore
1743 5547 2187 5633 confirmata,
2231 5548 2489 5640 corrigi
2522 5571 2670 5619 non
2704 5561 2950 5639 potest.

1185 5654 1419 5742 Magis
1459 5655 1677 5744 igitur
1718 5652 1794 5720 in
1842 5647 2036 5717 vitiis
2082 5647 2382 5738 intelligi
2427 5663 2657 5740 potest
2692 5672 2950 5740 pravos

982 5757 1330 5839 adfectus,
1407 5771 1723 5846 tempore
1782 5749 2275 5836 confirmatos,
2339 5751 2599 5821 deinde
2660 5745 2945 5823 habitus

982 5881 1168 5943 esse,
1216 5878 1429 5949 quam
1458 5857 1536 5927 in
1563 5853 1971 5928 virtutibus.

1985 727 2306 806 nmen.
2375 731 2528 803 AN
2593 702 3197 805 VIRTUTES
3264 729 3530 846 sm‘r
3593 705 4156 807 HAmTUs?

4934 742 5084 813 330

3320 900 3512 990 Quia
3559 929 3707 975 non
3758 919 3946 977 tanta
3993 904 4318 977 incendia
4372 907 4712 979 adiuvant
4761 909 5078 988 virtutes,

3116 1017 3379 1100 quanta
3411 1020 3579 1078 sunt
3604 1007 3837 1078 vitiosi
3866 1010 4198 1079 adfectus·
4275 1093 4282 1100 Ι

3314 1111 3916 1195 Ρεοειιιιίιειιιιειι
3969 1125 4319 1216 expetenti
4380 1124 4753 1209 virtutem,
4833 1128 5074 1197 crebra

3110 1224 3473 1295 doctrinae
3517 1226 3885 1317 cogitatio,
3937 1219 4339 1317 vigilantia,
4388 1238 4458 1295 ει
4498 1226 4797 1297 intentio
4842 1227 4921 1295 in
4965 1228 5075 1296 vi-

3110 1325 3344 1398 tandis
3384 1327 3611 1423 causis
3655 1329 4018 1419 lapsuum:
4071 1340 4142 1396 et
4186 1328 4263 1396 in
4309 1324 4622 1398 Ecclesia
4668 1327 4801 1418 piis
4848 1329 5073 1420 pluri-

3107 1453 3303 1500 mum
3348 1429 3637 1521 prodest
3679 1431 4021 1522 precatio,
4071 1452 4249 1521 quae
4287 1444 4469 1500 recte
4497 1425 4735 1499 Deum
4767 1427 5073 1514 invocat,

3106 1543 3174 1600 et
3232 1531 3411 1622 petit
3455 1546 3536 1600 ut
3580 1532 3659 1600 in
3704 1545 3937 1602 mente
3979 1526 4197 1627 λόγος
4233 1530 4459 1598 lucem
4507 1529 5069 1619 gubernatricem

3083 1624 3469 1717 accendat,
3520 1645 3590 1702 et
3639 1632 3716 1701 in
3764 1645 4043 1724 pectore
4073 1629 4383 1720 Spiritus
4409 1627 4485 1703 S.
4523 1632 4778 1700 ardens
4809 1631 5068 1700 confir-

3101 1748 3245 1804 met
3284 1734 3815 1818 adsensionem,
3878 1756 4014 1827 qua
4062 1731 4349 1801 divinae
4394 1731 4552 1800 voci
4593 1730 4936 1815 creditur,
4997 1743 5066 1799 et

3099 1847 3330 1904 motus
3366 1834 3633 1905 tribuat
3664 1835 3874 1920 tales,
3926 1833 4156 1927 qualis
4191 1833 4340 1924 ipse
4374 1843 4503 1902 est.
4565 1925 4574 1930 .

3304 1947 3515 2019 Tunc
3539 1950 3794 2019 fortior
3816 1964 3919 2021 est
3937 1949 4393 2039 gubernatio,
4445 1971 4605 2020 cum
4634 1961 4705 2018 et
4735 1949 5059 2037 cogitatio

3098 2074 3352 2120 nervos
3398 2063 3587 2121 recte
3632 2051 3805 2136 ciet,
3870 2064 3938 2121 et
3974 2051 4189 2121 simul
4230 2051 4406 2122 boni
4450 2062 4687 2120 motus
4733 2048 4807 2116 in
4852 2053 5060 2118 corde

3041 2214 3042 2217 ,
3094 2166 3371 2223 armant
3400 2152 3640 2222 omnia
3671 2153 4008 2222 membra.

3294 2267 3488 2339 Haec
3532 2268 3855 2358 doctrina
3903 2268 4222 2362 quotidie
4262 2268 4340 2337 in
4383 2267 4828 2340 invocatione
4869 2271 5059 2358 cogi-

3090 2371 3304 2440 tanda
3348 2385 3486 2456 est,
3534 2393 3714 2465 quae
3758 2371 4047 2464 quidem
4091 2370 4344 2441 melius
4376 2369 4845 2458 intelligetur,
4897 2394 5058 2439 cum

3090 2472 3304 2543 simul
3331 2472 3649 2564 corporis
3678 2473 3993 2543 membra
4025 2472 4646 2563 contemplaberis,
4696 2472 4774 2539 in
4801 2471 5061 2562 quibus

3087 2586 3157 2643 et
3189 2575 3588 2643 testimonia
3617 2588 3783 2644 sunt
3812 2577 3899 2644 de
3916 2571 4091 2660 Deo,
4141 2586 4210 2643 et
4242 2586 4407 2643 sunt
4437 2573 4757 2655 vulnera,
4797 2570 5058 2663 quibus

3040 2742 3041 2750 ,
3085 2698 3263 2767 quae
3291 2675 3597 2745 remedia
3614 2672 3809 2745 Deus
3836 2676 4261 2760 condiderit,
4311 2673 4900 2745 considerandum
4932 2685 5057 2743 est.

3286 2790 3627 2862 Nominat
3674 2791 3941 2864 Paulus
3997 2794 4218 2882 legem
4263 2791 4797 2884 Paedagogum,
4860 2791 5054 2882 quod

3088 2889 3300 2959 etiam
3329 2914 3487 2958 cum
3517 2894 3604 2958 de
3633 2917 3782 2961 non
3806 2895 4066 2963 renatis
4093 2895 4383 2963 dicitur:
4433 2907 4666 2962 tamen
4689 2892 5049 2961 sciendum

3084 3003 3226 3074 est,
3278 3012 3457 3083 quae
3499 2991 3816 3059 membra
3852 2992 4302 3081 paedagogus
4345 2994 4590 3062 doceat
4621 3004 4691 3060 et
4719 2991 5055 3069 coe‘rceat,

3082 3105 3152 3161 et
3191 3088 3507 3186 praecipi
3553 3114 3592 3160 a
3619 3087 3773 3159 Deo
3814 3091 4259 3180 disciplinam
4281 3145 4301 3175 ,
4354 3105 4420 3160 et
4457 3113 4693 3159 severe
4728 3087 4936 3158 etiam
4973 3088 5048 3153 in

3079 3188 3209 3262 hac
3241 3192 3523 3263 mortali
3558 3192 3700 3262 vita
3738 3204 4019 3261 externa
4051 3193 4305 3261 delicta
4342 3191 4606 3281 puniri.
5123 3189 5128 3196 ’

3282 3308 3432 3378 Vos
3474 3334 3640 3379 vero
3681 3311 3758 3378 in
3790 3305 4102 3379 Ecclesia
4131 3307 4265 3378 Dei
4307 3333 4454 3379 non
4499 3309 4729 3378 solum
4777 3309 5051 3384 obtem-

3079 3434 3324 3501 perare
3364 3425 3445 3480 ut
3478 3407 3823 3483 Ethnicos
3869 3425 4182 3501 oportet:
4234 3414 4357 3481 sed
4393 3411 4741 3481 audienda
4777 3421 4878 3478 est
4905 3432 5048 3476 ‚vox

3077 3509 3486 3602 Evangelii,
3539 3527 3618 3584 ιιι
3657 3512 3926 3602 agnitio
3966 3513 4095 3580 filii
4121 3512 4253 3581 Dei
4299 3514 4376 3581 in
4412 3512 4771 3581 mentibus
4799 3532 5047 3597 accen-

3082 3616 3325 3696 datur,
3377 3626 3445 3683 ει
3487 3628 3878 3702 praestetur
3904 3614 4305 3684 obedientia
4339 3608 4899 3711 προηγουμένης
4924 3606 5046 3679 πί·-

3022 3704 3023 3707 “
3077 3735 3334 3799 στεως,
3374 3728 3455 3784 ιιι
3483 3710 3831 3805 Evagrius
3874 3729 4056 3784 recte
4083 3717 4360 3784 locutus
4391 3729 4524 3783 est:
4578 3713 4734 3782 Fiat
4761 3713 5046 3779 iuvoca-

3077 3816 3173 3885 tio
3221 3817 3372 3886 veri
3397 3813 3569 3902 Dei,
3640 3830 3710 3886 et
3753 3830 4033 3907 petatur
4077 3817 4419 3886 auxilium
4467 3816 4544 3884 in
4589 3813 5048 3884 conversione

3077 3917 3148 3985 in
3181 3928 3333 3988 toto
3370 3941 3576 3988 cursu
3613 3917 3797 3988 vitae
3820 3971 3841 4002 ,
3893 3917 3968 3985 in
4002 3918 4257 3988 studiis
4290 3940 4495 3987 verae
4529 3915 4912 3986 doctrinae.

3270 4038 3468 4110 Haec
3518 4038 3639 4131 qui
3678 4037 3979 4121 facient,
4029 4039 4476 4129 experientur
4522 4059 4686 4107 suos
4716 4037 5043 4127 gemitus,

3069 4151 3135 4208 et
3166 4152 3329 4209 vota
3358 4161 3480 4208 sua
3509 4161 3657 4206 non
3692 4160 3840 4207 esse
3871 4138 4070 4208 irrita
4090 4192 4110 4223 ,
4154 4151 4222 4208 et
4252 4140 4559 4209 sentient
4588 4139 4663 4206 in
4697 4139 4879 4207 veris
4911 4139 5042 4205 do·—

3069 4240 3339 4308 loribus
3397 4252 3466 4308 et
3524 4238 4157 4329 trepidationibus,
4220 4239 4557 4311 salutares
4615 4237 5040 4309 consolatio-

3017 4392 3019 4417 f
3069 4361 3192 4408 nes
3226 4352 3293 4408 et
3326 4339 3667 4409 auxilium
3701 4337 3859 4409 Dei.

3266 4455 3461 4525 Haec
3492 4457 3639 4546 ipsa
3660 4455 4085 4546 experientia
4112 4459 4433 4528 ostendet
4454 4455 4830 4527 discrimen
4853 4452 5039 4526 inter

3065 4558 3548 4628 doctrinarum
3616 4580 3894 4646 genera.
4031 4556 4230 4628 luter
4278 4555 4800 4630 Aristotelicam
4862 4552 5033 4642 ἕξιν,

3065 4683 3244 4752 quae
3276 4671 3379 4728 est
3410 4659 3661 4728 umbra
3694 4658 4016 4744 virtutis,
4068 4673 4136 4730 et
4165 4683 4364 4730 veras
4390 4659 4701 4729 virtutes.

3268 4771 3425 4846 Oro
3476 4788 3710 4846 autem
3754 4775 4118 4847 vobiscum
4167 4791 4312 4848 toto
4356 4789 4638 4868 pectore
4669 4788 5036 4848 aeternum

3065 4890 3329 4970 patrem
3359 4874 3653 4946 Domini
3704 4877 3931 4950 nostri
3961 4878 4119 4948 Iesu
4153 4874 4460 4962 Christi,
4510 4878 4637 4971 qui
4678 4900 4838 4949 cum
4881 4876 5035 4945 filio

3061 5002 3188 5047 suo
3223 4978 3543 5049 Domino
3575 4990 3818 5048 nostro
3857 4975 4014 5048 lesu
4043 4974 4329 5050 Christo
4362 4993 4435 5052 et
4461 4975 4736 5068 Spiritu
4759 4990 5036 5061 sancto,

3057 5081 3319 5149 creavit
3365 5078 3638 5148 coelum
3682 5091 3753 5148 et
3797 5090 4097 5158 terram,
4147 5092 4215 5148 et
4256 5093 4447 5150 certo
4490 5090 4845 5150 aeternam
4888 5073 5033 5149 Ec·

3011 5182 3012 5191 ’
3057 5179 3338 5248 clesiam
3383 5203 3551 5248 voce
3580 5174 3956 5268 Evangelii
4001 5177 4309 5264 colligit,
4355 5192 4434 5250 ut
4474 5192 4765 5270 propter
4802 5180 5030 5249 filium

3057 5280 3456 5350 Dominum
3489 5292 3809 5349 nostrum
3846 5276 4077 5349 Iesum
4111 5273 4476 5350 Christum
4509 5280 4721 5351 nobis
4745 5281 4835 5352 sit
4863 5300 5033 5371 pro-

3057 5380 3311 5470 picius,
3360 5393 3431 5450 et
3458 5379 3804 5470 gubernet
3832 5403 3962 5450 nos
3980 5378 4257 5471 Spiritu
4289 5404 4419 5452 suo
4448 5394 4716 5465 sancto,
4766 5396 4832 5452 et
4861 5403 5032 5472 pro-

3057 5494 3237 5572 tegat
3283 5505 3363 5552 ac
3404 5494 3599 5569 regat
3638 5475 3891 5550 harum
3941 5479 4309 5571 regionum
4340 5479 4726 5566 Ecclesias,
4778 5495 4846 5551 et
4892 5483 5025 5548 do·

3005 5629 3006 5640 ι
3053 5584 3319 5653 ctrinae
3354 5582 3609 5663 studia,
3662 5596 3732 5653 et
3767 5583 4075 5673 politias,
4127 5597 4194 5656 et
4227 5609 4384 5654 cum
4420 5585 4579 5654 aliis
4612 5581 4793 5650 vitae
4821 5602 5026 5682 P‘ae-

3057 5684 3257 5756 sidiis
3292 5685 3499 5758 etiam
3528 5683 4032 5756 medicationes
4058 5685 4292 5755 felices
4320 5684 4608 5756 tribuat.
4709 5676 4900 5749 Dixi.
