6025 6775
778 575 933 653 205

977 745 1225 818 Postea
1260 744 1579 837 deposita
1602 745 2024 844 verecundia
2058 743 2369 816 Romani
2401 738 2741 834 Episcopi

1596 572 1921 649 DECL.
2000 571 2150 648 DE
2216 566 2964 646 PONTIFICUM
3028 563 3721 646 AMBITIONE
3784 588 3956 647 nra·

4643 581 4797 658 206

3046 738 3268 813 Multi
3309 743 3527 831 igitur
3563 744 3726 813 tetri
3753 765 4025 815 errores
4054 748 4457 816 nonsssolum
4485 748 4574 819 de
4600 774 4794 820 com-

779 871 927 919 non
956 848 1188 917 solum
1218 848 1654 917 collocarunt
1680 870 1750 915 se
1776 846 1855 913 in
1879 842 2566 935 fastigioEcclesiae,
2616 846 2737 912 sed
2798 890 2799 896 κ
2838 844 3172 914 menticia
3230 857 3564 934 potestate
3608 842 4069 932 Pontificum,
4131 845 4275 937 sed,
4300 847 4527 920 multo
4575 852 4796 940 magis

779 949 990 1018 etiam
1025 948 1464 1018 addiderunt
1492 948 1577 1018 ad
1606 970 1677 1016 se
1703 948 2056 1037 pertinere
2086 939 2568 1015 monarchiam
2601 944 2739 1013 im-

774 1048 1190 1139 periorum,
1242 1062 1589 1118 creverant
1629 1047 1821 1117 enim
1863 1071 2031 1140 opes
2078 1060 2148 1116 et
2181 1046 2527 1136 potentia,
2579 1069 2738 1113 cum

778 1149 1016 1219 nostri
1066 1147 1514 1238 Imperatores
1557 1148 2041 1219 attribuissent
2082 1145 2450 1219 Romanae
2491 1140 2740 1214 Eccle-

781 1249 930 1317 siae
960 1250 1239 1339 praedia
1269 1249 1627 1337 quaedam.
1731 1247 1888 1319 Hae
1913 1248 2329 1319 donationes
2356 1245 2563 1316 initio
2591 1270 2740 1314 me-

783 1350 1060 1418 diocres
1099 1348 1414 1433 fuerunt,
1464 1364 1533 1420 et
1575 1349 1768 1419 bono
1815 1350 2108 1420 consilio
2151 1348 2371 1416 factae
2413 1360 2608 1431 sunt,
2658 1360 2740 1416 ut

784 1460 1097 1537 sumptus
1126 1440 1466 1520 haberent
1491 1450 1800 1520 familiae
1826 1450 2265 1528 docentium,‘
2298 1447 2740 1531 discentium,

778 1547 1112 1633 iudicum,
1159 1550 1546 1621 scribarum
1590 1565 1660 1621 et
1682 1553 1981 1622 aliorum
2010 1550 2529 1635 ministrorum,
2578 1549 2740 1642 qui-

769 1650 905 1718 bus
935 1672 1168 1719 carere
1201 1652 1621 1741 gubernatio
1654 1677 1801 1722 non
1835 1647 2145 1745 potestffi

975 1764 1207 1839 Credo
1244 1770 1452 1837 etiam
1483 1767 1845 1860 Principes
1878 1783 2127 1840 natura
2158 1767 2564 1858 magnificos
2591 1791 2740 1836 non

778 1882 1057 1970 tantum
1098 1870 1565 1956 necessitatis,
1616 1874 1737 1940 sed
1784 1871 2178 1962 splendoris
2209 1894 2488 1964 quoque
2520 1867 2741 1939 ratio-

776 1993 940 2039 nem
989 1964 1354 2056 habuisse,
1404 1974 1522 2041 sed
1568 1973 1912 2064 paulatim
1958 1972 2093 2065 ipsi
2132 1969 2542 2057 Pontifices,
2589 1993 2739 2039 non

779 2072 1096 2142 contenti
1136 2072 1482 2163 praediis,
1545 2097 1725 2167 quae
1772 2074 1952 2145 iuste
1997 2072 2492 2163 possidebant,
2539 2084 2611 2142 et
2648 2072 2739 2140 ad

777 2194 946 2244 usus
985 2174 1414 2243 necessarios
1447 2175 1604 2244 data
1637 2187 1873 2261 erant,
1924 2176 2337 2244 invaserunt
2363 2174 2440 2241 in
2472 2172 2741 2243 vicinas

774 2274 1280 2368 possessiones,
1357 2276 1613 2366 partim
1680 2277 1965 2361 fraude,
2046 2275 2303 2366 partim
2374 2272 2742 2342 manifesta

777 2375 1149 2460 violentia,
1198 2388 1267 2445 et
1293 2378 1576 2447 accessit
1606 2376 1800 2447 aliud
1835 2377 2080 2449 scelus.

982 2491 1198 2563 Initio
1256 2493 1542 2585 praedia
1583 2517 1729 2563 non
1768 2491 2181 2584 Episcopis,
2244 2490 2364 2559 sed
2408 2485 2742 2560 Ecclesiis

778 2597 1040 2667 donata
1075 2605 1274 2677 sunt,
1326 2610 1404 2667 ut
1435 2619 1628 2665 nunc
1657 2596 1920 2663 dantur
1948 2590 2254 2675 reditus,
2303 2606 2424 2663 aut
2454 2590 2739 2683 praedia

777 2693 1209 2784 Academiis,
1271 2719 1403 2767 nec
1464 2696 1841 2790 quisquam
1896 2715 2082 2764 unus
2133 2706 2250 2789 est,
2289 2694 2543 2764 aerarii
2586 2690 2738 2762 Do-

776 2800 1033 2870 minus.

977 2895 1073 2969 Et
1117 2912 1318 2967 vetus
1360 2898 1795 2967 consuetudo
1840 2896 1978 2967 suit
2023 2896 2448 2967 distribuere
2490 2890 2744 2963 Eccle-

756 3000 1035 3076 ,siarnm
1083 3000 1352 3067 reditus
1396 2997 1474 3065 in
1516 3011 1819 3092 quatuor
1849 3010 2113 3089 partes:
2169 2997 2395 3089 prima
2430 3007 2582 3066 erat
2606 2995 2739 3063 do-

772 3102 1081 3171 centium
1123 3112 1188 3165 et
1221 3096 1664 3169 discentium.
1768 3098 2094 3170 Secunda
2124 3091 2439 3168 iudicum
2469 3109 2540 3165 et
2561 3096 2740 3165 alio-

766 3224 938 3269 rum
1001 3196 1526 3274 ministrorum,
1591 3198 1717 3285 qui
1779 3198 2335 3265 nominabantur
2382 3193 2740 3266 διάκονοι.

766 3293 1020 3362 Tertia
1058 3314 1466 3382 pauperum.
1569 3292 1840 3379 Quarta
1870 3295 2434 3362 aedificationum
2465 3307 2535 3362 et
2565 3294 2742 3362 alio-

765 3417 933 3464 rum
967 3393 1550 3483 quotidianorum
1580 3407 2012 3484 sumptuum.
2113 3391 2307 3461 Haec
2336 3393 2741 3463 distributio

767 3489 1064 3563 honesta
1109 3492 1281 3575 fuit,
1334 3506 1403 3562 et
1450 3507 1675 3563 certos
1718 3506 2075 3586 questores
2103 3488 2393 3575 habuit,
2439 3515 2519 3562 ac
2552 3493 2743 3563 scitis

771 3595 848 3662 in
907 3591 1104 3661 omni
1156 3594 1709 3681 gubernatione,
1773 3593 2230 3684 quantumvis
2277 3593 2562 3679 exigua,
2633 3607 2739 3661 ta—

771 3716 937 3762 men
993 3693 1380 3763 multorum
1446 3688 1820 3761 hominum
1870 3711 2083 3780 opera
2130 3703 2200 3758 et
2238 3691 2484 3758 multis
2527 3691 2737 3758 rebus

752 3802 950 3885 ‘opus
982 3816 1146 3862 csse.

973 3893 1173 3964 Talis
1202 3908 1433 3965 autem
1466 3918 1625 3963 cum
1651 3891 1860 3961 initio
1886 3891 2130 3961 fuisset
2157 3904 2488 3982 questura
2515 3887 2737 3956 facul-

771 4010 992 4066 tatum
1054 3994 1716 4077 ecclesiasticarum,
1780 3990 2071 4086 tyranni
2116 3987 2492 4058 Pontifices
2540 4011 2738 4056 aera-

774 4098 878 4166 ria
924 4097 1009 4164 ad
1048 4118 1191 4164 sese
1222 4097 1756 4166 transtulerunt.
1859 4087 1968 4162 Ea
1997 4113 2176 4182 quae
2204 4087 2644 4158 discentibus
2673 4101 2738 4157 et

774 4221 951 4292 quae
995 4197 1419 4288 pauperibus
1469 4196 1806 4266 attributa
1841 4193 2160 4274 fucrant,
2210 4190 2349 4279 ipsi
2395 4188 2738 4257 interver-

771 4313 1045 4382 terunt,
1136 4299 1462 4365 nmbram
1526 4296 1835 4388 aliquam
1894 4284 2324 4363 iudiciorum
2383 4289 2737 4379 potentiae

771 4423 972 4471 causa
1003 4398 1471 4470 retinuerunt.

974 4515 1077 4586 Ita
1120 4517 1262 4584 iam
1312 4538 1506 4602 reges
1535 4513 1700 4583 facti
1727 4567 1747 4594 ‚
1797 4512 2136 4581 fruuntur
2159 4507 2411 4576 alienis
2442 4505 2738 4574 faculta-

744 4620 997 4701 -tibus,
1061 4629 1394 4709 tanquam
1460 4614 1810 4707 propriis,
1878 4625 1946 4679 et
1999 4610 2179 4678 sicut
2216 4608 2553 4696 scriptum
2601 4619 2736 4675 est:

764 4718 1199 4790 Helluantur
1228 4719 1317 4786 de
1345 4715 1763 4810 elemosynis
1799 4711 2122 4802 publicis.

976 4834 1364 4906 Creverunt
1421 4848 1654 4906 antem
1702 4855 1860 4901 cum
1910 4829 2164 4920 opibus
2206 4842 2286 4897 ut
2328 4826 2513 4907 dixi,
2571 4849 2734 4893 cnm
2792 4868 2795 4874 ·

762 4935 916 5009 alia
973 4933 1176 5018 vitia,
1251 4949 1400 5005 tum
1445 4960 1614 5005 vero
1664 4932 1968 5003 maxime
2011 4930 2266 4998 iniusta
2314 4926 2735 4995 dominandi

766 5033 1167 5128 cupiditas,
1227 5037 1449 5104 nostri
1480 5035 1947 5124 Imperatores
1993 5044 2141 5098 arte
2181 5028 2492 5121 oppressi
2544 5039 2736 5109 sunt,

767 5161 928 5208 cum
966 5134 1152 5204 bella
1186 5135 1510 5204 adversus
1542 5134 1885 5204 Henricos
1913 5129 2264 5219 Quartum
2295 5142 2365 5199 et
2381 5125 2733 5214 Quintum

767 5258 1055 5309 accensa
1093 5248 1296 5318 sunt,
1345 5247 1424 5303 ut
1453 5237 1583 5304 alia
1611 5236 1829 5305 multa
1859 5233 2202 5306 omittam.

969 5352 1110 5421 Per
1141 5375 1292 5421 sese
1323 5365 1555 5422 autem
1585 5351 1764 5419 bella
1797 5348 2152 5418 doctrinas
2181 5361 2248 5417 et
2283 5347 2731 5437 disciplinam

770 5454 1041 5537 delent,
1111 5468 1176 5523 et
1234 5477 1395 5524 cum
1459 5449 1830 5520 Pontifices
1890 5448 2026 5537 ipsi
2093 5449 2275 5517 fiunt
2337 5450 2733 5533 bellatores,

769 5556 992 5625 multo
1024 5556 1242 5642 magis
1273 5555 1351 5624 fit
1382 5553 1575 5647 qnod
1614 5563 1808 5620 vetus
1834 5549 2036 5638 po'e‘ta
2071 5549 2281 5618 dixit:

947 5677 1262 5760 Spernitur
1294 5693 1493 5745 orator
1525 5682 1757 5755 bonus,
1806 5672 2081 5736 horridus
2108 5678 2281 5738 miles
2308 5691 2559 5769 Qut.

2841 947 2929 1014 de
2959 943 3198 1036 impiis
3226 944 3533 1015 cultibus
3562 945 3954 1017 confirmati
3988 960 4182 1020 sunt.

3044 1059 3239 1130 Haec
3288 1061 3600 1152 ingentia
3645 1064 3828 1131 mala
3874 1063 4145 1136 nullius
4187 1064 4587 1160 eloquentia
4631 1064 4799 1136 satis

2841 1163 3210 1256 deplorare
3273 1176 3525 1251 potest.
3650 1159 3934 1250 Quanta
3988 1165 4373 1235 libidinum
4426 1165 4798 1259 turpitudo

2844 1280 2946 1337 est
2986 1265 3064 1333 in
3101 1263 3480 1354 pontificiis
3514 1263 3797 1332 lustris?
3903 1260 4263 1351 Quantum
4300 1267 4469 1336 mali
4500 1267 4579 1336 in
4612 1264 4797 1337 Mis-

2841 1367 2972 1450 sis,
3018 1366 3098 1434 in
3145 1364 3403 1458 quibus
3447 1365 3746 1434 adorant
3772 1361 4001 1434 Deum
4031 1388 4251 1457 ,suum
4282 1366 4624 1454 Maosim,
4672 1389 4804 1437 seu·

2841 1466 3145 1539 Mazam.

3043 1583 3178 1653 His
3214 1582 3489 1672 magnis
3531 1581 3909 1653 sceleribus
3938 1581 4139 1653 valde
4163 1582 4431 1653 irritari
4457 1582 4636 1653 iram
4661 1579 4797 1653 Dei

2841 1710 2992 1758 non
3024 1684 3498 1757 dubitandum
3526 1697 3649 1754 est.

3042 1798 3200 1872 Etsi
3247 1814 3478 1871 autem
3510 1822 3703 1869 nnnc
3728 1800 3817 1870 de
3848 1812 4039 1869 tanta
4068 1798 4534 1889 amplitudine
4560 1821 4799 1868 rerum

2846 1904 3117 1998 prolixe
3165 1902 3307 1971 dici
3351 1923 3501 1970 non
3537 1912 3797 1988 potest,
3848 1913 4085 1970 tamen
4128 1894 4299 1969 haec
4329 1899 4801 1968 commonefa-

2845 2007 2985 2079 ctio
3020 2002 3383 2073 iuniorum
3419 2022 3621 2068 causa
3655 2000 3948 2089 repetita
3985 2013 4122 2085 est,
4171 2012 4252 2068 ut
4282 2011 4352 2069 et
4383 1997 4686 2089 cogitent
4714 1999 4801 2065 de

2846 2103 3207 2177 erroribus
3253 2098 3667 2193 pontificiis,
3736 2112 3805 2170 et
3870 2101 3957 2170 de
4012 2100 4116 2170 ira
4159 2096 4329 2184 Dei,
4392 2114 4462 2170 et
4504 2109 4805 2191 querant

2845 2206 3203 2302 quomodo
3264 2201 3402 2270 sibi
3465 2200 3723 2269 rectius
3783 2199 4150 2269 consulere
4207 2199 4501 2290 possint.
4638 2195 4804 2267 Non

2842 2306 3257 2377 certandum
3289 2315 3391 2372 est
3418 2300 3648 2385 vitiis,
3698 2307 4107 2389 contemptu
4131 2299 4647 2381 doctrinarum,
4689 2320 4806 2366 ar-

2843 2407 3202 2498 rogantia,
3252 2402 3595 2487 vanitate,
3645 2400 3819 2472 luxu
3868 2424 4025 2469 cum
4069 2399 4376 2469 factione
4420 2397 4807 2487 pontificia,

2843 2512 2965 2580 se'd
2990 2507 3227 2578 studio
3252 2517 3435 2574 recta
3468 2502 3823 2587 discendi,
3874 2501 4151 2571 ardenti
4179 2498 4623 2571 invocatione
4649 2494 4808 2581 Dei,

2846 2611 2958 2702 pia
2991 2630 3271 2677 morum
3294 2601 3834 2693 gubernatione.

3044 2723 3239 2794 Haec
3279 2723 3422 2791 sint
3470 2720 3817 2811 praesidia
3847 2719 4183 2791 adversus
4212 2719 4396 2788 mala
4428 2713 4811 2810 pontificia.

2846 2821 3108 2907 Orate,
3156 2823 3390 2913 inquit
3416 2820 3812 2906 Dominus,
3862 2843 3953 2889 ne
3990 2821 4350 2890 venientes
4379 2841 4648 2911 poenae
4680 2836 4810 2885 vos

2786 2975 2789 2979 -
2846 2924 3277 3018 opprimant.

3049 3035 3149 3134 Ut
3175 3047 3407 3106 autem
3437 3048 3622 3103 recte
3649 3031 4220 3105 invocareDenm
4250 3036 4631 3123 possimus,
4676 3033 4810 3100 do-

2845 3143 3071 3213 ctrina
3115 3140 3203 3208 de
3247 3134 3430 3205 veris
3474 3133 3780 3205 cultibus
3818 3135 4121 3202 tenenda
4148 3145 4291 3215 est,
4341 3146 4411 3202 et
4440 3130 4807 3200 conversio

2847 3244 2935 3311 ad
2981 3240 3210 3309 Deum
3257 3235 3638 3304 necessaria
3689 3244 3827 3311 est,
3880 3230 4059 3299 sicut
4105 3226 4290 3298 banc
4341 3243 4406 3299 et
4450 3228 4809 3298 severissi-

2846 3363 3034 3409 mam
3078 3351 3146 3408 et
3187 3334 3663 3405 dulcissimam
3699 3331 4112 3403 concionem
4146 3331 4347 3401 Deus
4376 3353 4582 3421 saepe
4608 3350 4811 3420 repe-

2847 3442 2967 3513 tit:
3018 3435 3533 3509 Convertimini
3572 3436 3659 3502 ad
3694 3456 3843 3516 me,
3894 3445 3960 3501 et
3988 3451 4115 3518 ego
4146 3445 4515 3500 convertar
4540 3433 4631 3499 ad
4660 3452 4807 3499 vos.

2845 3536 3048 3610 Nihil
3084 3537 3381 3606 dubium
3423 3547 3526 3601 est
3568 3545 3853 3623 propter
3881 3530 4072 3599 idola
4102 3545 4171 3602 et
4203 3531 4536 3600 libidines
4569 3529 4816 3622 puniri

2844 3661 3075 3733 genus·
3107 3632 3499 3704 humanum
3545 3626 4015 3700 horribilibus
4047 3632 4561 3701 mutationibus
4588 3629 4812 3718 impe-

2792 3819 2794 3825 ,
2841 3740 3159 3821 riorum,
3210 3749 3279 3805 et
3322 3733 3498 3803 olim
3536 3733 3623 3801 de
3666 3729 3899 3802 Roma
3943 3731 4024 3799 in
4053 3729 4429 3826 Sibyllinis
4476 3730 4812 3801 carmini-

2843 3842 2973 3909 bus
3006 3839 3277 3908 dictum
3310 3847 3448 3904 est:

3096 3947 3276 4035 ῥώμη
3317 3948 3433 4026 μὲν
3476 3943 3641 4031 ῥύμη
3684 3942 3882 4011 ἔσεται
3924 3946 4026 4010 καὶ
4068 3945 4257 4027 δῆλος
4297 3943 4555 4028 ἄδηλος.

2841 4056 2982 4127 Sed
3042 4078 3237 4124 nunc
3294 4076 3581 4144 quoque
3626 4075 3832 4118 ruere
3889 4075 4040 4120 eam
4094 4052 4451 4130 videmus,
4518 4061 4586 4118 et
4635 4049 4815 4117 scri-

2844 4170 3046 4245 ptum
3090 4167 3192 4222 est
3242 4154 3329 4219 de
3368 4149 3622 4220 ultimo
3661 4149 3965 4232 iudicio,
4013 4145 4711 4241 Pseudoprophetam
4742 4162 4812 4217 et

2846 4255 3009 4343 Gog
3053 4266 3122 4322 et
3155 4250 3419 4338 Magog
3462 4247 3673 4316 simul
3718 4247 4055 4338 abiiciin
4083 4262 4404 4320 aeternos
4434 4249 4814 4319 cruciatus.

2841 4355 2983 4427 Ubi
3015 4350 3458 4444 pontificium
3488 4345 4520 4441 regmmpseudoprophetam,
4554 4344 4717 4434 Gog
4737 4359 4808 4415 et

2843 4455 3104 4544 Magog
3125 4450 3510 4521 Turcicum
3538 4471 3835 4538 regnum
3864 4449 4222 4518 nominari
4248 4452 4560 4540 adparet.
4662 4443 4805 4516 Sed

2840 4570 3004 4626 ante
3033 4556 3321 4625 ultimas
3351 4572 3637 4640 poenas,
3686 4547 4062 4640 utriusque
4083 4551 4282 4640 regni
4312 4548 4627 4642 potentia
4654 4569 4812 4616 sae-

2843 4657 3094 4727 viciam
3127 4657 3203 4722 in
3237 4648 3626 4723 Ecclesiam
3657 4650 4027 4720 exercebit.

3050 4772 3129 4843 ln
3189 4766 3303 4839 his
3355 4769 3570 4839 tantis
3626 4766 3994 4859 periculis,
4058 4780 4138 4837 ut
4183 4763 4569 4837 Ecclesiam
4619 4766 4805 4837 inter

2840 4899 2972 4946 nos
3011 4875 3203 4944 filius
3237 4869 3370 4940 Dei
3399 4866 3753 4940 Dominus
3794 4878 4035 4937 noster
4065 4863 4258 4936 lesus
4288 4862 4613 4938 Christus
4654 4891 4804 4937 ser-

2838 4991 2953 5050 vet
3010 4988 3367 5067 petamus,
3434 4983 3504 5038 et
3556 4969 3857 5037 sciamus
3903 4967 4423 5037 invocationem
4469 4982 4806 5052 nostram,

2838 5101 2985 5147 non
3028 5079 3179 5146 fore
3222 5071 3535 5151 irritam,
3573 5068 3643 5135 .si
3690 5091 3852 5135 vera
3883 5069 4285 5137 animorum
4317 5069 4680 5136 conversio
4713 5071 4805 5136 ad

2835 5176 3068 5248 Deum
3112 5175 3265 5257 fiet,
3326 5182 3395 5239 et
3439 5169 3529 5237 ad
3572 5162 3756 5236 hanc
3801 5168 4186 5236 necessaria
4235 5180 4335 5235 est
4380 5168 4459 5234 in
4505 5168 4806 5257 singulis

2839 5275 3207 5366 diligentia
3273 5269 3795 5360 cognoscendae
3838 5290 4041 5335 verae
4085 5269 4484 5352 doctrinae,
4562 5266 4817 5357 Quare

2836 5380 3069 5447 fontes
3126 5372 3486 5445 doctrinae
3529 5367 3838 5438 studiose
3884 5366 4170 5452 discite,
4232 5369 4411 5439 sicut
4458 5372 4794 5459 scriptum

2789 5514 2790 5517 ¹
2838 5493 2976 5549 est:
3026 5476 3138 5547 Sis
3168 5473 3501 5543 adsiduus
3532 5483 3598 5538 et
3628 5480 3936 5540 attentus
3961 5468 4038 5538 in
4066 5468 4398 5556 lectione,
4448 5467 4802 5546 doctrina,

3537 5568 3730 5642 Dixi.

2837 5596 2905 5652 et
2934 5576 3434 5650 consolatione.
