6025 6775
532 616 580 686 aa
744 708 755 718 ‚
963 604 1124 679 nucu.
1171 576 2120 682 ououonotornltvctr.atvuxnr.
2253 577 2255 582 ’
2502 616 2551 689 as

536 792 615 867 bat,
648 785 707 853 sed
739 782 802 851 ubi
832 793 969 872 poterat
998 775 1221 862 extinguebat
1242 773 1335 844 odia.
1387 769 1521 861 Magna
1571 770 1746 844 Dominus
1761 786 1881 843 noster
1897 772 2169 849 lesustristus
2184 780 2373 853 clementer
2395 800 2555 876 protegat

491 919 494 924 ·
536 890 650 960 virtus
665 898 717 954 est
731 883 891 967 castitas,
915 894 955 951 ut
968 878 1073 957 scitis,
1098 890 1132 943 et
1147 872 1223 944 Deo
1241 874 1425 965 praecipue
1439 895 1520 962 gra·
1572 886 1605 943 ct
1621 876 1794 961 gubernet
1810 871 1937 944 harum
1953 876 2136 965 regionum
2155 877 2346 968 Ecclesias,
2370 884 2554 978 Principes

475 1005 485 1020 ·
539 1008 586 1074 ta,
612 988 803 1082 quodcum
820 986 939 1065 sciret,
965 982 1037 1067 ipsa
1054 1001 1195 1068 quoque
1211 976 1402 1046 castitatem
1418 976 1522 1044 valde
1573 988 1607 1043 et
1623 976 1784 1066 politias,
1806 978 1888 1070 quia
1905 978 2067 1048 salutaris
2082 982 2291 1067 gubernatio
2308 985 2384 1054 sine
2397 988 2468 1058 ulla
2484 990 2553 1060 du·

539 1092 689 1169 amavit,
717 1101 750 1155 et
770 1107 909 1175 prorsus
923 1082 997 1148 sine
1016 1077 1089 1146 ulla
1107 1078 1186 1145 labe
1210 1076 1397 1168 praestitit,
1422 1078 1519 1168 quod
1572 1077 1743 1147 bitatione
1756 1102 1844 1169 opus
1859 1076 1926 1147 Dei
1943 1094 2013 1163 est,
2040 1083 2135 1173 quod
2149 1082 2292 1173 quidem
2317 1100 2353 1156 et
2367 1087 2500 1159 iussita
2517 1114 2553 1161 se

413 1223 415 1228 ·
538 1192 654 1265 fuitei
671 1189 827 1266 facilius,
852 1181 932 1272 quia
949 1194 1188 1271 tuncquoque
1209 1203 1288 1247 cum
1305 1191 1522 1247 essenttem-
1572 1179 1653 1269 peti.
1705 1177 1824 1267 Quare
1839 1193 1872 1248 et
1888 1175 1955 1249 hoc
1970 1196 2042 1251 toto
2060 1182 2202 1272 pectore
2217 1208 2296 1252 eum
2315 1211 2390 1272 oco,
2415 1202 2456 1259 ut
2472 1213 2554 1280 pro-

540 1321 626 1387 pora
642 1292 802 1366 laetiora,
826 1281 941 1350 nullas
958 1281 1100 1349 delicias
1115 1281 1152 1347 in
1168 1281 1246 1348 cibo
1263 1296 1296 1348 et
1312 1292 1416 1371 potu,
1439 1280 1523 1347 nul·
1572 1293 1649 1370 pter
1671 1281 1735 1348 lilii
1760 1281 2043 1351 intercessionem
2072 1278 2163 1352 hanc
2184 1281 2396 1372 Ecclesiam,
2430 1303 2465 1360 et
2494 1313 2558 1360 110⁵

539 1401 594 1468 los
610 1395 712 1463 ludos
730 1389 865 1473 ineptos
885 1382 1063 1474 expetivit.
1114 1378 1290 1452 Excelluit
1305 1382 1414 1472 igitur
1428 1381 1465 1450 in
1482 1404 1522 1449 ea
1574 1394 1728 1471 protegat
1746 1396 1780 1452 et
1797 1398 1904 1471 regat.

541 1512 575 1569 et
589 1493 673 1564 haec
688 1489 813 1573 virtus,
841 1509 946 1578 quam
964 1480 1161 1552 hicPaulus
1177 1483 1326 1566 addidit,
1351 1482 1521 1551 modestia
1606 1536 1614 1554 .

540 1594 720 1671 videlltel,
749 1586 849 1656 culus
872 1586 975 1654 eliam
1002 1586 1132 1653 multae
1155 1600 1270 1673 partes
1293 1599 1387 1656 suna,
1439 1583 1520 1653 Non
1582 1587 2557 1604 “m-----—---------.--„.„...

539 1710 612 1767 erat
634 1692 804 1782 superba,
831 1687 897 1763 etsi
921 1688 1016 1754 enim
1040 1680 1521 1775 sciebatgradushominum
1572 1718 1626 1787 N⁰
1659 1718 1742 1789 140·
1795 1701 1800 1716 ·
2382 1756 2418 1795 m
2453 1734 2537 1798 1554

538 1793 710 1868 divinitus
738 1790 923 1859 ordinatos
953 1812 1027 1856 non
1058 1788 1254 1857 turbandos
1283 1809 1372 1871 csse,
1403 1802 1522 1856 tamen
1580 1773 1751 1843 -Lm
2381 1775 2552 1854 ἦ

538 1923 613 1969 non
628 1891 874 1966 contemnebat
893 1890 1096 1973 inferiores,
1122 1892 1183 1957 sed
1199 1889 1363 1957 virtutem
1386 1886 1425 1956 in
1446 1888 1522 1955 sin·
1703 1900 1779 1985 De
1810 1900 2010 2012 Georgia
2040 1905 2193 1996 Prt'tw.
2228 1906 2424 1994 Anhalt.

538 2000 631 2091 gulis
647 1996 787 2065 amabat
802 2005 836 2061 et
851 1992 1102 2073 venerabatur,
1130 2004 1164 2059 et
1186 1989 1416 2075 inhonorum
1431 1989 1525 2057 cala-

448 2141 453 2155 !
539 2104 660 2173 [nime
675 2081 827 2166 dolebat
948 2152 951 2156 .
1644 2071 1766 2129 Prodiitt
1789 2069 1912 2143 „Oratio
1934 2075 1968 2128 de
1987 2078 2213 2132 reverendissimo
2234 2092 2260 2134 ct
2277 2081 2414 2139 illumin.
2431 2084 2561 2167 Principe

839 2193 848 2210 .
1214 2190 1223 2206 .
1262 2189 1270 2205 .
1313 2190 1322 2207 .
1677 2141 1813 2213 Georgio,
1835 2145 1965 2214 Principe
1985 2145 2013 2197 iu
2033 2147 2132 2200 Aubalt
2153 2160 2180 2203 ct
2199 2149 2561 2223 Ascaninetc.,aGeorgvo

642 2198 773 2270 Gestus
804 2208 907 2263 eitam
942 2206 1043 2261 erant
1076 2194 1334 2259 modesitstvttttl.
1398 2186 1525 2257 Sermo
1678 2210 1784 2264 Maiore
1798 2214 1882 2269 Doct.
1894 2213 1990 2267 Theol.
2004 2215 2115 2269 recitata
2134 2216 2161 2269 in
2175 2221 2384 2275 renunciatione
2406 2223 2508 2292 publici
2522 2234 2562 2276 te·

540 2305 656 2376 omnis
671 2305 715 2369 de
736 2294 910 2365 mandatis
936 2307 970 2361 et
990 2291 1287 2382 promissionibus
1310 2289 1455 2380 divinis,
1481 2293 1525 2357 de
1677 2279 1857 2417 mma
1858 2281 2013 2405 §wa
2015 2282 2163 2408 *1⁸2ssth
2159 2285 2281 2429 ὃιὲιοιὲωΡ
2283 2290 2562 2417 piuanterphtctppplpl-¹

541 2402 719 2478 beneficiis
741 2397 805 2465 lilii
821 2393 907 2476 Dei,
933 2395 976 2463 de
992 2417 1052 2484 spe
1069 2393 1162 2462 vitae
1177 2408 1358 2475 aeternae,
1384 2392 1524 2459 nullum
1677 2415 1767 2499 select.
1787 2418 1867 2474 Dect.
1884 2418 1919 2473 Τ.
1933 2419 1979 2476 ttt.
1998 2442 2025 2493 p.
2042 2421 2092 2474 19³
2105 2443 2182 2495 sqq„
2209 2426 2326 2484 Servent.
2342 2427 2375 2481 Τ.
2390 2430 2438 2485 tn.
2456 2451 2482 2502 p.
2500 2428 2561 2485 tas.

474 2525 481 2537 ”
539 2512 570 2579 ei
589 2507 736 2576 verbum
753 2498 880 2566 excidit
895 2520 1053 2588 unquam
1074 2518 1197 2586 parum
1214 2493 1428 2561 conveniens
1444 2515 1525 2559 san·
1676 2494 1705 2537 et
1722 2484 1849 2542 Rachard.
1869 2486 1903 2543 T.
1917 2489 1954 2543 tt.
1974 2510 2001 2563 p·
2012 2489 2072 2547 699.

539 2625 612 2681 ctae
626 2620 818 2676 matronae,
858 2596 975 2666 Horas
990 2596 1092 2665 etiam
1110 2595 1336 2664 distribuerat
1353 2594 1505 2684 precatio

539 2735 639 2791 num,
664 2703 854 2775 lectionum
883 2714 917 2770 et
934 2722 1141 2788 operarum,
1165 2720 1254 2789 quae
1270 2690 1434 2765 honestas
1450 2719 1505 2761 ma

539 2828 660 2882 tronas
682 2822 717 2882 et
733 2804 884 2891 virgines
900 2803 1033 2870 decent.
1083 2797 1162 2867 Hoc
1186 2811 1260 2867 toto
1278 2796 1448 2892 virtutum
1466 2820 1526 2864 or-

538 2928 619 2982 nata
637 2904 745 2980 choro
762 2904 917 2973 coniunx
931 2901 999 2970 tuit
1016 2900 1142 2990 optimi
1159 2898 1347 2987 Principis,
1366 2912 1399 2966 et
1416 2910 1527 2966 mater
1575 2886 1721 2968 lanceat
1735 2897 1797 2966 lux
1813 2912 1939 2985 vestra,
1962 2902 2079 2995 inquit
2093 2906 2186 2978 filius
2202 2906 2286 2995 Dei,
2309 2936 2427 2982 coram
2445 2910 2564 2984 homi.

539 3029 690 3110 quatuor
708 3008 884 3087 liliorum,
910 3026 1061 3097 quorum
1078 3014 1149 3072 tres
1167 2998 1235 3070 Dei
1258 2998 1426 3067 beneficio
1442 3011 1527 3068 suut
1576 3000 1701 3083 nibus,
1727 3013 1766 3068 ut
1784 2999 1999 3087 glorificetur
2014 3020 2111 3094 pater
2125 3025 2240 3080 vester
2253 3014 2422 3088 coelestis.
2477 3016 2565 3087 Vult

539 3112 754 3207 superstites.
806 3104 882 3176 Hos
911 3129 990 3175 cum
1018 3101 1104 3171 alitis
1136 3125 1237 3188 saepe
1262 3100 1300 3167 in
1323 3101 1413 3184 vita,
1447 3112 1523 3169 tum
1576 3102 1706 3170 multos
1726 3102 1910 3170 ostendere
1925 3102 2023 3173 Deus
2037 3107 2293 3181 consessionem
2311 3139 2414 3185 verae
2429 3120 2564 3188 doctri-

479 3234 489 3246 “
537 3241 621 3287 vero
644 3200 767 3285 recens
789 3222 870 3278 ante
895 3220 1044 3275 mortem
1068 3202 1284 3292 gravissimis
1304 3202 1527 3269 orationibus
1577 3226 1660 3285 nae,
1686 3215 1721 3270 et
1743 3202 1878 3270 erudiri
1902 3220 1936 3273 et
1957 3208 2158 3276 confirmari
2182 3214 2272 3282 alios
2294 3216 2448 3286 aliorum
2465 3219 2565 3291 testi-

538 3314 677 3389 hortata
691 3329 760 3393 est,
783 3324 824 3377 ut
841 3308 958 3376 Deum
976 3320 1067 3373 recte
1083 3305 1198 3372 colant
1224 3316 1257 3371 et
1280 3302 1467 3387 invocent,
1493 3315 1528 3371 et
1577 3302 1727 3385 moniis,
1752 3303 1843 3371 sicut
1862 3307 1906 3373 ad
1921 3303 2067 3376 Petrum
2084 3309 2230 3381 dicitur:
2256 3309 2304 3387 Et
2319 3329 2359 3387 tu
2377 3343 2566 3394 conversus

539 3433 701 3511 paternas
724 3414 871 3479 virtutes
895 3407 1097 3484 imitentur,
1132 3428 1176 3472 ne
1201 3405 1373 3497 iusticiam
1398 3404 1437 3472 in
1462 3427 1526 3493 gu·
1579 3405 1747 3475 confirma
1773 3406 1897 3475 fratres
1921 3421 2019 3495 tuos,
2045 3412 2123 3481 vult
2143 3415 2247 3484 etiam
2270 3422 2425 3510 conspici
2441 3421 2564 3492 Eccle-

540 3515 748 3588 bernatione
768 3510 918 3586 violent,
941 3530 986 3574 ne
1009 3506 1081 3574 irae
1106 3517 1166 3574 aut
1191 3506 1270 3574 aliis
1294 3505 1409 3594 pravis
1426 3505 1527 3594 cupi·
1577 3508 1675 3586 siam,
1701 3527 1791 3593 quae
1808 3531 2013 3599 quanquam
2030 3512 2211 3584 dissimilis
2233 3530 2284 3603 est
2300 3519 2468 3611 imperiis,
2492 3528 2566 3594 exi·

540 3617 710 3688 ditatibus
731 3613 849 3681 laxent
873 3611 1001 3680 frenos.
1054 3605 1215 3677 Subinde
1238 3607 1342 3676 etiam
1365 3603 1529 3694 repetivit
1577 3627 1667 3693 gua,
1690 3616 1921 3686 aerumnosa,
1953 3610 2058 3690 orba,
2084 3613 2161 3678 sine
2186 3620 2387 3706 praesidiis,
2411 3625 2488 3695 sine
2508 3639 2566 3722 ty·

540 3717 843 3797 adhortationem,
877 3726 917 3780 ut
942 3708 1166 3779 concordiam
1195 3709 1287 3776 inter
1307 3730 1380 3775 sese
1401 3705 1528 3773 fratres
1578 3703 1723 3773 raunica
1742 3705 1908 3793 potentia,
1931 3718 2048 3774 tamen
2065 3710 2139 3777 vult
2153 3736 2229 3779 eam
2246 3724 2387 3803 agnosci
2401 3723 2510 3811 Deus,
2532 3742 2567 3798 et

542 3833 716 3892 tueantur.
769 3812 865 3883 Haec
882 3838 961 3883 com
978 3812 1158 3905 aliquanto
1182 3824 1263 3879 ante
1282 3822 1431 3876 mortem
1445 3805 1528 3873 liliis
1578 3804 1677 3876 cerni
1693 3827 1853 3873 noneste
1870 3829 1993 3896 agmen
2011 3804 2205 3903 Cyclopum
2221 3829 2279 3885 aut
2294 3816 2567 3911 Centaurorum,

541 3924 703 4003 dixisset,
729 3933 761 3987 et
778 3916 964 4009 aliquoties
978 3912 1134 3984 Domino
1150 3911 1377 3998 significasset
1391 3930 1428 3976 se
1445 3930 1529 3998 pro·
1579 3920 1640 3977 aut
1657 3900 1789 3987 Bacchi
1811 3909 2020 3993 exercitum,
2045 3913 2104 3980 sed
2131 3916 2249 3984 navim
2272 3919 2310 3987 iu
2335 3945 2404 4014 qua
2424 3921 2567 3997 vehitur

542 4040 618 4117 pter
642 4023 752 4113 ipsius
777 4019 938 4087 morbum
964 4017 1072 4104 magis
1098 4014 1217 4082 dolere
1242 4034 1346 4102 quam
1374 4022 1530 4078 metuere
1579 4006 1771 4077 multitudo
1793 4006 1971 4079 imbecilla
1995 4012 2208 4085 discentium
2230 4044 2349 4091 veram
2367 4027 2566 4099 doctrinam

542 4127 721 4219 propriam
738 4136 906 4200 mortem,
932 4119 1096 4209 adquam
1115 4112 1283 4184 beneficio
1303 4111 1368 4179 filii
1383 4108 1450 4180 Dei
1466 4133 1529 4201 pa·
1581 4114 1625 4179 de
1640 4106 1735 4192 Deo,
1760 4121 1801 4177 ut
1824 4111 1864 4177 iu
1879 4109 2020 4182 Psalmo
2040 4115 2187 4186 dicitur:
2213 4122 2269 4191 Ex
2291 4149 2353 4194 ore
2373 4126 2566 4201 infantium

542 4244 614 4300 rata
633 4239 739 4311 esset,
766 4247 806 4291 ac
826 4222 914 4289 scire
929 4214 1020 4288 hanc
1042 4231 1189 4287 mortem
1208 4217 1275 4284 iter
1296 4236 1368 4283 esse
1388 4215 1431 4282 ad
1451 4236 1531 4281 coe·
1581 4227 1615 4282 et
1636 4209 1840 4281 lactentium
1865 4214 2039 4303 perfecisti
2062 4217 2221 4305 laudem,
2259 4226 2296 4294 in
2315 4252 2383 4320 qua
2410 4231 2491 4300 navi
2515 4247 2568 4302 aa.

543 4335 662 4402 lestem
691 4324 904 4406 Ecclesiam,
937 4316 992 4389 his
1024 4319 1247 4389 sermonibus
1282 4316 1434 4385 subinde
1468 4315 1531 4381 ad·
1582 4337 1664 4382 nien
1684 4312 1728 4379 ad
1753 4311 1892 4381 clavum
1914 4316 2049 4386 adsidet
2070 4318 2163 4390 filius
2188 4323 2275 4411 Dei,
2301 4343 2335 4399 et
2357 4333 2460 4402 multi
2485 4349 2569 4405 sunt

542 4435 683 4502 miscuit
704 4425 964 4497 invocationem
988 4419 1074 4504 Dei,
1100 4433 1135 4488 et
1155 4443 1234 4488 cum
1254 4440 1291 4487 se
1306 4417 1380 4487 Deo
1404 4415 1532 4485 fiducia
1582 4413 1730 4502 remiges
1754 4413 1861 4482 unius
1879 4417 1957 4486 voci
1972 4442 2096 4489 omnes
2116 4425 2418 4519 obtemperantes,
2444 4439 2570 4504 mode·

543 4531 754 4603 Mediatoris
777 4528 916 4597 assidue
936 4523 1232 4603 commendasset,
1256 4532 1382 4589 natura
1406 4541 1534 4607 corpo-
1584 4516 1649 4597 sti,
1681 4517 1890 4600 concordes,
1924 4521 2046 4609 periti,
2078 4522 2208 4613 singuli
2232 4552 2298 4600 suo
2320 4532 2398 4603 loco
2419 4537 2570 4608 fideliter

546 4636 595 4702 ris
617 4635 687 4701 iam
704 4643 865 4718 superata
884 4625 1008 4695 morbo
1025 4623 1142 4692 anima
1160 4643 1200 4687 ex
1224 4616 1288 4688 hac
1304 4619 1444 4690 mortali
1462 4619 1533 4688 vita
1584 4617 1752 4687 iacientes
1767 4617 1934 4692 officium.
1985 4617 2035 4693 Et
2052 4619 2180 4694 horum
2196 4633 2368 4723 remigum
2388 4662 2571 4709 consessus

547 4738 591 4806 ad
615 4731 839 4802 laetissimam
856 4727 1060 4797 societatem
1082 4720 1241 4790 coelestis
1256 4716 1434 4788 Ecclesiae
1449 4745 1535 4789 evo·
1584 4718 1712 4789 similis
1725 4732 1776 4788 est
1784 4721 1998 4815 gravissimo
2014 4723 2171 4798 Senatui.
2231 4731 2347 4822 Quem
2364 4739 2460 4809 enirn
2476 4741 2573 4831 cogi.

549 4851 622 4907 egga
645 4846 707 4905 est,
1586 4836 1660 4892 tare
1683 4842 1867 4909 possumus
1886 4820 2055 4894 Senatum
2079 4825 2336 4923 pulchriorem,
2368 4864 2476 4934 quam
2504 4843 2574 4914 fuit

650 4934 768 5005 Huius
799 4931 985 4999 universae
1021 4920 1191 4994 historiae
1228 4921 1392 5012 cogitatio
1430 4922 1536 4990 bonis
1586 4918 1715 4992 borum
1731 4945 1855 4992 senum
1872 4948 2071 5014 consessus,
2096 4934 2159 5024 qui
2176 4938 2300 5009 eodem
2321 4953 2479 5036 tempore
2498 4968 2574 5015 non

445 5108 449 5121 ,
511 5034 516 5045 ’
552 5039 728 5109 mentibus
743 5032 841 5104 utilis
855 5042 919 5101 est.
950 5026 1040 5098 Nam
1056 5041 1090 5099 et
1103 5027 1251 5097 virtutes
1264 5039 1299 5094 et
1315 5023 1417 5093 multi
1429 5046 1537 5094 even·
1587 5020 1915 5117 proculalordane
1931 5027 1969 5096 in
1986 5031 2128 5123 oppidis
2145 5036 2270 5111 vicinis
2287 5037 2513 5134 habitarunt,
2538 5060 2573 5117 et

552 5158 607 5211 tus
621 5141 814 5210 ostendunt
828 5132 895 5204 Dei
911 5131 1142 5224 praesentiam
1158 5129 1197 5197 in
1213 5129 1304 5219 ipsa,
1329 5140 1363 5196 et
1379 5126 1537 5216 exempla
1587 5151 1689 5217 saepe
1722 5127 1768 5196 ad
1801 5128 2025 5201 collationem
2058 5136 2103 5205 de
2129 5139 2290 5214 doctrina
2321 5157 2572 5225 convenerunt,

552 5266 618 5313 nos
633 5245 677 5311 de
697 5239 818 5307 multis
840 5234 976 5326 magnis
1001 5235 1107 5304 rebus
1129 5232 1276 5313 docent,
1301 5230 1399 5300 etad
1427 5229 1538 5320 picta·
1588 5228 1691 5314 sem,
1712 5225 1912 5312 Abraham,
1937 5228 2051 5320 L⁰lh2
2077 5234 2191 5322 luat,
2217 5241 2296 5317 Rex
2313 5242 2533 5319 Abimelech.

552 5361 622 5416 tem
643 5341 807 5412 invitant.
859 5337 1048 5407 Cernimus
1070 5333 1177 5402 etiam
1201 5325 1258 5400 hic
1277 5331 1475 5402 testimonia
1495 5334 1539 5399 de
1693 5324 1875 5402 Omnibus
1904 5334 2013 5423 igitur
2039 5343 2260 5433 temporibus
2289 5346 2573 5436 circumspiciant

554 5444 721 5518 Ecclesiis
744 5438 890 5522 nostris,
923 5450 958 5506 ct
979 5438 1023 5504 de
1044 5433 1227 5515 doctrina,
1262 5457 1352 5526 quae
1373 5446 1476 5503 sonat
1499 5431 1538 5501 iu
1589 5430 1685 5500 oculi
1699 5442 1804 5521 atque
1820 5449 1965 5522 mentes,
1993 5453 2027 5510 et
2041 5444 2272 5525 considerent,
2297 5444 2359 5513 ubi
2373 5462 2408 5518 et
2423 5473 2512 5542 quae
2528 5450 2575 5522 sit

555 5548 684 5622 nostris
698 5540 877 5614 Ecclesiis.
1590 5527 1768 5614 Ecclesia,
1793 5533 1857 5602 ubi
1868 5553 1969 5609 sonet
1993 5541 2197 5638 incorrupta
2211 5544 2369 5617 doctriua
2385 5565 2420 5620 et
2435 5553 2574 5622 conses-

656 5642 872 5737 Cogitationi
883 5653 998 5712 autem
1011 5630 1136 5705 harum
1149 5629 1377 5704 historiarum
1395 5627 1540 5699 miscea·
1591 5631 1664 5712 sio,
1683 5633 1804 5722 quales
1823 5635 1894 5707 sint
1911 5634 2100 5732 Doctores,
2125 5646 2243 5740 quales
2259 5645 2421 5724 adiuncti
2437 5653 2487 5724 eis
2509 5678 2575 5745 gu-

554 5778 633 5827 mus
660 5747 895 5846 precationem
926 5739 1018 5812 veris
1049 5735 1252 5828 gemitibus,
1287 5748 1326 5806 ut
1355 5731 1449 5803 lilius
1473 5728 1542 5804 Dei
1563 5769 1572 5822 t
1592 5735 1815 5823 bernatores,
1839 5752 1879 5811 ut
1894 5740 2035 5831 piorum
2051 5770 2137 5819 voce
2152 5758 2185 5817 et
2201 5750 2371 5842 exemplis
2389 5757 2576 5829 confirme-

1507 2636 1525 2749 Ξ
1575 2646 1700 2714 Oratio
1716 2642 1763 2713 de
1779 2648 1860 2716 sita
1882 2651 2099 2746 Georgii,
2131 2657 2321 2747 Principis
2340 2657 2565 2759 Astacana,-

1748 2750 1915 2820 recitata
1933 2773 1958 2820 o
1983 2756 2182 2850 Georgia
2206 2761 2396 2838 Maiore.
