6025 6775
2318 384 2446 413 ·,-·--..ἡ

442 467 514 545 ¹⁶⁰
562 513 583 568 ,ι
698 433 776 581 j
1013 384 2020 543 aaaaaasmomna'saam
2135 484 2137 487 ·
2376 475 2451 549 no

538 632 741 727 'Pantopere
753 627 832 704 istis
854 631 1095 705 nebulonibus
1113 636 1227 718 dolet,
1253 657 1318 705 nos
1340 634 1429 711 illos
1470 633 1589 724 plinae
1603 634 1753 705 formam
1765 650 1995 723 mutaremus,
2020 637 2115 730 quod
2133 639 2312 711 vanissimi
2328 635 2449 713 bomi-

435 760 509 809 non
530 759 622 806 suae·
635 734 829 824 flagitiosae
851 732 997 802 libidini
1021 747 1055 804 et
1087 736 1273 826 cupiditati
1308 737 1420 805 relin-
1450 748 1532 804 'nes
1547 757 1654 829 quam
1669 735 1890 805 illiberaliter
1904 738 2236 826 comminiscantur,
2260 756 2295 812 et
2311 766 2384 822 res,
2410 757 2445 815 et

432 860 561 932 quere,
586 837 647 906 sed
662 836 781 924 legum
795 834 941 923 imperio
957 829 1127 928 ipsos'aut
1144 859 1185 905 ex
1200 834 1331 907 Bacchi
1346 837 1418 906 cel·
1467 834 1598 905 factum
1623 848 1783 906 nostrum
1804 836 1993 907 clarissime
2014 838 2228 931 loquuntur,
2255 843 2328 911 sive
2350 831 2444 911 mer'-

431 939 477 1008 lis
504 952 541 1008 et
561 932 696 1006 Circeis
725 934 835 1004 antris
860 934 900 1000 in
930 934 1043 1005 lucem
1075 933 1273 1023 retrabere,
1315 948 1350 1006 et
1370 937 1416 1006 ad
1467 936 1586 1006 cedem
1602 936 1682 1029 quis
1696 935 1945 1020 institutionis,
1968 937 2233 1027 sivemulctam,
2257 965 2346 1035 quae
2359 965 2444 1033 par-

432 1038 635 1129 depositam
660 1033 763 1104 officii
786 1055 905 1103 curam
928 1058 1112 1131 revocare,
1143 1051 1206 1108 aut
1229 1061 1271 1106 ex
1290 1059 1415 1106 somno
1465 1034 1556 1105 tium
1577 1059 1720 1105 suarum
1743 1036 1980 1106 desertoribus
2009 1038 2159 1125 dicitur,
2188 1054 2328 1131 spectet.
2385 1037 2441 1112 Ex

435 1152 471 1208 et
484 1149 631 1207 veterno
645 1133 802 1218 excitare,
828 1143 862 1201 et
878 1136 922 1202 ad
940 1136 1113 1225 neglectas
1127 1138 1284 1206 discendi
1300 1151 1415 1228 partes
1465 1135 1649 1225 discipulis
1667 1136 1761 1214 enim
1776 1136 1914 1206 nobiles
1926 1148 1962 1205 ει
1977 1137 2117 1224 patricii
2131 1140 2385 1225 adolescentes,
2410 1141 2441 1209 si

436 1240 614 1317 reducere,
637 1246 696 1301 aut
709 1255 729 1301 a
743 1254 807 1303 sua
820 1233 972 1318 levitate,
997 1249 1031 1306 et
1047 1237 1195 1317 inscitia,
1222 1259 1291 1329 qua
1306 1239 1413 1307 modo
1463 1234 1635 1306 fortunati
1656 1250 1690 1307 et
1715 1237 1904 1327 locupletes
1920 1248 2024 1319 sunt,
2049 1251 2199 1328 quatuor
2218 1254 2355 1312 tantum
2375 1263 2439 1310 au-

437 1334 527 1419 huc,
564 1334 665 1401 modo
695 1331 782 1401 illuc
809 1334 1082 1417 auferebantur,
1122 1338 1168 1405 ad
1198 1338 1414 1408 constantiae
1462 1358 1541 1405 reos
1552 1332 1748 1406 Rhenanus
1771 1359 1851 1406 curn
1875 1335 2041 1418 dimidio,
2075 1336 2104 1403 si
2126 1336 2302 1409 inferioris
2322 1343 2438 1411 tortu·

438 1435 588 1507 studium
603 1444 636 1501 et
651 1432 860 1523 prudentiae
875 1458 1004 1505 munus
1019 1438 1215 1509 traducere.
1257 1434 1330 1525 Qui
1344 1438 1413 1506 mi·
1462 1458 1529 1505 nae
1554 1450 1589 1505 et
1603 1437 1673 1505 loci
1689 1449 1789 1520 sunt,
1814 1450 1903 1514 tres,
1922 1435 1980 1503 vel
1993 1435 2101 1517 duos,
2125 1436 2182 1503 vel
2197 1434 2308 1523 nibil,
2337 1441 2367 1509 si
2381 1461 2438 1510 res

434 1533 501 1605 seri
526 1528 704 1618 homines,
728 1557 800 1626 quo
819 1546 904 1602 sunt
923 1536 1032 1605 animi
1048 1551 1211 1629 stupore,
1236 1550 1270 1607 et
1283 1537 1412 1609 mentis
1461 1537 1619 1627 ipsorum
1635 1536 1684 1605 sic
1705 1536 1876 1626 postulat,
1902 1558 1966 1626 pro
1987 1547 2084 1605 tanto
2108 1536 2339 1607 institutionis
2361 1540 2437 1631 pri-

429 1633 677 1727 perversitate‚
720 1656 795 1701 non
817 1632 956 1720 vident,
989 1638 1074 1729 quid
1100 1639 1145 1709 sit
1165 1651 1226 1708 aut
1255 1638 1411 1723 libertas,
1461 1651 1560 1707 vatae
1584 1637 1705 1706 labore
1729 1648 1930 1706 numerant.
1993 1633 2082 1702 Nam
2108 1635 2279 1705 divitibus
2304 1650 2339 1706 et
2361 1660 2437 1707 me·

429 1747 491 1805 aut
505 1733 672 1816 servitus,
699 1733 761 1824 qui
771 1729 976 1805 Academias
991 1738 1170 1810 somniant
1187 1733 1323 1809 theatra
1337 1761 1411 1808 esse
1460 1737 1592 1806 diocris
1605 1737 1766 1807 tonunae
1781 1735 2062 1806 adolescentibus
2077 1735 2233 1825 precium
2251 1736 2363 1805 nostri
2384 1737 2438 1805 la-

432 1834 616 1913 licentiae‚
642 1845 677 1902 et
698 1831 892 1925 Cyclopum
917 1832 1085 1926 agmina,¹
1102 1839 1141 1906 in
1165 1838 1293 1931 quibus
1314 1837 1411 1924 vitia,
1459 1836 1557 1906 boris
1570 1859 1643 1904 non
1667 1860 1770 1906 avare
1794 1836 1996 1919 statuimus,
2021 1848 2057 1904 et
2078 1835 2290 1925 pauperibus
2311 1836 2349 1903 in
2371 1830 2438 1904 hac

430 1935 598 2004 libidines
623 1946 658 2003 et
683 1932 813 2030 flagitia
836 1937 973 2021 omnia,
998 1962 1063 2007 nec
1078 1939 1167 2023 iuri,
1192 1961 1256 2008 nec
1274 1939 1409 2028 legibus
1459 1934 1647 2008 Academia
1660 1959 1800 2003 omnem
1819 1948 1976 2005 nostram
1993 1957 2155 2024 operam,
2178 1935 2439 2027 qnaeetinsti-

429 2036 512 2106 ullis
527 2033 700 2117 subiecta,
725 2034 923 2120 dominari,
947 2050 981 2107 et
996 2039 1185 2130 imperium
1207 2052 1325 2110 tenere
1346 2041 1409 2110 de-
1460 2035 1608 2109 tutionis
1630 2048 1663 2104 ct
1685 2034 1891 2125 disciplinae
1913 2056 2015 2102 causa
2029 2035 2249 2125 suscipienda
2264 2048 2334 2120 est,
2357 2058 2437 2124 gra-

429 2136 552 2216 beant,
578 2157 643 2202 nec
658 2133 862 2222 intelligunt
877 2136 956 2206 illas
968 2139 1017 2209 ita
1033 2140 1258 2223 constitutas,
1282 2153 1323 2209 ut
1336 2141 1409 2209 sint
1458 2139 1525 2220 tis,
1549 2149 1590 2205 ut
1616 2133 1877 2204 beneficentiae·
1892 2145 1925 2203 et
1948 2129 2177 2206 humanitatis
2198 2135 2291 2221 leges
2316 2149 2438 2226 postn-

428 2234 612 2324 religionis
629 2235 756 2324 templa
764 2284 777 2318 ,
802 2250 836 2307 et
850 2236 1024 2308 bonarum
1042 2240 1170 2310 artium
1186 2252 1221 2309 et
1235 2240 1408 2309 virtutum
1458 2239 1554 2322 lant,
1579 2236 1731 2324 benigne
1752 2257 1890 2325 semper
1910 2232 2158 2323 praestitimus.
2210 2231 2305 2305 Tum
2323 2257 2436 2325 poena

430 2334 631 2418 domicilia,
669 2334 861 2427 inquibus
892 2338 1048 2410 libertati
1071 2337 1286 2428 amplissima
1311 2341 1408 2409 sedes
1459 2361 1548 2432 quae
1568 2336 1709 2406 violatis
1730 2336 1867 2426 legibus
1886 2334 1982 2423 apud
2004 2355 2069 2400 nos
2090 2334 2212 2416 datur,
2251 2335 2299 2405 ita
2327 2356 2437 2427 parva

430 2436 598 2505 collocata
620 2448 688 2520 est,
714 2459 803 2527 quae
826 2448 860 2506 et
881 2442 976 2530 apud
999 2463 1083 2523 uos,
1114 2452 1155 2507 ut
1176 2437 1319 2519 virtuti,
1350 2441 1408 2510 cui
1458 2452 1528 2523 est,
1552 2452 1594 2509 ut
1614 2449 1818 2508 constanter
1839 2434 2013 2505 affirmare
2040 2434 2248 2503 auderemus
2267 2434 2307 2502 in
2326 2435 2436 2505 nullis

429 2558 567 2625 semper
588 2557 690 2605 suum
721 2536 794 2620 ius,
834 2550 868 2607 ct
896 2537 1070 2628 impunita
1101 2537 1260 2607 omnium
1288 2562 1407 2611 rerum
1457 2534 1596 2611 Scholis
1608 2539 1782 2608 minorem
1797 2560 1881 2607 esse.

429 2636 590 2720 libertas,
636 2636 686 2705 sic
719 2636 841 2727 probis
875 2638 1154 2708 adolescentibus
1170 2639 1408 2733 relinquitur,
1559 2638 1629 2710 Sed
1649 2638 1725 2723 illi,
1760 2639 1823 2730 qui
1845 2640 1889 2706 de
1911 2650 2033 2708 nostro
2059 2650 2095 2707 et
2118 2631 2268 2707 Scholae
2288 2635 2447 2704 nomine-

430 2758 521 2829 quae
544 2737 686 2830 quidem
708 2747 860 2825 potestas
879 2748 946 2821 est,
973 2752 1008 2809 et
1028 2740 1192 2825 vivendi,
1224 2752 1258 2810 et
1281 2741 1408 2811 utendi
1458 2733 1666 2823 detrahunt,
1701 2759 1819 2808 veram
1844 2738 1900 2808 sui
1922 2738 2056 2807 doloris
2078 2750 2112 2808 et
2134 2736 2329 2808 calumniae
2352 2757 2436 2805 cau·

427 2838 579 2928 propriis
608 2839 734 2919 rebus,
764 2847 804 2904 ut
825 2835 905 2927 quis
925 2839 1028 2925 velit,
1056 2830 1117 2910 sed
1147 2863 1168 2911 a
1199 2840 1408 2930 disciplinae
1457 2860 1531 2905 sam
1554 2839 1797 2919 dissimulant,
1822 2862 1912 2931 quae
1932 2832 2018 2908 haec
2039 2851 2109 2924 est,
2133 2839 2230 2931 quod
2253 2836 2338 2929 ipsis
2360 2858 2436 2905 non

430 2938 527 3006 cultu
553 2951 588 3006 et
609 2938 724 3023 legum
739 2936 895 3008 custodia
911 2962 985 3009 non
998 2954 1168 3032 separata.
1215 2939 1298 3009 Non
1313 2940 1407 3008 enim
1457 2936 1608 3023 amplius
1624 2939 1828 3005 conceditur
1849 2938 1998 3006 liberior
2018 2939 2079 3007 illa
2102 2938 2246 3007 vivendi
2266 2938 2376 3013 ratio,
2401 2948 2437 3004 et

428 3037 571 3105 licentia
589 3050 640 3103 est
654 3036 824 3106 virtutum
839 3060 980 3125 secura,
1005 3054 1040 3110 et
1054 3039 1285 3131 turpitudinis
1299 3053 1409 3109 secta-
1457 3036 1553 3129 quod
1567 3028 1633 3102 hac
1648 3033 1855 3121 disciplinae
1868 3038 2097 3105 renovatione
2113 3059 2154 3104 ex
2174 3058 2238 3104 suo
2263 3035 2328 3103 illo
2349 3033 2436 3101 libi·

427 3136 519 3215 trix,
543 3146 583 3201 ut
604 3133 658 3200 illi
681 3136 771 3217 fuci,
796 3150 831 3204 et
851 3141 963 3208 nostri
980 3142 1115 3210 ordinis
1130 3140 1288 3210 maculae
1302 3142 1407 3210 stulte
1457 3138 1603 3220 dinum,
1625 3148 1659 3203 et
1684 3130 1865 3223 nequiciae
1884 3153 1992 3216 regno
2016 3133 2225 3214 eiiciuntur,
2250 3146 2283 3201 et
2299 3133 2344 3199 ad
2359 3132 2436 3221 pie-

429 3232 628 3311 somniant,
658 3233 719 3320 qui
741 3245 923 3321 tantopere
945 3239 1114 3320 delirant,
1137 3253 1177 3307 ut
1198 3260 1293 3319 eam,
1318 3260 1408 3328 quae
1456 3236 1539 3303 tatis
1560 3247 1692 3324 partes,
1722 3244 1757 3299 et
1788 3232 1832 3297 ad
1866 3241 1998 3297 caetera
2026 3230 2216 3297 laudabilis
2245 3230 2438 3298 iuventutis

428 3327 573 3398 libertas
590 3341 641 3398 est
655 3328 858 3399 servitutem
875 3334 1069 3422 appellent,
1098 3348 1133 3404 et
1154 3346 1277 3403 contra
1300 3335 1409 3403 servi·
1458 3334 1572 3401 officia
1595 3355 1631 3400 se
1651 3330 1804 3421 recipere
1828 3342 2011 3425 coguntur.
2068 3326 2147 3397 Hoc
2168 3327 2271 3399 aliter
2290 3328 2436 3398 assuetis

428 3440 538 3497 tutem
555 3429 725 3498 libertatis
741 3430 818 3499 loco
833 3426 996 3506 habeant.
1458 3456 1532 3500 non
1555 3454 1676 3520 parum
1700 3431 1814 3509 dolet,
1852 3451 1917 3496 nec
1944 3429 2070 3498 leviter
2094 3450 2153 3497 cos
2174 3442 2310 3512 movet,
2350 3425 2436 3498 binc

529 3525 619 3597 Nam
636 3552 715 3598 curn
732 3530 818 3619 ipsis
834 3533 1050 3620 permittitur
1066 3533 1250 3602 beluinum
1273 3532 1408 3623 appeti·
1457 3533 1541 3600 illae
1561 3526 1779 3621 lachrymae,
1818 3540 1852 3596 et
1873 3528 1985 3596 multa
2008 3541 2129 3597 contra
2153 3550 2218 3596 nos
2239 3529 2436 3623 mendacia.

427 3640 523 3710 tum,
557 3643 591 3696 et
608 3651 728 3697 coecos
744 3629 855 3695 animi
871 3643 989 3698 motus
1005 3631 1043 3696 in
1059 3633 1273 3717 voluptatem
1288 3633 1409 3699 illece-
1457 3629 1565 3708 Tum,
1587 3630 1683 3719 quod
1699 3629 1857 3718 plerique
1873 3651 1914 3694 ex
1928 3627 2096 3698 sediculis
2111 3628 2240 3697 civium
2256 3627 2296 3696 in
2310 3629 2435 3699 domos

426 3728 508 3797 bris¹
521 3727 680 3819 undique
702 3725 942 3810 assumendis,
967 3727 1055 3796 etin
1071 3728 1219 3795 libidine
1236 3730 1406 3818 explenda
1456 3723 1606 3799 scholae
1625 3728 1874 3809 traducuntur,
1901 3723 1967 3795 boc
1988 3751 2061 3795 non
2081 3750 2214 3796 novum
2235 3728 2435 3814 inventum,

430 3830 478 3898 ita
501 3829 607 3896 duces
630 3826 747 3918 sequi,
773 3838 813 3895 nt
837 3826 935 3894 nulla
957 3826 1049 3916 lege,
1071 3828 1242 3919 nulloque
1258 3828 1407 3917 imperio
1456 3829 1518 3896 sed
1534 3841 1633 3896 vetus
1649 3827 1857 3916 disciplinae
1878 3827 1916 3895 in
1940 3820 2005 3897 hac
2019 3823 2207 3895 Academia
2225 3828 2433 3918 capitulum.

430 3930 591 4016 impurus
614 3927 754 3996 animus
778 3950 798 3994 a
821 3926 999 4017 nequitia,
1034 3927 1323 4017 turpitudineque
1351 3950 1409 3996 re·
1456 3927 1544 3998 Nam
1560 3927 1837 3996 nostrimaiores
1852 3927 1919 3995 viri
1936 3929 2136 4015 prudentes,
2157 3923 2432 3998 etScholasticae
2474 3945 2477 3949 ’
2529 3936 2556 3960 “·

430 4031 606 4106 tardetur,
644 4041 720 4098 tum
743 4026 812 4094 sibi
834 4027 992 4115 placent,
1032 4039 1067 4098 et
1089 4048 1125 4093 se
1145 4048 1228 4095 vera
1249 4026 1409 4097 libertate
1455 4028 1718 4116 gubernationis
1734 4027 1838 4118 periti
1855 4027 2059 4098 iudicabant
2077 4027 2433 4100 beneereiuventu·

402 4130 502 4233 ⁴trui
515 4127 694 4198 somniant
709 4126 826 4195 insani
841 4121 1060 4210 homunculi,
1083 4149 1157 4194 non
1174 4125 1408 4212 intelligentes
1456 4130 1501 4198 tis
1518 4149 1610 4210 esse,
1632 4127 1744 4217 ipsam
1770 4129 1908 4196 easdem
1929 4127 2083 4198 incolere
2105 4130 2206 4199 aedes
2227 4153 2307 4200 curn
2329 4150 2433 4222 prae-

431 4254 467 4300 se
480 4227 718 4298 foedissimam
734 4227 938 4297 servitutem
960 4250 1024 4317 pro
1044 4248 1149 4296 aurea
1168 4225 1228 4294 illa
1247 4225 1409 4297 libertate
1456 4226 1675 4316 captoribus,
1705 4225 1801 4296 etin
1823 4251 1944 4298 eorum
1966 4241 2155 4318 conspectu
2176 4242 2212 4300 et
2236 4229 2373 4313 vivere,
2398 4241 2432 4296 et

431 4329 617 4412 admirari,
642 4340 677 4397 et
691 4326 872 4417 amplecti,
894 4327 956 4419 qui
973 4350 1014 4395 eo
1029 4350 1141 4419 usque
1159 4349 1278 4395 rerum
1296 4325 1409 4417 impe·
1457 4325 1589 4394 versari
1613 4326 1651 4392 in
1672 4325 1795 4400 literis.
1846 4326 1934 4397 Nam
1958 4327 1996 4396 in
2013 4329 2211 4399 civitatibus
2227 4327 2432 4398 celebriori-

429 4430 508 4513 riti,
542 4442 583 4499 nt
602 4428 675 4497 suis
695 4427 881 4496 calumniis
907 4447 1047 4496 severae
1066 4426 1202 4509 laudis,
1241 4438 1276 4495 et
1297 4427 1409 4498 iustae
1456 4427 1542 4510 bus,
1565 4435 1605 4494 nt
1620 4420 1790 4510 haecest,
1812 4428 1946 4496 variam
1961 4429 2134 4498 malorum
2150 4451 2281 4512 eseam,
2303 4438 2336 4497 et
2351 4427 2432 4516 plu-

429 4524 712 4621 reprehensionis
726 4528 843 4610 rudes,
868 4539 902 4595 et
917 4526 1058 4615 ignaros
1072 4527 1322 4610 demonstrent,
1344 4542 1410 4596 nec
1457 4526 1546 4596 rima
1561 4526 1752 4595 libidinum
1768 4527 1998 4598 invitamenta
2011 4552 2085 4598 esse
2100 4528 2278 4609 videbant,
2302 4526 2432 4619 qui-bus

429 4630 530 4720 digni
559 4652 710 4721 quorum
740 4627 933 4696 mendaciis
954 4626 1116 4718 pluribus
1143 4627 1409 4716 respondeatur,
1456 4650 1501 4694 ne
1518 4625 1556 4694 in
1569 4627 1726 4696 fraudem
1744 4641 1805 4699 aut
1819 4628 1912 4697 vitae
1928 4629 2118 4699 discrimen
2138 4627 2372 4708 illicerentur,
2398 4638 2433 4694 et

432 4734 493 4802 sed
507 4730 568 4823 qui
583 4728 676 4820 pelle
692 4727 747 4797 vel
765 4727 876 4817 porci,
902 4727 958 4795 vel
974 4726 1064 4794 asini
1080 4740 1254 4816 tegantur,
1279 4739 1313 4796 et
1327 4751 1407 4797 cum
1456 4728 1502 4797 ab
1516 4726 1677 4795 instituto
1693 4725 1850 4796 discendi
1864 4750 1969 4798 cursu
1981 4729 2255 4810 abducerentur,
2279 4724 2433 4796 occasio-

434 4831 565 4922 gryllo‚
604 4829 665 4922 qui
686 4829 824 4899 foedam
848 4827 986 4897 belluae
1007 4841 1154 4909 sortem,
1187 4847 1299 4920 quam
1314 4828 1409 4896 divi·
1457 4849 1539 4895 nem
1554 4818 1639 4895 'mali
1645 4876 1659 4910 ,
1685 4821 1846 4896 homines
1858 4829 2048 4918 pmdentes
2063 4825 2206 4908 florenti
2226 4826 2351 4911 aetati,
2376 4847 2433 4893 re·

436 4950 520 4998 nam
531 4925 688 4999 hominis
708 4927 949 4999 conditionem
966 4926 1104 5012 maluit,
1129 4927 1169 4995 in
1185 4921 1306 4996 haram
1324 4952 1410 4997 con-
1456 4926 1685 5028 linquendam
1709 4950 1785 4995 non
1807 4940 1992 5016 putarunt,
2029 4951 2120 5021 quae
2145 4940 2185 4995 ut
2213 4926 2348 5009 iurem,
2384 4925 2433 4993 ita

433 5027 634 5103 eludantur.
1036 5053 1045 5069 ·
1456 5050 1627 5118 nequam,
1648 5039 1683 5094 et
1699 5025 1900 5116 improbum
1916 5028 2010 5098 facit.
2062 5026 2183 5116 Quare
2197 5028 2433 5095 adolescentes

536 5122 613 5197 Atii
627 5126 773 5216 fingunt,
798 5141 832 5198 et
848 5127 1032 5216 divulgant
1045 5119 1137 5195 hanc
1149 5122 1288 5196 nostrae
1297 5120 1410 5197 Scho·
1456 5150 1530 5195 non
1546 5149 1611 5215 per
1626 5147 1748 5192 omnes
1761 5125 1857 5194 vicos
1869 5126 2019 5197 civitatis
2034 5148 2172 5216 sparsm
2187 5119 2356 5210 babitare,
2373 5128 2435 5192 sed

431 5230 488 5297 lae
503 5224 759 5316 reparationem
774 5249 847 5297 esse
870 5226 1042 5299 avariciae
1064 5239 1154 5311 rete,
1186 5239 1223 5296 et
1243 5226 1411 5317 pecuniae
1457 5221 1657 5322 inScbolae
1670 5225 1774 5294 aedes
1787 5226 2016 5315 commigrare
2030 5227 2234 5308 voluerunt,
2258 5227 2351 5317 quod
2368 5220 2434 5292 hoc

431 5327 643 5419 aucupium,
668 5328 764 5419 qnod
778 5350 852 5396 non
868 5322 1019 5398 Scholae
1031 5327 1168 5412 studio,
1193 5350 1269 5394 non
1283 5326 1411 5395 iuven·
1458 5321 1739 5394 adolescentibus
1752 5338 1787 5395 et
1803 5325 1911 5394 totins
1936 5339 1970 5395 et
1990 5325 2111 5395 utilius
2133 5347 2207 5394 esse
2223 5325 2435 5395 iudicarunt.

385 5422 389 5429 ’
423 5429 517 5517 ‘tutis
537 5428 672 5511 salute,
705 5447 779 5497 non
798 5426 951 5519 denique
967 5427 1079 5508 officii,
1094 5425 1208 5496 nostri
1228 5426 1411 5515 religione,
1458 5423 1546 5495 Plus
1560 5424 1655 5495 enim
1671 5422 1902 5495 conductores
1923 5426 1997 5496 t‘ere
2021 5426 2175 5511 civibus,
2200 5448 2306 5520 quam
2324 5418 2437 5494 Sclro-
2506 5457 2509 5463 ·

431 5531 492 5597 sed
515 5542 680 5622 quaestus
705 5523 896 5619 cupiditate
918 5527 1061 5600 adducti
1081 5528 1212 5615 simus,
1242 5540 1282 5602 ut
1304 5526 1412 5597 disci·
1459 5526 1514 5597 lae
1528 5527 1686 5618 pendere
1696 5540 1881 5619 coquntur.
1933 5525 2162 5625 Quapropter
2178 5519 2270 5598 hanc
2286 5536 2436 5593 veterem
