6025 6775
422 710 498 789 541
901 707 904 714 ·
1070 677 1818 782 ontnlrrtttttnatt'ruouls.
2382 698 2457 778 642

418 876 639 956 Praedicabo
660 882 906 967 praeceptum,
938 859 1116 936 Dominus
1145 857 1236 930 dixit
1266 857 1313 931 ad
1339 879 1413 928 me:
1566 852 1631 926 28.
1662 851 1763 927 Idem
1783 853 1871 928 dicit
1884 852 2017 930 Paulus
2040 847 2120 933 cum
2139 863 2206 935 aits
2242 859 2363 939 Gratis
2386 869 2455 942 fide
2497 823 2500 828 Ι

421 983 536 1056 Filius
551 1000 651 1050 mens
668 1000 704 1047 es
719 988 770 1048 tn.
820 970 927 1052 Item,
957 987 1039 1036 cnm
1063 963 1151 1034 fides
1172 962 1415 1052 nitatnrpro-
1464 953 1715 1044 instillemus,
1751 972 1785 1031 et
1808 959 2030 1033 damnandae
2049 976 2133 1036 sunt
2151 967 2371 1062 corruptelae
2391 993 2456 1062 pa·
2538 1043 2543 1052 ,

421 1086 581 1173 murgam
596 1079 725 1160 verbo,
750 1071 862 1168 qualis
877 1079 993 1159 potest
1008 1088 1083 1136 esse
1105 1063 1193 1135 fides
1216 1063 1295 1132 sine
1316 1060 1414 1152 cogi·
1463 1057 1620 1150 pisticae,
1645 1055 1891 1147 Osiandricae,
1918 1057 2204 1156 Thammericae,
2228 1087 2319 1164 qnae
2333 1093 2456 1142 omnes

422 1187 559 1258 tatione
590 1181 737 1270 scriptae
764 1169 967 1242 doctrinae?
1033 1165 1140 1237 Tales
1167 1159 1414 1235 Enthusiasmi
1463 1159 1594 1252 reipsa
1617 1160 1769 1232 similem
1794 1159 2039 1257 synecdochen
2061 1167 2215 1259 fingunt:
2248 1171 2337 1242 Fide
2353 1197 2456 1266 prae·

421 1287 569 1358 luerunt
589 1281 687 1348 initia
711 1277 871 1344 surorum
890 1269 1261 1359 Anabaptisticorum,
1289 1262 1413 1334 utPe-
1463 1285 1648 1353 paramur,
1674 1277 1715 1333 ut
1731 1278 1849 1354 postea
1866 1265 1933 1334 alia
1948 1290 1987 1336 re
2002 1269 2093 1338 iusta
2112 1271 2233 1344 simus.
2283 1271 2456 1345 Monacbi

423 1389 561 1474 largum
586 1393 619 1450 et
641 1374 882 1448 Illonetarium
911 1370 1112 1440 audivimus
1141 1369 1309 1437 iactantes
1331 1388 1413 1436 suos
1463 1365 1607 1434 dicunt:
1634 1364 1836 1434 dilectione.
1888 1362 2068 1439 Osiander
2093 1374 2256 1444 nominat
2279 1399 2354 1445 non
2379 1378 2455 1447 vir-

423 1489 591 1565 adflatus,
618 1493 651 1550 et
666 1479 919 1568 adspernantes
936 1470 1136 1541 doctrinam
1152 1469 1330 1560 scriptam.
1463 1477 1573 1546 tutes,
1614 1487 1676 1536 seu
1701 1466 1862 1552 effectus,
1904 1470 1965 1536 sed
1985 1493 2124 1542 causam
2147 1474 2375 1563 efficientem,
2405 1478 2455 1548 ait

522 1579 584 1656 25.
619 1579 661 1651 ln
674 1575 872 1648 ministerio
887 1573 1059 1643 divinitus
1075 1570 1255 1655 instituto,
1278 1567 1414 1660 primns
1463 1560 1646 1635 hominem
1662 1567 1731 1638 fide
1747 1571 1967 1661 praeparari,
1993 1585 2034 1643 nt
2054 1587 2172 1663 postea
2188 1577 2301 1649 iustus
2316 1579 2363 1648 sit
2378 1575 2454 1649 Deo

422 1687 594 1760 Sacerdos
625 1682 694 1753 luit
724 1680 800 1772 ipse
830 1676 925 1746 filius
959 1669 1053 1742 Dei
1087 1668 1196 1771 λόγος
1228 1671 1414 1763 alloquens
1464 1667 1542 1758 ipso
1558 1663 1729 1739 efficiente
1744 1670 1783 1739 in
1801 1693 1843 1740 eo
1865 1695 1976 1742 novas
1993 1674 2150 1750 virtutes.
2200 1677 2260 1750 Sic
2279 1675 2454 1774 interpre-

422 1773 539 1860 Adam
565 1784 768 1864 etllevam,
793 1798 946 1867 arguens
962 1788 1161 1867 peccatum,
1186 1785 1221 1843 et
1241 1772 1331 1842 iram
1346 1767 1414 1839 Dei
1465 1780 1561 1839 tatur
1575 1767 1650 1857 ipse
1664 1767 1839 1840 iusticiam
1857 1775 2087 1850 essentialem.

421 1889 631 1972 ostendens,
666 1882 794 1953 deinde
815 1892 850 1949 et
871 1876 1106 1969 promissione
1129 1875 1222 1944 edita
1245 1893 1415 1944 revocans
1566 1867 1628 1943 29.
1658 1863 1737 1940 Etsi
1752 1883 1895 1944 renatus
1911 1889 1963 1945 est
1977 1879 2150 1969 templum
2166 1876 2255 1967 Dei,
2287 1895 2322 1953 et
2343 1883 2456 1953 veris·

420 1991 613 2061 morituros
643 2012 685 2056 ex
710 1993 836 2053 morte.
894 1978 965 2050 llic
994 2000 1152 2046 struimus
1180 1974 1350 2047 Sacerdos
1381 1985 1415 2042 et
1464 1968 1595 2042 simum
1611 1982 1758 2042 estenm
1773 1971 1962 2062 gubernari
1978 1974 2094 2065 aDeo,
2117 1969 2457 2056 etincoinchoatam

421 2085 588 2182 deinceps
613 2091 710 2158 adest
733 2079 931 2151 ministerio
949 2071 1154 2166 Evangelii,
1180 2090 1214 2147 et
1237 2090 1287 2146 est
1309 2076 1350 2143 in
1372 2097 1414 2143 eo
1465 2097 1539 2146 esse
1551 2095 1679 2143 novam
1697 2073 1952 2159 obedientiam,
1973 2077 2062 2150 sicut
2077 2083 2246 2172 scriptum
2264 2098 2331 2155 est:
2353 2081 2454 2156 Dabo

424 2193 563 2275 efficax,
602 2191 698 2259 iuxta
727 2185 878 2254 dictum:
908 2176 1144 2268 Evangelium
1174 2190 1227 2248 est
1256 2174 1413 2269 potentia
1465 2175 1578 2264 legem
1595 2196 1711 2243 meam
1725 2173 1765 2243 in
1780 2174 1887 2244 corda
1903 2190 2057 2246 eorum?
2077 2192 2195 2251 tamen
2208 2186 2322 2256 renati
2338 2185 2377 2254 in
2390 2181 2455 2256 hac

423 2291 490 2364 Dei
522 2293 568 2362 ad
604 2291 751 2362 salutem
787 2281 887 2354 omni
920 2281 1099 2364 credenti,
1143 2276 1270 2351 Roma.
1302 2276 1415 2368 capite
1466 2276 1538 2346 vita
1559 2275 1684 2366 procul
1707 2276 1876 2346 absunta
1902 2279 2114 2367 perfectione
2140 2282 2244 2372 legis,
2278 2301 2314 2357 et
2336 2281 2457 2358 haeret

424 2395 553 2486 primo·
1465 2372 1582 2446 adhuc
1599 2377 1638 2444 in
1652 2376 1702 2444 cis
1717 2399 1844 2466 magna
1857 2379 1967 2450 moles
1983 2380 2130 2472 peccati,
2155 2385 2338 2475 multiplex
2354 2387 2458 2478 igno-

527 2493 589 2568 26.
618 2483 787 2559 Ostendit
800 2481 898 2556 Deus
919 2482 1009 2552 iram
1032 2503 1130 2552 suam
1152 2481 1319 2550 adversus
1334 2502 1415 2569 pec·
1465 2478 1601 2558 rantia,
1626 2477 1746 2570 magni
1762 2478 1890 2550 fluctus
1905 2480 2187 2569 dubitationum,
2212 2487 2317 2558 multi
2334 2510 2458 2560 erran·

425 2609 522 2678 cata,
546 2615 630 2663 voce
644 2577 834 2660 ministerii
850 2597 885 2654 et
898 2583 1115 2664 terroribus,
1141 2583 1185 2652 de
1205 2581 1336 2674 quibus
1359 2579 1415 2648 di·
1465 2593 1518 2651 tes
1534 2579 1707 2665 adlectus,
1733 2579 1819 2651 alias
1833 2581 1939 2654 stulta
1954 2577 2144 2673 securitas
2157 2587 2244 2658 alias
2260 2591 2366 2662 stulta
2379 2603 2458 2662 tre·

427 2696 536 2767 estur:
570 2689 672 2764 sicut
685 2691 742 2760 leo
758 2683 929 2758 contrivit
943 2685 1063 2755 omnia
1079 2705 1156 2753 ossa
1173 2705 1262 2751 mea.
1311 2677 1362 2752 Et
1376 2681 1415 2749 in
1465 2681 1622 2772 pidatio,
1643 2680 1748 2752 multi
1764 2681 1882 2774 lapsus
1897 2683 2138 2773 ignorantiae,
2171 2691 2285 2781 turpis
2308 2692 2457 2783 ingrati-

424 2793 572 2870 Psalrn.:
598 2791 727 2862 Veniet
741 2784 838 2858 Deus
852 2799 989 2869 noster,
1016 2797 1050 2855 et
1070 2808 1144 2852 non
1164 2782 1300 2867 silebit,
1323 2783 1416 2873 ignis
1466 2783 1564 2852 tudo.
1611 2777 1776 2875 Denique
1789 2785 1998 2873 magnitudo
2014 2803 2153 2876 peccata
2170 2788 2286 2862 adbuc
2301 2795 2337 2863 in
2354 2796 2458 2865 nobis

424 2899 599 2970 devorans
620 2890 796 2962 antecedit
818 2912 910 2958 eum.
962 2880 1132 2956 Ostendit
1156 2885 1241 2955 item
1263 2885 1353 2953 iram
1376 2885 1414 2951 in
1467 2880 1644 2952 haerentis
1659 2905 1731 2950 non
1750 2886 1892 2974 penitus
1907 2889 2131 2976 perspicitur,
2145 2896 2203 2961 sed
2219 2897 2341 2964 crescit
2357 2895 2457 2984 agni-

425 2995 613 3070 horrendis
632 2990 839 3085 spectaculis
859 3009 1055 3078 poenarum
1077 2986 1327 3055 alienarum‘ct
1350 3009 1415 3054 no·
1466 2985 1517 3053 tio
1534 2984 1573 3051 in
1589 2982 1763 3052 exercitiis
1786 2987 2022 3074 poenitentiae
2043 3003 2076 3060 et
2099 2988 2138 3059 in
2162 3016 2275 3067 cruce.
2334 2991 2383 3064 Et
2404 2997 2457 3065 la-

425 3113 599 3183 strarnm,
631 3118 672 3163 ac
696 3091 848 3160 maxime
872 3089 912 3156 in
934 3101 1048 3157 morte
1070 3088 1145 3161 lilii.
1197 3085 1285 3156 Vult
1308 3087 1417 3176 igitur
1469 3098 1589 3156 tentor
1613 3082 1726 3153 sancti
1747 3106 1846 3155 suam
1871 3086 2153 3173 immunditiem,
2187 3106 2222 3162 et
2239 3117 2315 3162 eam
2334 3096 2457 3188 deplo-

426 3225 493 3274 nos
505 3217 731 3292 expavescere
747 3191 929 3282 agnitione
946 3189 1020 3257 irae
1034 3212 1134 3275 snae,
1159 3189 1237 3258 vult
1251 3210 1317 3257 nos
1330 3188 1417 3257 assi·
1468 3199 1548 3256 rant
1577 3184 1766 3275 gemitibus
1796 3183 2103 3264 inenarrabilibus.
2169 3190 2270 3264 Sicut
2296 3193 2458 3268 Psalmus

426 3303 497 3372 due
512 3299 680 3370 clamare:
705 3289 884 3363 Converte
899 3313 957 3360 me
972 3287 1145 3375 Domine,
1170 3302 1202 3360 et
1219 3302 1416 3360 convertar.
1468 3287 1601 3379 inquit:
1638 3284 1721 3355 Non
1749 3285 1859 3356 intres
1889 3289 1929 3356 in
1956 3290 2129 3360 iudicium
2153 3316 2231 3363 cnm
2256 3317 2357 3370 servo
2383 3311 2459 3387 tuo,

425 3402 481 3475 Ne
503 3400 679 3483 illudatis,
719 3392 839 3489 inquit
860 3385 984 3463 Esaias
998 3377 1171 3462 'vicesimo
1196 3404 1339 3471 octavo,
1371 3414 1417 3460 ne
1469 3388 1640 3484 quianon
1655 3387 1833 3459 estinstus
1849 3414 1966 3460 coram
1981 3404 2017 3463 te
2033 3392 2149 3464 omnis
2172 3394 2309 3469 vivens.
2361 3398 2458 3473 Haec

425 3513 709 3598 poenaevestrae
721 3496 809 3566 fiant
820 3494 996 3565 duriores.
1046 3492 1129 3565 Non
1146 3507 1198 3564 est
1216 3493 1310 3562 enim
1330 3516 1418 3561 con-
1468 3492 1561 3560 mala
1577 3501 1783 3574 extenuare,
1809 3505 1844 3561 et
1867 3492 1997 3582 lingere
2021 3488 2204 3566 hominem
2229 3496 2360 3570 iustum
2385 3525 2458 3572 csse

428 3603 544 3674 versio
558 3600 604 3671 ad
617 3596 754 3680 Deum,
776 3620 841 3668 nec
855 3596 942 3666 fides
957 3597 995 3664 in
1012 3589 1088 3681 his,
1114 3596 1176 3689 qui
1195 3606 1417 3687 perseverant
1470 3616 1587 3662 coram
1605 3587 1701 3677 Deo,
1725 3605 1871 3683 propter
1885 3594 2096 3680 novitatem,
2120 3620 2182 3667 scu
2197 3613 2342 3691 propter
2355 3601 2458 3673 iusti-

427 3707 468 3776 in
490 3698 681 3775 sceleribus
696 3708 817 3767 contra
835 3697 1106 3783 conscientiam,
1131 3710 1166 3766 et
1185 3696 1298 3765 securi
1321 3697 1418 3765 velut
1470 3695 1560 3765 ciam
1598 3684 1862 3780 inhaerentem,
1908 3708 1949 3767 ut
1985 3696 2146 3768 nominat
2182 3698 2273 3772 liber
2300 3700 2459 3791 Interim,

426 3816 595 3900 perpetua
609 3794 843 3871 Bacchanalia
857 3813 966 3887 agunt
980 3799 1020 3869 in
1035 3799 1142 3869 tantis
1158 3796 1333 3868 Ecclesiae
1353 3801 1418 3867 do·
1470 3819 1572 3868 coeca
1594 3789 1792 3888 hypocrisis
1808 3807 1870 3865 est.

428 3908 564 3978 loribus
583 3915 617 3974 et
635 3900 826 3970 aemmnis.
876 3898 985 3981 ltem,
1020 3901 1082 3994 qui
1103 3900 1215 3970 taxari
1235 3900 1330 3968 idola
1351 3924 1418 3969 no.
1572 3894 1632 3967 80.
1665 3894 1736 3967 Sed
1752 3896 1936 3967 retinenda
1954 3913 2004 3969 est
2020 3926 2102 3972 vera
2123 3905 2337 3995 consolatio,
2360 3908 2457 4001 qnod

428 4011 525 4094 lunt,
547 4004 623 4077 sive
644 4000 847 4091 intelligant
865 4002 959 4095 quod
983 4014 1110 4091 agunt,
1135 4001 1209 4070 sive
1223 4023 1298 4070 non
1312 4000 1418 4073 intel·
1470 4000 1575 4073 etiam
1605 4010 1685 4089 post
1712 3998 1978 4068 conversionem
2002 3994 2110 4075 homo
2132 4006 2178 4079 til
2198 4006 2311 4080 iusim
2338 4032 2457 4078 coram

337 4152 341 4161 .
428 4110 549 4203 ligant,
620 4108 653 4179 1.
670 4096 835 4177 Corinth.
850 4100 906 4174 6.;
945 4100 1000 4171 Ne
1029 4101 1171 4188 erretis,
1201 4115 1420 4189 scortatores,
1469 4101 1547 4173 D00
1578 4099 1652 4170 ⁵⁰¹³
1679 4097 1748 4167 fide
1779 4120 1844 4187 l’ffl'
1870 4099 2150 4175 mf³eli⁰⁰td5³¹⁰
2182 4108 2291 4197 81³¹ss
2313 4122 2457 4201 l¹l⁰l³ter

426 4208 596 4297 adulteri,
628 4204 803 4278 idolatrae
832 4217 898 4277 etc.
930 4226 1080 4297 regnum
1103 4203 1169 4275 Dei
1198 4228 1274 4273 non
1304 4206 1419 4296 possi·
1470 4198 1711 4275 obedientiam
1738 4196 1962 4280 mediatoris,
1995 4202 2084 4276 sicut
2105 4205 2239 4279 Paulus
2260 4204 2352 4278 hanc
2370 4232 2458 4279 con·

427 4316 572 4385 debunt.
623 4304 673 4380 Et
687 4294 816 4379 Esaiae
830 4304 978 4375 ultimo:
1005 4305 1065 4375 Ad
1081 4328 1186 4399 quem
1210 4304 1420 4395 respiciam?
1470 4302 1680 4374 solationem
1703 4299 1888 4390 proponit,
1912 4298 2040 4378 Romo.
2055 4307 2106 4380 8.:
2132 4306 2224 4397 Quis
2243 4296 2459 4379 condemna-

428 4414 473 4482 ad
493 4411 674 4481 adflictum
687 4404 881 4482 contritum
898 4403 1044 4497 spiritu,
1068 4418 1101 4477 et
1121 4418 1330 4476 trementem
1346 4429 1420 4478 ser·
1471 4405 1549 4476 bit?
1572 4397 1736 4472 Christus
1751 4400 1938 4472 intercedit
1951 4425 2016 4494 pro
2031 4407 2135 4478 nobis
2148 4421 2213 4479 etc.
2263 4408 2345 4481 Non
2362 4410 2460 4481 iubet

431 4531 555 4581 mone,
569 4532 680 4585 mm,
1473 4528 1540 4577 nos
1555 4502 1732 4574 confidere
1754 4515 1900 4596 propter
1920 4505 2132 4590 novitatem,
2154 4522 2216 4580 aut
2239 4510 2458 4582 essentialem

533 4606 597 4683 27.
626 4606 700 4679 Nec
714 4634 797 4683 vero
810 4621 952 4683 tantum
967 4600 1167 4698 arguuntur
1179 4620 1320 4701 peccota
1336 4633 1421 4680 voce
1472 4607 1660 4680 iusticiam.
1712 4603 1764 4677 lta
1786 4628 1866 4675 vera
1891 4600 2073 4676 humilitas
2093 4623 2127 4680 et
2144 4613 2361 4703 poenitentia
2383 4635 2459 4684 cre-
2559 4608 2562 4615 ’

432 4708 623 4789 ministerii
638 4720 673 4779 et
686 4708 816 4785 iudicio
829 4711 920 4798 Dei,
952 4711 1014 4781 sed
1036 4710 1184 4781 offertur
1205 4712 1312 4783 etiam
1335 4735 1421 4782 voce
1472 4709 1627 4782 scantin
1648 4707 1830 4798 agnitione
1853 4720 1992 4777 nostrae
2015 4708 2249 4799 infirmitatis,
2279 4715 2371 4785 sicut
2385 4711 2460 4783 Do-

432 4810 622 4903 Evangelii
647 4810 832 4901 promissio
852 4812 1006 4907 gratiae,
1046 4826 1081 4883 et
1105 4814 1250 4906 quidem
1272 4814 1417 4883 severis·
1472 4813 1591 4884 minus
1612 4808 1744 4904 inquit:
1778 4807 1857 4879 Nisi
1879 4809 2019 4900 egeritis
2041 4814 2315 4903 poenitentiam,
2333 4840 2460 4887 omues

329 4942 331 4947 ·
433 4914 522 4984 rime
546 4910 762 5003 praecipitur
783 4936 866 4987 vera
887 4914 1022 5008 agnitio
1044 4914 1110 4983 filii
1123 4910 1212 5001 Dei,
1237 4927 1272 4984 et
1286 4913 1421 5006 praeci.
1471 4912 1636 4986 similiter
1652 4911 1825 5003 peribitis.
1875 4906 1923 4983 Et
1938 4912 2159 4986 retineantur
2178 4930 2271 4988 certa
2297 4919 2461 5005 consola-

433 5014 531 5107 pitur
554 5011 829 5105 perterrefactis,
851 5014 897 5086 ne
919 5016 1058 5108 fugiant
1075 5012 1210 5100 Deum,
1232 5039 1298 5085 nec
1315 5038 1406 5085 ruan
1471 5016 1524 5088 tio
1556 5026 1590 5084 ct
1620 5010 1819 5096 invocatio,
1870 5012 1966 5083 iuxta
1990 5015 2140 5085 dictum:
2187 5014 2371 5090 lustilicati
2391 5019 2461 5089 lide

432 5118 473 5185 in
488 5127 648 5185 aeternas
662 5107 914 5204 blasphemias,
943 5121 1003 5190 sed
1020 5131 1062 5190 ut
1078 5118 1222 5186 credaut
1244 5115 1312 5185 sibi
1337 5140 1421 5207 pro·
1472 5114 1595 5212 pacem
1619 5107 1800 5182 habemus.
1845 5110 1933 5181 Item
1963 5115 2007 5183 ad
2029 5110 2219 5207 Ephesios:
2263 5118 2332 5190 Per
2354 5144 2461 5214 quem

434 5229 513 5308 pter
527 5212 769 5287 obedientiam
784 5214 849 5284 lilii
863 5218 970 5304 gratis
984 5234 1080 5291 certo
1099 5218 1228 5288 donari
1243 5217 1423 5287 remissio-
1473 5221 1646 5288 audemus
1665 5213 1829 5281 accedere
1850 5211 1890 5280 in
1910 5213 2037 5283 fidncia
2057 5237 2120 5306 per
2139 5219 2244 5289 fidem
2265 5220 2375 5312 ipsius
2396 5235 2458 5291 ctc.

433 5341 516 5389 nem
537 5329 783 5409 peccatorum,
807 5314 1076 5408 imputationem
1098 5318 1276 5406 iusticias,
1298 5341 1423 5388 recon-
1473 5315 1522 5389 Et
1537 5327 1630 5386 recte
1646 5314 1779 5384 dictum
1797 5324 1848 5384 est
1866 5313 1911 5383 ab
1926 5309 2142 5404 Augustino:
2168 5318 2298 5393 Totius
2312 5323 2460 5393 fiduciae

434 5419 672 5503 ciliationenr,
696 5417 944 5488 liberationem
962 5435 1110 5492 amorte
1126 5435 1287 5506 aeterna,
1317 5434 1352 5491 et
1367 5420 1423 5489 vi·
1475 5418 1650 5490 certitudo
1666 5427 1719 5486 est
1735 5414 1773 5484 in
1789 5415 1945 5506 precioso
1960 5418 2132 5507 sanguine
2145 5416 2290 5494 Christi.

435 5521 692 5604 visontionem,
732 5542 823 5612 quae
850 5518 889 5587 fit
915 5540 978 5607 per
1005 5520 1139 5604 filium,
1177 5510 1367 5617 perquem
1391 5535 1425 5592 et
1577 5519 1639 5592 dl.
1670 5516 1721 5590 Ut
1733 5529 1849 5586 antem
1864 5539 1963 5588 coeca
1978 5521 2462 5619 arrogantiallypocritarum

435 5619 591 5713 Spiritus
613 5635 756 5691 sanctus
778 5622 904 5701 datur,
938 5630 973 5687 et
993 5612 1242 5693 haereditatem
1263 5638 1426 5697 aeternae
1448 5656 1455 5755 p
1477 5622 1629 5693 taxanda
1646 5632 1713 5704 est,
1738 5617 1801 5712 qui
1816 5618 1953 5708 fingunt
1969 5642 2005 5689 se
2021 5620 2134 5693 iustos
2155 5646 2228 5693 esse
2252 5648 2370 5694 coram
2384 5621 2461 5694 Deo

435 5721 599 5795 iusticias
616 5736 651 5792 et
663 5721 767 5796 vitae.
817 5717 871 5791 Ac
892 5740 975 5789 vera
999 5730 1052 5788 est
1065 5722 1274 5810 propositio:
1305 5718 1427 5796 Solo
1450 5758 1456 5894 ι
1479 5735 1623 5815 propter
1641 5742 1741 5791 tuam
1757 5720 1972 5801 noviltlem.
2003 5722 2054 5792 ⁸3⁶
2073 5736 2108 5794 el
2130 5724 2231 5793 sumt
2248 5721 2463 5797 Αῐῑῑῖΰῡῐΰῡ·

436 5823 507 5893 fide
519 5822 751 5893 iustificamur
763 5844 882 5892 coram
896 5818 985 5892 Deo.
1480 5848 1559 5895 rum
1576 5823 1790 5895 execrandos
1806 5833 1877 5914 cst,
1902 5822 1983 5912 qni,
2008 5834 2048 5895 nt
2062 5822 2230 5914 scriptum
2245 5836 2316 5915 est,
2344 5836 2463 5900 trans·

493 5926 676 5992 blusters.
702 5926 806 5997 Orsa.
832 5925 916 5992 Vos..
932 5922 1011 5994 ΧΠ.
1906 5918 1952 5993 4¹
