6025 6775
503 736 602 813 roas
684 729 688 736 ·
840 763 843 768 -
1008 675 1090 809 ἰ.
1135 729 1428 808 cuaourcou
1458 725 1705 804 cuaroms.
1755 724 1883 802 runs
1906 726 1953 799 u.
2414 730 2512 807 1074

502 922 580 998 pter
600 904 840 976 defensionem
856 900 1093 976 Ecclesiamm
1120 917 1155 973 et
1170 899 1482 973 Christianaedo-
1529 921 1610 967 men
1635 897 1891 969 Saracenorum
1915 911 2006 969 extat
2029 897 2067 967 in
2092 893 2239 968 historia
2266 898 2444 971 Zenobiae
2468 905 2505 972 in

503 1008 637 1079 ctriuae
667 1006 910 1077 dimicandum
942 1029 1015 1076 esse
1046 1004 1278 1094 intelligebat.
1331 1001 1481 1072 Erectus
1529 1000 1688 1070 victoriis
1700 995 1899 1072 Aureliani.
1951 996 2126 1070 Existimo
2152 1014 2267 1070 autem
2294 1002 2404 1091 ipsam
2419 1027 2507 1092 gen·

501 1108 612 1199 igitur
634 1131 695 1200 spe
716 1108 841 1178 auxilii
856 1106 970 1177 divini
985 1107 1180 1176 exercitum
1203 1106 1241 1173 in
1267 1102 1407 1197 Syriam
1435 1104 1478 1171 ad
1529 1114 1597 1171 tem
1609 1096 1804 1190 Agarenam
1822 1101 1985 1170 maluisse
2000 1101 2395 1172 nominariSaracenam
2412 1104 2505 1175 aSa·

502 1205 656 1279 Azotum
679 1210 789 1280 ducit.
846 1207 932 1277 inde
955 1232 1034 1276 cram
1059 1206 1208 1276 Cosroie's
1238 1207 1392 1294 fugeret,
1427 1215 1480 1273 ter
1527 1227 1584 1287 ra,
1610 1203 1694 1295 quia
1710 1202 1898 1289 gloriosius
1913 1217 1987 1273 erat
2010 1204 2082 1272 dici
2105 1217 2201 1272 ortos
2230 1203 2360 1274 aSara
2382 1205 2504 1287 libera,

503 1310 650 1379 dimicat
663 1308 846 1380 Heraclius
871 1331 952 1378 cum
968 1305 1122 1376 Cosroae
1141 1305 1370 1390 exercitibus,
1396 1305 1478 1398 qui·
1527 1328 1632 1396 quam
1659 1303 1703 1372 ab
1729 1304 1857 1372 ancilla
1882 1300 1988 1394 Agar.
2041 1302 2119 1395 lpse
2142 1300 2369 1376 Mahometus
2400 1307 2504 1377 etiam

501 1412 569 1480 bus
595 1410 789 1501 profligatis
812 1409 1002 1478 domestica
1027 1407 1226 1477 calamitate
1240 1406 1390 1476 Cosro'c's
1411 1430 1474 1496 op·
1530 1418 1648 1493 postea
1685 1404 1829 1494 gloriosi
1872 1405 2027 1474 nominis
2062 1407 2241 1476 mentione
2283 1408 2505 1478 confirmavit

500 1534 641 1602 pressus
663 1525 731 1594 est,
765 1524 805 1580 ut
826 1507 959 1597 insigni
981 1509 1138 1600 exemplo
1163 1509 1238 1578 eius
1259 1509 1424 1600 superbia
1445 1523 1478 1575 et
1527 1506 1735 1587 exercitum,
1761 1505 1957 1575 vociferans
1971 1507 2149 1596 pertinere
2163 1510 2207 1575 ad
2223 1531 2282 1577 eos
2297 1509 2505 1599 promissio·

500 1606 739 1702 blasphemiae
761 1608 985 1700 punirentur.
1527 1630 1607 1675 nem
1635 1604 1735 1693 regni
1766 1608 1911 1692 mundi,
1953 1604 2119 1677 Abrahae
2149 1610 2297 1699 posteris
2326 1609 2503 1688 traditam,

600 1710 690 1783 Cum
716 1711 828 1780 filium
853 1711 1046 1779 secundum
1073 1705 1287 1780 Mardasen
1319 1709 1476 1798 neglecto
1526 1709 1608 1802 quia
1634 1719 1748 1775 essent
1767 1706 1831 1773 filii
1855 1704 1980 1790 Sarae,
2006 1710 2096 1778 sicut
2117 1724 2296 1800 praetextu
2319 1709 2503 1800 religionis

500 1814 616 1905 primo
639 1811 715 1880 lilio
737 1805 850 1879 Siroe'
871 1834 1106 1880 successorem
1137 1813 1175 1880 iu
1200 1837 1307 1902 reguo
1334 1810 1476 1880 Persico
1525 1832 1627 1902 saepe
1642 1804 1804 1877 homines
1820 1807 2025 1878 incitantur.

500 1913 755 1995 constituisset,
788 1912 879 2002 cepit
903 1925 1035 2003 patrem
1062 1907 1224 1982 Cosroe'n
1250 1915 1363 1982 maior
1392 1924 1475 1979 natu
1625 1908 1973 1978 Militaveratautem
1988 1909 2392 1982 exercitusSaracenicus
2407 1914 2501 2000 apud

499 2014 653 2098 filius,et
672 2014 848 2083 trucidato
867 2014 975 2083 fratre
994 2014 1156 2082 Mardasa
1173 2029 1349 2105 spectante
1370 2026 1477 2099 patre,
1523 2010 1728 2082 Heraclium
1744 2023 1866 2079 contra
1884 2007 2018 2080 Persas.
2069 2009 2117 2079 Et
2140 2014 2222 2106 quia
2240 2014 2501 2105 stipendianon

499 2115 630 2184 deinde
651 2128 684 2184 et
707 2126 843 2204 patrem
868 2114 1045 2188 interficit.
1095 2114 1174 2183 Hoc
1196 2117 1303 2183 modo
1327 2135 1474 2202 regnum
1524 2115 1719 2192 dabantur,
1746 2111 1871 2182 defecit
1892 2113 1938 2181 ab
1954 2110 2130 2182 Heraclio.
2183 2111 2297 2183 Aiunt
2321 2129 2355 2184 ct
2376 2129 2500 2183 coutu-

498 2216 648 2305 adeptus
660 2213 780 2285 Siroe's
802 2228 841 2284 ut
864 2217 1020 2284 securior
1040 2227 1145 2298 esset,
1170 2238 1288 2303 pacem
1307 2239 1385 2284 curn
1402 2211 1474 2280 He·
1524 2213 1628 2282 melia
1657 2213 1814 2282 irritatos
1832 2236 1926 2297 esse,
1952 2236 2030 2283 cum
2044 2211 2201 2280 Heraclii
2218 2214 2430 2300 Quaestores
2445 2214 2502 2282 di-

497 2316 607 2387 raclio
640 2315 744 2398 fecit,
784 2316 931 2385 redditis
964 2315 1128 2402 captivis,
1166 2315 1260 2383 iuter
1291 2341 1378 2410 quos
1402 2330 1475 2381 erat
1522 2316 1678 2398 xissent,
1711 2338 1747 2383 sc
1768 2315 1826 2382 vix
1851 2337 1952 2406 posse
1977 2312 2143 2383 Romano
2170 2327 2202 2382 et
2227 2314 2364 2384 Graeco
2394 2315 2500 2383 militi

499 2410 714 2485 Zacharias
727 2409 929 2484 Patriarcha
949 2415 1264 2508 ierosolymorum,
1290 2431 1324 2486 et
1338 2415 1473 2486 redditu
1523 2418 1697 2506 stipendia
1718 2416 1821 2497 dare,
1854 2440 1919 2484 nec
1940 2428 2077 2485 tantum
2101 2437 2136 2483 se
2166 2411 2295 2486 habere
2320 2415 2500 2504 pecuniae,

498 2540 612 2589 cruce.
666 2516 827 2586 Vicissim
851 2513 1037 2583 Heraclius
1059 2516 1212 2586 restituit
1237 2518 1415 2607 captivos,
1442 2530 1474 2584 et
1522 2532 1560 2587 ut
1576 2512 1660 2586 huic
1676 2540 1802 2585 canum
1822 2519 1946 2588 turbae
1962 2516 2211 2590 satisfacerent.
2262 2515 2396 2587 Usitata
2416 2528 2500 2583 sunt

499 2617 640 2713 Syriam
655 2631 690 2686 et
706 2613 955 2706 lerosolymam
975 2617 1108 2706 recipit.
1160 2615 1312 2689 Duravit
1327 2615 1395 2688 hoc
1418 2619 1475 2685 in·
1522 2632 1638 2688 autem
1664 2618 1799 2709 alioqui
1821 2615 1993 2686 Arabicae
2020 2619 2116 2706 genti
2147 2617 2351 2701 latrocinia,
2390 2638 2499 2708 quare

499 2741 585 2808 gens
607 2717 742 2785 bellum
760 2736 874 2782 annos
895 2739 962 2785 sex.
1014 2714 1191 2788 Reversus
1204 2717 1390 2791 Heraclius
1401 2718 1475 2812 By·
1523 2719 1695 2788 exercitus
1712 2717 1940 2788 Saracenicus
1954 2718 2016 2809 qui
2041 2718 2233 2800 defecerat,
2258 2718 2381 2807 diripit
2397 2715 2499 2805 oppi-

498 2817 653 2888 zantium
672 2817 848 2903 ingressus
865 2831 935 2902 est,
958 2820 1081 2886 sedens
1097 2820 1134 2887 in
1151 2844 1256 2889 curru
1276 2822 1353 2891 sine
1367 2845 1473 2890 orua-
1520 2823 1566 2890 da
1581 2815 1753 2887 Damasco
1770 2819 1897 2888 vicina.
1930 2818 2040 2888 Multi
2057 2820 2180 2909 inopes
2198 2819 2301 2887 etiarn
2319 2843 2339 2885 a
2366 2812 2497 2885 Maho-

496 2918 626 2988 mentis
642 2911 934 3007 triumphalibus,
955 2933 1076 2988 tenens
1091 2944 1228 2989 crucem
1245 2922 1283 2989 in
1298 2923 1474 3001 manibus,
1521 2933 1614 2989 meto
1632 2918 1764 3003 adiuti,
1788 2919 1851 3008 qui
1869 2921 1972 2990 ducta
1987 2944 2096 2988 uxore
2115 2920 2285 2988 ditissima
2300 2918 2402 2986 facile
2419 2939 2498 3006 per-

496 3042 538 3089 ac
557 3019 631 3087 ulio
649 3015 716 3087 Dei
738 3019 852 3108 palam
876 3021 1004 3108 gratias
1018 3044 1124 3110 agens
1141 3047 1205 3112 pro
1221 3022 1386 3109 victoria,
1412 3046 1473 3092 cu·
1519 3022 1603 3091 fecit
1616 3019 1884 3108 largitionibus,
1911 3034 1949 3091 ut
1967 3022 2097 3089 milites
2112 3045 2192 3090 eum
2209 3019 2392 3101 audirent,
2417 3039 2497 3086 sua-

497 3120 553 3190 ius
584 3119 780 3189 recordatio
810 3134 850 3189 ut
879 3121 1135 3206 celebraretur,
1166 3123 1274 3192 seriae
1307 3126 1472 3195 exaltatae
1521 3123 1565 3192 sit
1583 3135 1623 3191 ut
1645 3123 1769 3190 ducem
1791 3135 1966 3205 crearent,
1992 3134 2079 3191 etut
2094 3123 2230 3192 tirmior
2246 3134 2497 3191 essetconsen-

495 3221 609 3290 crucis
634 3219 814 3291 institutae
830 3233 924 3291 sunt.
974 3218 1027 3290 'Ac
1054 3225 1210 3313 profecto
1240 3249 1353 3315 poena
1375 3226 1473 3295 blas·
1521 3246 1599 3304 sus,
1626 3221 1794 3292 tollerent
1819 3224 2030 3311 religionum
2054 3223 2217 3308 dissidia,
2241 3221 2409 3310 eligerent
2432 3221 2497 3286 do-

495 3316 717 3413 phemiarum
745 3318 894 3404 Cosroii,
921 3334 961 3392 ut
989 3319 1252 3409 Sennacherib,
1292 3322 1474 3411 Antiochi,
1520 3324 1653 3395 ctrinac
1675 3345 1785 3412 genus
1818 3324 1907 3394 utile
1936 3327 2158 3396 concordiae.
2208 3321 2286 3416 lpse
2315 3320 2496 3393 doctrinae

495 3420 681 3493 Nicanoris
695 3437 729 3493 et
745 3422 914 3493 similium
933 3423 1102 3494 memoria
1117 3426 1223 3514 digna
1240 3439 1302 3497 est.
1519 3428 1668 3494 formam
1693 3426 1897 3517 proposuit,
1925 3427 2064 3508 addidit
2087 3450 2124 3496 se
2156 3420 2287 3494 habere
2318 3421 2496 3516 colloquia

944 3592 952 3610 ,
1519 3526 1679 3595 coelestia
1696 3540 1728 3595 et
1742 3522 2019 3610 enthusiasmos,
2045 3541 2085 3598 ut
2100 3539 2241 3616 augeret
2258 3525 2495 3597 autoritatem.

596 3589 663 3658 De
689 3586 952 3661 Mahmm
983 3599 1120 3663 ΜΝ
1144 3600 1190 3663 ‘t
1214 3613 1371 3687 “idm''
1518 3624 1664 3697 Creatus
1679 3627 1871 3715 igiturdux
1894 3629 2063 3719 paulatim
2079 3630 2180 3698 initia
2196 3625 2496 3716 regnicoufirma·

596 3715 726 3808 lugens
748 3734 782 3789 et
798 3716 976 3791 horrenda
994 3723 1143 3793 mutatio
1159 3724 1298 3813 generis
1311 3720 1472 3806 humaui,
1518 3727 1571 3797 vit
1586 3730 1622 3795 in
1640 3728 1769 3796 vicinia
1785 3726 1947 3797 Damasci
1965 3752 2077 3799 annos
2101 3753 2241 3801 novem.

493 3819 688 3911 etquidem
707 3823 866 3891 celeriter
882 3823 970 3892 facta
992 3836 1044 3893 est
1061 3847 1181 3916 sparso
1198 3827 1360 3912 dogmate
1373 3819 1471 3893 Ma·
1618 3828 1763 3899 lnitium
1788 3830 1888 3918 regni
1913 3826 2111 3900 Mahometi
2139 3831 2333 3898 collocatur
2362 3827 2400 3892 in
2432 3848 2494 3892 an·

493 3913 629 3989 homati
639 3975 648 4004 ,
675 3923 770 4012 quod
787 3924 941 4014 primum
959 3924 1111 4013 amplexi
1126 3940 1208 3995 sunt
1224 3921 1383 4010 Arabes,
1409 3928 1469 4019 qui
1518 3953 1604 3999 num
1619 3926 1754 4001 Christi
1769 3933 2054 3999 sexcentesimum
2072 3931 2276 3996 vicesimum
2301 3925 2455 3995 tertium.

493 4042 675 4114 uunquam
712 4022 876 4113 legitimis
920 4024 1079 4116 imperiis
1115 4043 1320 4118 paruerunt.
1400 4027 1469 4097 Sed
1617 4029 1790 4100 Successit
1815 4030 1846 4096 ei
1868 4026 2020 4097 Amicos
2042 4053 2166 4118 gener,
2192 4029 2254 4121 qui
2281 4024 2493 4095 Damascum

493 4120 551 4186 vel
567 4123 662 4190 domi
679 4124 864 4193 latrocinia
881 4140 1132 4212 exercuerunt,
1159 4128 1215 4197 vel
1237 4154 1301 4199 suo
1320 4129 1470 4200 arbitrio
1518 4129 1629 4219 cepit,
1665 4144 1699 4198 et
1725 4129 1824 4217 regni
1854 4142 1959 4218 caput
1984 4131 2176 4199 constituit.
2227 4126 2367 4198 Deinde
2400 4125 2493 4216 capit

492 4220 602 4303 foris,
628 4223 687 4290 alii
712 4227 803 4314 apud
826 4224 915 4294 alios
937 4230 1096 4297 mercede
1111 4230 1322 4301 militarunt.
1375 4230 1469 4299 Huic
1518 4231 1650 4302 Gazam
1665 4244 1699 4300 et
1714 4229 1964 4324 lerosolymam
1982 4232 2158 4300 obsessam
2184 4229 2342 4299 biennio.

494 4322 592 4412 genti
617 4324 762 4411 cupidae
783 4325 956 4396 libertatis
972 4340 1005 4396 ct
1017 4329 1181 4412 militiae,
1207 4331 1315 4419 legem
1332 4356 1471 4401 accom-
1616 4325 1790 4402 Altumar
1810 4333 1933 4402 tertius
1947 4356 2008 4403 rex
2032 4356 2157 4424 magna
2173 4331 2296 4425 Syriae
2311 4341 2409 4421 parte
2425 4330 2493 4395 do·

493 4424 673 4491 modatam
701 4426 746 4492 ad
771 4427 1077 4518 amplificationem
1104 4430 1276 4501 libertatis
1295 4446 1330 4503 et
1344 4448 1469 4524 poten·
1518 4434 1601 4503 mita
1623 4448 1770 4524 occupat
1798 4430 2007 4527 Aegyptum.

493 4524 564 4594 tiae
581 4518 807 4594 Mahometus
821 4528 970 4619 scripsit.
1618 4528 1828 4605 Muhavias
1852 4549 1996 4627 quartus
2012 4534 2089 4606 Rex
2102 4532 2306 4605 Caesaream
2324 4526 2494 4597 Palaesti-

596 4622 640 4693 ln
655 4620 789 4694 Arabia
808 4641 930 4699 natum
954 4652 1026 4698 esse
1050 4625 1296 4700 Mahometum
1325 4634 1469 4723 plurimi
1517 4659 1583 4704 nae
1611 4638 1769 4727 septenni
1802 4638 1987 4705 obsidione
2017 4638 2131 4725 capit,
2171 4648 2204 4703 et
2223 4633 2316 4700 victo
2340 4629 2495 4700 Cosroae

494 4725 657 4809 tradunt,
689 4751 728 4793 ac
748 4728 898 4815 primum
914 4732 983 4802 sibi
1004 4731 1203 4801 adiunxisse
1219 4732 1467 4805 Saraceuicum
1518 4738 1591 4805 lilio
1606 4730 1813 4806 Orr‘musda
1832 4738 1986 4807 Persiam
2007 4762 2115 4825 regno
2132 4734 2339 4807 Saraceuico
2357 4730 2494 4800 addidit

494 4829 705 4905 exercitum,
732 4829 1172 4917 undeposteaSaracenici
1196 4838 1466 4925 regniappella-
1518 4838 1597 4907 etei
1614 4839 1725 4929 legem
1741 4832 2014 4925 Mahometicam
2035 4838 2211 4930 imposuit.
2255 4833 2493 4904 ltaintraan-

493 4926 544 4996 tio
561 4926 649 4997 lacta
665 4941 729 5010 est,
750 4932 880 5020 dequo
898 4954 977 4998 cum
991 4935 1118 5004 dicturi
1132 4935 1251 5019 simus,
1268 4939 1364 5025 prius
1380 4963 1469 5030 quae
1517 4962 1582 5008 nos
1602 4941 1747 5029 triginta
1771 4938 1936 5009 Saraceni
1969 4942 2071 5031 potiti
2095 4937 2249 5018 Arabia,
2280 4931 2492 5013 Palaestina,

493 5026 602 5096 suerit
618 5051 701 5117 gens
716 5026 943 5113 Saracenica,
970 5046 1002 5100 et
1018 5038 1081 5105 ubi
1102 5037 1226 5116 luerit,
1254 5062 1404 5126 expono.
1518 5035 1714 5125 Phoenice,
1740 5040 1862 5131 Syria,
1889 5040 2049 5136 Aegypto
2066 5055 2097 5109 et
2114 5038 2232 5108 Persia
2248 5059 2409 5125 magnam
2427 5058 2493 5125 po-

594 5124 649 5199 Ex
665 5128 780 5199 Moise
801 5147 924 5199 notum
949 5144 1000 5202 est
1025 5151 1181 5224 posteros
1207 5136 1380 5223 lsmae'lis,
1406 5141 1466 5232 qui
1518 5141 1662 5210 tentiam
1679 5142 1794 5231 adepti
1811 5155 1904 5212 sunt.
1954 5142 2077 5212 Postea
2095 5139 2248 5210 Africam
2263 5149 2373 5207 totam
2388 5159 2493 5207 occu-

491 5252 535 5298 ex
552 5224 658 5323 Agar
678 5243 782 5301 natus
798 5247 868 5318 est,
890 5232 1043 5303 tenuisse
1059 5233 1246 5324 Arabiam,
1271 5240 1356 5309 inde
1372 5239 1466 5330 Agra
1519 5255 1665 5331 parunt,
1697 5257 1731 5314 et
1755 5244 1923 5333 paulatim
1948 5246 1986 5313 in
2013 5240 2135 5315 Asiam
2166 5250 2427 5333 processerunt,
2453 5255 2493 5302 ac

490 5330 576 5400 urbs
590 5332 771 5403 nominata
790 5347 841 5404 cst
854 5334 899 5404 ab
915 5329 1012 5424 Agar
1027 5350 1136 5405 matre
1153 5337 1321 5428 lsmaelis,
1337 5360 1371 5415 et
1384 5365 1469 5433 gens
1518 5346 1585 5415 late
1610 5369 1690 5414 cum
1714 5345 1863 5436 imperio
1885 5346 1996 5434 legem
2023 5340 2297 5415 Mahometicam
2320 5356 2492 5432 propaga·
2537 5388 2541 5395 -

492 5430 631 5518 Agraei,
649 5437 709 5527 qui
725 5434 763 5502 in
778 5435 894 5525 primo
909 5435 972 5507 lib.
983 5433 1135 5525 Paralip.
1145 5440 1261 5529 cap.6.
1276 5446 1468 5514 nominan-
1517 5459 1657 5516 verunt.
2337 5448 2339 5453 ¹

490 5544 552 5601 tur
573 5528 746 5622 Agarcni,
779 5538 843 5605 ubi
866 5549 901 5608 et
922 5537 1054 5606 limites
1079 5538 1188 5607 vicini
1204 5542 1339 5617 Galaad
1364 5571 1468 5615 mou·
1616 5544 1694 5616 Etsi
1721 5560 1838 5616 autem
1860 5546 1955 5615 inter
1977 5544 2074 5635 ipsos
2096 5573 2240 5643 quoquc
2255 5538 2443 5616 seditiones
2457 5547 2492 5604 θῑ

491 5644 659 5709 strantur.
691 5635 829 5708 Nomen
844 5638 938 5708 idem
954 5634 1109 5727 Agereni
1125 5653 1218 5710 extat
1230 5643 1268 5711 in
1283 5645 1375 5719 Psal.
1386 5647 1444 5718 82.
1516 5668 1707 5735 regnorum
1730 5647 1922 5718 divisiones
1944 5661 2080 5716 secutae
2095 5667 2195 5729 sunt,
2223 5661 2262 5716 ut
2275 5645 2313 5711 in
2331 5634 2410 5708 aliis
2433 5659 2491 5706 re-

593 5730 637 5804 ln
658 5760 697 5806 ea
716 5741 879 5829 regione,
905 5740 943 5808 iu
966 5764 1034 5833 qua
1055 5741 1164 5810 fuisse
1190 5738 1370 5831 Agarenos
1393 5773 1467 5818 cer·
1515 5750 1611 5837 gnis:
1638 5764 1756 5819 tamen
1771 5748 2027 5820 Saracenorum
2042 5741 2369 5841 principesSultani
2388 5760 2491 5831 prae·

488 5846 566 5907 tum
589 5849 659 5923 est,
683 5840 834 5913 collocat
856 5840 1081 5913 Ptolemaeus
1106 5842 1318 5934 Saracenos,
1343 5866 1378 5923 et
1398 5872 1465 5920 no-
1514 5849 1653 5943 cipnam
1671 5850 1865 5943 potentiam
1882 5850 1920 5920 in
1938 5848 2061 5946 Syria,
2087 5851 2266 5943 Aegypto,
2291 5839 2432 5932 Africa,
2456 5850 2490 5907 et

448 6080 500 6137 s..

451 6160 557 6285 site
648 6224 651 6229 ·

449 6294 536 6343 Ι·,“
608 6296 641 6345 2⁸1¹*
