6025 6775
489 642 582 743 775Ι
741 637 948 711 SCRIPTA
973 637 1049 712 Pll.
1077 635 1193 713 lllEL.
1219 636 1288 710 AD
1312 638 1437 712 HlST.
1462 637 1608 715 PROF.
1634 639 1702 712 ET
1726 637 1923 714 PHILOS.
1950 638 2272 718 speculum.
2444 648 2520 723 776

492 817 624 907 inqua
654 809 774 879 literas
795 806 978 897 pinxerat,
1014 805 1122 897 capiti
1145 805 1230 876 Lini
1258 806 1382 891 illisit,
1412 831 1484 899 quo
1535 829 1636 899 saepe
1657 832 1759 878 causa
1782 808 1853 877 fuit
1876 809 2098 880 confirmatio
2122 812 2316 899 idolorum,
2339 816 2517 887 utmortis

491 917 567 987 ictu
582 911 872 982 Linusmortuus
892 918 956 976 est.
1008 904 1179 977 Scribunt
1195 903 1290 977 hcine
1314 903 1486 978 erPhoe·
1536 903 1676 999 Orphei
1694 922 1727 978 et
1742 906 1904 979 Hesiodi.
1953 905 2032 981 Etsi
2047 926 2167 984 antem
2183 914 2222 985 fit
2243 916 2373 985 mentio
2387 917 2517 988 multo·

495 1015 591 1088 nicia
623 1011 804 1082 doctrinas
833 1009 872 1076 in
897 1005 1083 1076 Graeciam
1113 1009 1280 1082 attulisse.
1338 1006 1487 1101 Reliqui
1536 1033 1615 1078 rum
1632 1010 1923 1080 aliorumvatum
1939 1012 2203 1103 rescriptorum
2223 1015 2265 1085 in
2284 1010 2517 1109 hacantiqui·

496 1116 676 1189 habentur
701 1111 806 1202 pauci
828 1108 941 1198 ipsius
967 1130 1111 1194 versus,
1146 1133 1298 1202 quorum
1321 1105 1379 1179 hic
1395 1111 1487 1179 cele·
1537 1123 1608 1181 tate
1623 1110 1759 1200 primae
1779 1105 2024 1197 monarchiae,
2048 1125 2168 1183 tamen
2190 1138 2251 1185 eos
2264 1117 2405 1189 omitto.
2452 1115 2518 1188 Ut-

498 1215 720 1292 bratissimus
742 1226 809 1282 est:
836 1201 967 1281 ‘Patra
987 1201 1112 1281 πάντα
1133 1210 1215 1307 θεῷ
1236 1208 1398 1298 τελέσαι,
1424 1205 1488 1282 καὶ
1536 1235 1678 1304 cunque
1695 1211 1789 1280 enim
1806 1235 1848 1282 ex
1863 1206 1992 1283 horum
2006 1215 2267 1302 monumentis,
2292 1241 2384 1310 quos
2400 1238 2521 1285 recen-

501 1311 714 1411 ἀντήνυτον
728 1305 851 1384 οὐδὲν.
1537 1313 1611 1392 sui,
1644 1312 1793 1402 intelligi
1823 1325 1954 1404 potest,
1982 1337 2072 1405 qnae
2093 1315 2201 1386 suerit
2221 1328 2325 1388 vetus
2349 1316 2522 1389 Graeciae

602 1408 774 1511 Orpheus
792 1412 876 1483 Lini
891 1411 1053 1497 auditor,
1078 1412 1148 1483 suit
1165 1436 1281 1483 comes
1298 1409 1488 1502 Argonau-
1537 1414 1733 1506 sapientia,
1758 1414 1854 1506 quod
1871 1415 2166 1485 considerandum
2183 1428 2246 1491 est.

501 1539 629 1595 tarum.
680 1513 830 1605 Scripsit
848 1513 941 1582 bella
959 1511 1151 1597 Titanum,
1177 1526 1211 1583 et
1228 1516 1487 1607 expeditionem
1640 1513 1889 1585 simulantem
1902 1515 2413 1604 necesseestmentecogitare,
2429 1516 2523 1608 quid

499 1622 801 1710 Argonautarum.
860 1612 1038 1685 Scribitur
1061 1615 1255 1705 discerptus
1277 1639 1349 1684 esse
1373 1638 1489 1684 amu·
1538 1615 1679 1688 intersit
1693 1616 1789 1686 iuter
1805 1609 2044 1687 Ethnicorum
2059 1610 2283 1686 etEcclesiae
2297 1616 2520 1707 sapientiam,

501 1722 649 1793 lieribus
674 1720 713 1786 iu
743 1711 918 1796 Thracia,
953 1715 1204 1807 superstitione
1235 1718 1373 1809 aliqua,
1406 1716 1489 1808 quia
1537 1731 1572 1787 et
1593 1718 1657 1787 ubi
1679 1730 1714 1787 et
1729 1739 1820 1809 quae
1840 1716 1976 1786 interea
1996 1715 2103 1787 luerit
2115 1711 2273 1787 Ecclesia
2285 1712 2361 1787 Dei.
2412 1715 2519 1786 Ami-

500 1831 698 1894 mutaverat
713 1820 818 1905 leges.
1458 1845 1460 1848 ’
1536 1830 1658 1887 serunt
1694 1819 1793 1886 enim
1832 1830 1954 1905 gentes
1984 1817 2256 1900 doctrinaque
2285 1815 2519 1907 promissione

603 1919 788 1990 Homerus
810 1916 898 1986 vixit
923 1930 999 2007 post
1016 1916 1149 1986 bellum
1168 1914 1383 2002 Troianum,
1408 1941 1487 1986 cum
1535 1918 1758 2001 mediatoris,
1792 1931 1827 1987 et
1856 1918 2029 2006 paulatim
2059 1919 2115 1987 lex
2142 1921 2238 2010 apud
2258 1911 2431 1988 Ethnicos
2453 1918 2523 1986 ob·

501 2036 617 2099 essent
631 2021 741 2091 exacti
757 2019 842 2086 anni
859 2031 999 2086 centum
1016 2032 1049 2088 et
1066 2018 1336 2109 quinquaginta,
1362 2033 1396 2089 et
1408 2032 1488 2088 ante
1536 2032 1672 2089 scutata
1688 2031 1759 2102 est,
1783 2030 1817 2086 et
1839 2020 1959 2107 magni
1974 2018 2114 2088 sutores
2125 2020 2166 2088 iu
2183 2018 2417 2109 excogitandis
2438 2017 2521 2087 ido·

502 2125 682 2199 conditam
704 2118 857 2190 Romam
883 2141 997 2187 annos
1019 2118 1159 2187 circiter
1179 2132 1321 2187 centum
1337 2134 1370 2189 et
1383 2120 1489 2213 quin·
1537 2121 1582 2191 lis
1597 2134 1631 2191 et
1645 2119 1855 2190 libidinibus
1869 2119 2000 2213 recepti
2014 2133 2108 2189 sunt.

502 2226 685 2321 quaginta.
742 2220 827 2290 Non
851 2221 975 2310 procul
1000 2222 1098 2289 abest
1119 2219 1164 2287 ab
1179 2216 1304 2288 Esaiae
1321 2236 1488 2309 tempore.

503 2327 595 2398 Eius
628 2346 768 2393 carmen
806 2321 960 2391 ostendit
990 2318 1198 2409 Principum
1233 2322 1384 2389 familias
1414 2324 1489 2389 eius
1718 2306 1785 2376 De
1816 2309 1959 2377 ἱΰῑῐίθ
1992 2302 2126 2376 urbi&
2156 2309 2340 2378 RMW·

505 2427 649 2510 aetatis,
673 2440 708 2496 et
731 2422 846 2513 pingit
865 2421 1035 2510 imagines
1056 2422 1489 2513 variarumpersonarum,
1641 2418 1750 2491 Anno
1781 2421 1908 2492 mundi
1940 2421 2051 2495 3212.
2079 2444 2175 2493 anno
2207 2422 2324 2510 primo
2355 2421 2525 2514 septimae

505 2527 755 2604 consiliorum,
796 2537 831 2593 et
865 2517 1084 2592 mirabilium
1117 2534 1305 2590 eventuum
1336 2523 1373 2589 in
1405 2524 1489 2595 vita.
1538 2519 1783 2616 Olympiadis,
1808 2524 1866 2591 die
1887 2524 1948 2596 21.
1970 2518 2125 2614 Aprilis,
2150 2524 2313 2593 videlicet
2338 2521 2526 2616 quoPali-

506 2629 608 2718 Quae
624 2625 796 2713 imagines
813 2634 896 2691 sunt
911 2622 1066 2713 exempla
1085 2637 1117 2692 et
1132 2624 1489 2693 commonefactiones
1539 2626 1587 2693 lia
1600 2625 1886 2707 celebrabantur,
1911 2624 2039 2693 urbem
2052 2621 2204 2696 Romam
2226 2627 2380 2694 condere
2395 2647 2527 2715 coepe-

506 2734 551 2800 de
572 2727 694 2797 multis
718 2724 852 2813 maguis
880 2726 998 2794 rebus.
1057 2725 1173 2793 Simul
1202 2724 1307 2794 etiam
1339 2726 1489 2794 dulcedo
1538 2738 1625 2795 runt
1644 2722 1823 2795 Romulus
1851 2737 1885 2793 et
1905 2724 2065 2808 Remus,
2096 2725 2174 2795 nati
2199 2747 2241 2793 ex
2260 2721 2365 2796 Rhea
2387 2725 2526 2819 Sylvie,

506 2827 673 2902 carminis
692 2824 871 2895 Homerici
898 2825 1072 2908 ostendit,
1106 2826 1144 2893 in
1167 2823 1286 2894 Ionica
1310 2840 1413 2915 gente
1430 2851 1491 2895 ex·
1539 2826 1736 2896 Numitoris
1758 2825 1849 2913 regis
1865 2819 1999 2894 Albani
2014 2825 2097 2893 filia.
2148 2822 2362 2897 Plutarchus
2378 2826 2526 2897 initium

505 2933 689 3002 cellentem
706 2927 970 3017 suisselinguae
986 2927 1214 3012 suavitatem,
1235 2941 1268 2998 et
1284 2951 1409 3018 magna
1426 2932 1492 2998 do-
1540 2928 1689 2997 collocat
1722 2926 1761 2994 in
1792 2949 1927 2995 anuum
1959 2926 2103 2995 tertium
2137 2940 2253 2996 sextae
2285 2922 2523 3021 Olympiadis.

506 3034 702 3105 ctrinarnm
720 3029 851 3099 studia.
1540 3025 1620 3099 Etsi
1649 3040 1766 3098 autem
1790 3027 1913 3117 exigua
1935 3026 2133 3096 differentia
2164 3041 2233 3112 est,
2267 3028 2372 3098 unius
2392 3050 2523 3120 nempe

605 3123 793 3202 Hesiodus
817 3127 921 3212 vixit,
947 3151 1026 3197 cum
1051 3128 1137 3195 anui
1156 3143 1297 3199 centum
1316 3140 1397 3217 post
1413 3125 1492 3196 Ho-
1541 3131 1645 3213 anni,
1670 3142 1789 3199 tamen
1806 3127 1924 3217 potius
1938 3127 2120 3219 sequimur
2129 3125 2344 3223 Dionysium
2359 3126 2526 3200 Halicar-

504 3257 643 3306 merum
657 3231 766 3301 exacti
782 3241 914 3313 essent,
938 3230 1122 3322 aliquanto
1144 3243 1226 3299 ante
1242 3243 1380 3319 tempus
1395 3228 1492 3298 exilii
1541 3252 1753 3302 nassensem.
1811 3226 1896 3300 Fuit
1918 3241 2035 3299 autem
2057 3251 2173 3299 annus
2196 3230 2334 3320 primus
2354 3229 2526 3323 septimae

505 3332 727 3430 Babylonici.
786 3329 871 3401 Fuit
898 3336 1061 3400 sacerdos
1090 3330 1210 3421 templi
1234 3328 1419 3401 Musarum
1452 3330 1491 3400 in
1541 3327 1769 3427 Olympiadis
1801 3353 1916 3402 annus
1946 3330 2001 3401 10.
2036 3326 2154 3400 Achas
2186 3332 2279 3422 regis
2313 3328 2421 3418 luda,
2459 3335 2526 3427 qui

506 3436 691 3509 Helicone.
742 3431 834 3502 Nam
856 3429 965 3502 Ascra
988 3431 1139 3503 Hesiodi
1160 3432 1274 3524 patria
1296 3436 1338 3502 ad
1356 3433 1492 3502 radices
1541 3435 1701 3526 proxime
1722 3433 1907 3503 antecessit
1926 3427 2136 3517 Ezechiam,
2171 3446 2325 3527 suntque
2350 3435 2395 3506 ab
2418 3434 2525 3507 initio

507 3537 640 3609 montis
670 3532 854 3603 Heliconis
883 3535 949 3603 sita
977 3535 1057 3604 suit.
1124 3532 1257 3605 Scribit
1288 3533 1492 3619 Pausanias,
1540 3535 1641 3605 urbis
1655 3533 1793 3608 Romae
1807 3535 1851 3606 ad
1865 3547 1988 3604 natum
2003 3529 2184 3605 Christum
2200 3558 2242 3605 ex
2257 3531 2412 3627 virgine,
2437 3538 2528 3608 anni

507 3640 585 3710 eius
603 3656 745 3707 carmen
759 3631 875 3704 adhuc
889 3657 953 3703 suo
969 3648 1127 3726 tempore
1141 3636 1179 3703 in
1197 3635 1372 3725 plumbeis
1388 3639 1491 3707 tabu·
1541 3637 1752 3729 septingenti
1768 3651 1802 3707 et
1816 3635 2085 3728 quinquaginta.

506 3741 553 3810 lis
575 3741 614 3807 in
638 3759 680 3804 eo
700 3737 833 3826 templo
855 3746 1033 3805 servatum
1056 3758 1141 3808 esse.
1192 3734 1255 3804 Est
1275 3751 1392 3806 autem
1409 3762 1512 3828 par-·
1643 3737 1744 3825 Quae
1763 3738 1996 3807 sueritforma
2019 3737 2155 3826 primae
2178 3738 2446 3829 gubernationis
2468 3764 2531 3812 re-

508 3841 574 3912 tim
594 3834 716 3908 concio
744 3839 788 3905 de
816 3836 991 3916 moribus,
1026 3836 1156 3925 partim
1181 3837 1269 3904 antri
1291 3839 1491 3929 descriptio,
1541 3839 1636 3929 giae,
1663 3862 1753 3932 quae
1777 3838 1877 3907 urbis
1899 3837 2133 3922 incrementa,
2160 3865 2251 3932 quae
2266 3842 2381 3931 legum
2395 3856 2429 3911 et
2441 3840 2527 3911 Ma·

508 3964 571 4013 seu
587 3953 628 4012 ut
645 3960 711 4007 nos
727 3937 972 4020 nominamus,
999 3935 1264 4008 Calendarium.
1315 3935 1368 4007 Ac
1384 3939 1490 4007 talem
1541 3941 1750 4030 gistratuum
1773 3939 1988 4009 mutationes
2018 3939 2228 4025 inciderint,
2262 3955 2390 4034 quanta
2412 3940 2523 4010 fuerit

506 4042 614 4113 fuisse
637 4034 862 4110 ethnicorum
881 4041 1100 4109 sacerdotum
1117 4039 1313 4110 doctrinam
1336 4044 1512 4131 apparet,
1542 4041 1673 4110 civium
1697 4041 1826 4124 virtus,
1852 4064 1942 4132 quae
1963 4038 2076 4126 bella,
2102 4067 2209 4135 quam
2223 4041 2309 4111 varii
2322 4052 2435 4110 motus
2450 4040 2523 4109 do·

508 4142 671 4214 videlicet
686 4153 869 4231 praecepta
892 4142 936 4209 de
952 4143 1129 4226 moribus,
1155 4152 1189 4211 et
1209 4140 1491 4234 qualemcunque
1542 4142 1693 4226 mestici,
1725 4142 1838 4210 donec
1858 4165 1897 4210 ea
1918 4142 2005 4212 urbs
2024 4142 2265 4213 monarchiam
2284 4138 2381 4211 orbis
2403 4152 2521 4210 terra-

507 4245 594 4316 anni
610 4240 901 4332 descriptionem,
924 4257 1100 4334 sumptam
1122 4244 1168 4311 ab
1185 4243 1321 4313 ortibus
1341 4259 1375 4316 et
1390 4268 1491 4313 occa·
1541 4268 1619 4314 rum
1632 4244 1758 4334 adepta
1773 4257 1845 4327 est,
1870 4241 1924 4311 Ac
1947 4243 2079 4312 deinde
2094 4245 2267 4337 mornado
2285 4240 2389 4326 luxu,
2413 4240 2522 4312 bellis

506 4346 605 4417 sibus
627 4342 824 4413 stellarum.
883 4339 1047 4412 Vetustas
1070 4357 1104 4413 et
1127 4344 1237 4413 alium
1259 4346 1391 4417 libmm
1416 4343 1491 4414 He·
1541 4344 1721 4430 civilibus,
1747 4356 1780 4413 et
1794 4343 1893 4413 fatali
1907 4345 2004 4414 orbis
2021 4345 2212 4418 mutatione
2226 4364 2349 4412 rursus
2363 4342 2525 4415 amiserit

507 4447 599 4518 siodi
621 4439 765 4526 habuit,
797 4440 1060 4531 Astrologicum
1081 4443 1264 4528 videlicet,
1290 4472 1395 4539 quem
1416 4444 1491 4514 Pli-
1541 4461 1575 4517 et
1590 4447 1755 4517 virtutem
1778 4459 1812 4515 et
1834 4446 2038 4536 imperium,
2064 4469 2104 4516 ex
2119 4442 2262 4530 integris
2285 4437 2445 4514 historiis
2460 4469 2526 4514 co-

506 4549 589 4617 nius
603 4545 700 4634 citat,
722 4543 761 4612 in
775 4567 847 4638 quo
860 4543 1019 4635 plurium
1037 4545 1219 4615 stellarum
1236 4548 1491 4640 descriptiones
1540 4549 1857 4636 gnoscendumest.
1911 4546 1990 4635 Qua
2007 4549 2046 4617 iu
2060 4545 2207 4615 lectione
2222 4544 2524 4617 considerandum

504 4647 615 4719 fuisse
630 4657 792 4736 apparet,
818 4669 925 4738 quam
946 4645 984 4712 in
1011 4669 1052 4714 eu
1068 4647 1161 4715 libro
1179 4646 1240 4737 qui
1255 4643 1370 4719 adhuc
1388 4659 1490 4724 extat.
1541 4661 1610 4725 est,
1644 4670 1770 4737 magna
1795 4648 1942 4739 imperia
1965 4648 2134 4719 divinitus
2155 4647 2347 4728 constitui,
2374 4647 2525 4718 nebant

505 4746 592 4819 Fuit
606 4744 715 4835 igitur
730 4759 831 4816 vetus
844 4746 1016 4837 sapientia
1031 4743 1200 4816 Graeciae
1218 4749 1388 4835 particula
1404 4752 1490 4840 legis
1541 4748 1699 4817 infinitae
1722 4748 1968 4840 dissipationes
1983 4743 2168 4818 hominum
2190 4748 2342 4818 assiduis
2358 4748 2525 4818 vastatio·

504 4850 549 4921 de
565 4848 744 4929 moribus,
769 4868 849 4914 cum
865 4858 990 4915 natura
1004 4860 1108 4931 nota,
1132 4859 1209 4917 tum
1230 4862 1369 4939 accepta
1386 4875 1406 4920 a
1428 4876 1491 4941 pa·
1541 4850 1647 4919 nibus
1669 4863 1702 4921 et
1717 4849 1930 4936 latrociniis,
1955 4852 2015 4921 sed
2039 4849 2161 4943 aliquo
2176 4850 2283 4921 modo
2299 4849 2444 4921 societas
2461 4872 2525 4941 ge·

504 4951 629 5025 tribus.
689 4945 800 5027 ltem,
826 4943 1015 5040 Inquisitio
1038 4942 1230 5019 herbarum
1256 4963 1290 5021 et
1314 4953 1490 5024 remedio-
1540 4952 1636 5022 neris
1655 4945 1803 5021 humani
1825 4965 2069 5038 conservetur,
2094 4964 2130 5022 et
2143 4951 2398 5045 aliquantisper
2416 4952 2525 5021 lami·

504 5075 606 5134 rum,
630 5048 867 5120 consideratio
882 5048 1080 5136 stellarum,
1105 5064 1139 5123 et
1155 5050 1410 5149 qualiscunque
1425 5078 1490 5126 an·
1540 5054 1608 5124 liae
1629 5053 1668 5122 iu
1689 5053 1814 5123 iisdem
1837 5056 1979 5125 sedibus
2001 5067 2189 5138 maneant,
2213 5052 2286 5124 siut
2302 5053 2411 5144 leges,
2435 5076 2523 5124 con·

504 5151 547 5221 ni
573 5150 774 5240 descriptio.
832 5145 881 5221 Et
909 5150 948 5220 in
982 5145 1040 5221 his
1061 5153 1234 5224 doctrinis
1263 5158 1488 5250 praecipuam
1541 5156 1654 5246 ingla,
1681 5156 1878 5245 procreatio
1893 5169 1927 5225 et
1943 5156 2106 5228 educatio
2120 5154 2269 5240 sobolis,
2296 5155 2437 5238 indicia,
2461 5153 2521 5223 di-

504 5262 642 5345 partem
668 5272 688 5317 a
708 5245 948 5323 Phoenicibus
980 5267 1014 5324 et
1044 5251 1229 5349 Aegyptiis
1258 5261 1409 5351 accepit,
1443 5263 1488 5330 ad
1539 5257 1707 5349 sciplina,
1733 5271 1843 5341 artes,
1865 5260 2052 5349 praecipue
2075 5282 2159 5326 vero
2174 5269 2215 5327 ut
2231 5271 2265 5327 et
2279 5252 2432 5326 Ecclesia
2454 5248 2522 5325 ha-

505 5373 596 5449 quos
611 5348 715 5421 multi
731 5352 956 5445 navigarunt.
1512 5348 1515 5355 ’
1537 5360 1620 5429 beat
1641 5352 1804 5449 hospitia.
1855 5356 1971 5427 Simul
1992 5375 2110 5429 autem
2126 5355 2222 5427 Deus
2244 5380 2307 5447 per
2328 5355 2475 5449 imperia
2490 5370 2527 5427 et

464 5533 466 5537 ¹
606 5447 804 5525 Hesiodum
830 5456 992 5524 scribunt
1016 5475 1136 5523 senem
1164 5455 1388 5527 intersectum
1416 5483 1489 5528 esse
1512 5418 1515 5493 i
1539 5460 1644 5549 punit
1664 5456 1849 5529 latrocinia
1870 5472 1905 5528 et
1929 5460 1998 5529 alia
2020 5460 2168 5541 scelera,
2202 5470 2236 5527 et
2260 5453 2443 5550 prohibet,
2478 5481 2526 5528 ne

502 5557 547 5627 ab
580 5549 802 5647 hospitibus,
843 5574 906 5621 sen
940 5574 1060 5621 cuore
1094 5577 1156 5626 seu
1189 5559 1340 5647 praedae
1372 5580 1487 5632 causa.
1539 5559 1663 5629 iniusti
1680 5581 1776 5649 reges
1791 5571 1823 5627 et
1839 5573 1959 5648 gentes
1973 5561 2080 5632 latius
2094 5572 2305 5652 grassentur.

501 5652 783 5729 considerentur
802 5662 920 5721 autem
944 5650 1141 5723 multorum
1163 5656 1411 5727 excellentium
1432 5658 1488 5725 vi·
1640 5654 1834 5731 Constituit
1861 5675 1980 5734 autem
1999 5661 2096 5735 Deus
2124 5661 2271 5754 imperia
2301 5659 2528 5731 mirabiliter.

503 5775 626 5831 totum
655 5755 773 5827 tristes
800 5748 983 5835 interitus,
1015 5773 1169 5844 quorum
1196 5758 1290 5845 apud
1314 5748 1489 5829 Ethnisos
1537 5753 1618 5829 Etsi
1640 5759 1736 5828 enim
1764 5776 1878 5843 armat
1902 5764 2034 5837 virtute
2063 5763 2203 5856 aliquos
2231 5761 2387 5855 insigues
2407 5765 2529 5847 doces,
