6025 6775
395 754 473 829 ⁵17

502 921 562 991 18.
599 915 834 1010 Evangelium
859 914 962 1004 erigit
983 925 1019 984 et
1039 918 1245 990 consolatur
1267 910 1390 986 humi·

400 1027 520 1107 liatos,
546 1023 701 1111 gratuita
715 1018 976 1090 condonatione
991 1032 1228 1108 peccatorum,
1255 1032 1289 1090 et
1304 1043 1389 1111 pro-

401 1127 573 1195 missione
590 1124 766 1193 bouorum
782 1118 897 1188 omnis
917 1120 1068 1207 generis.

508 1238 567 1311 14,
611 1237 750 1321 11111111
766 1229 971 1305 Christiana
994 1257 1034 1304 ea
1056 1238 1199 1306 demum
1223 1248 1293 1322 est,
1320 1237 1388 1305 lide

403 1344 512 1433 erigi,
539 1355 573 1411 et
593 1335 826 1432 tranquillum
841 1335 919 1406 lieri
937 1360 1000 1406 cor
1022 1331 1262 1410 humiliatum.

402 1562 431 1630 p
507 1458 562 1531 15.
606 1455 690 1526 Sola
712 1454 774 1526 illa
788 1455 876 1526 fides
900 1449 1003 1528 novit
1015 1450 1151 1536 Deum,
1178 1469 1212 1527 et
1235 1454 1390 1550 adpellat

433 1576 550 1632 atram.

499 1673 559 1744 16.
588 1670 698 1745 Ratio
719 1696 784 1744 nec
799 1671 915 1748 Deum
940 1671 1060 1758 novit,
1085 1695 1150 1744 nec
1165 1671 1305 1747 Patrem
1322 1699 1388 1767 po-

399 1790 462 1848 test
479 1799 616 1850 vocare.

504 1892 563 1967 17.
606 1887 661 1963 Ea
678 1893 765 1962 fides
779 1893 895 1965 cernit
911 1893 1059 1965 unicum
1082 1890 1293 1965 sacrificium
1314 1915 1388 1963 esse

401 1995 566 2085 spiritum
587 1994 795 2067 contritum.
848 1993 1004 2094 Ideoque
1025 1994 1200 2089 patienter
1213 1995 1282 2067 fert
1295 1996 1389 2066 affli-

399 2098 555 2168 ctionem
570 2119 633 2168 scu
651 2120 802 2168 crucem.

504 2216 564 2287 18.
589 2213 698 2289 Ratio
716 2227 837 2286 contra
855 2216 894 2285 in
910 2216 1068 2288 adversis
1091 2217 1211 2298 rebus,
1236 2230 1299 2286 aut
1317 2215 1388 2285 ira·

401 2318 510 2388 scitur
518 2315 606 2403 Deo,
620 2331 684 2388 aut
698 2317 804 2408 plane
818 2331 921 2409 negat
938 2320 970 2387 ei
985 2314 1143 2387 humana
1157 2337 1231 2384 esse
1248 2339 1363 2391 curae.
1394 2379 1397 2386 .

505 2436 565 2510 19.
603 2431 674 2506 Sed
691 2432 846 2524 Spiritus
866 2447 1007 2507 sanctus
1022 2432 1127 2501 fidem
1145 2432 1238 2523 parit
1255 2433 1294 2500 in
1308 2456 1387 2502 cor-

401 2537 663 2622 dibuscorum,
687 2535 751 2628 qui
767 2537 1051 2619 sanctificantur,
1076 2555 1168 2628 quae
1190 2534 1296 2614 sentit
1308 2529 1385 2605 Deo

398 2661 467 2709 nos
483 2658 559 2708 esse
578 2660 693 2712 curae.

499 2753 561 2823 20.
599 2751 751 2824 Fructus
768 2747 915 2843 spiritus
940 2765 1013 2836 est,
1037 2774 1138 2822 amor
1155 2749 1251 2843 pacis
1265 2753 1387 2843 publi-

401 2878 482 2942 cae,
505 2867 541 2926 et
555 2878 620 2947 pro
637 2876 679 2924 ea
694 2853 937 2924 conservanda
951 2853 1051 2924 iubet
1064 2876 1167 2923 orare
1180 2849 1387 2945 Apostolus,

401 2959 484 3030 ilem
503 2955 682 3028 Ieremias·
1178 2973 1180 2978 “

501 3077 564 3148 21.
599 3070 647 3144 Et
665 3094 744 3142 cum
761 3065 1005 3155 Christianus,
1031 3096 1145 3165 neque
1163 3069 1316 3142 Iudaeus
1331 3073 1387 3153 sit,

401 3199 517 3270 nequa
537 3174 730 3258 Graecus,
776 3171 865 3241 citra
905 3173 1139 3244 conscientiae
1168 3174 1387 3267 periculum,

400 3278 708 3372 qualibuscunque
722 3272 858 3366 politiis
873 3273 999 3347 utitur.
1126 3303 1131 3308 ·
1190 3301 1194 3310 ·

504 3396 566 3471 22.
599 3393 678 3466 Imo
695 3404 915 3486 praesentem
931 3392 1092 3485 politiam
1107 3407 1253 3487 propter
1266 3416 1387 3486 pacem

400 3500 508 3571 debet
520 3499 622 3568 ferre.

507 3613 570 3687 23.
603 3610 798 3682 Estautem
817 3610 958 3701 politia,
986 3611 1099 3680 civilis
1112 3610 1309 3693 ordinatio,
1335 3612 1388 3681 le-

403 3738 487 3808 ges,
512 3711 661 3797 iudicia,
685 3712 860 3783 bonum·
875 3713 1023 3799 divisio,
1046 3714 1204 3799 libertas,
1228 3717 1387 3789 servitus.

505 3834 567 3907 24.
609 3828 731 3917 Nunc,
762 3831 824 3925 qui
848 3833 1122 3918 decimationes,
1151 3833 1215 3926 qui
1237 3835 1389 3909 servit&

403 3953 493 4023 tem,
520 3947 586 4006 aut
607 3933 738 4004 similia
766 3932 1001 4021 labefaciunt,
1032 3934 1152 4026 impii,
1183 3959 1257 4004 non
1280 3932 1389 4005 Chri-

405 4037 507 4110 stiani
530 4048 634 4118 sunt,
661 4049 697 4108 et
719 4046 806 4107 sunt
829 4034 1133 4127 aMagistratibus
1150 4036 1269 4125 gladio
1285 4040 1389 4109 eoe'r·

403 4140 517 4214 cendi.

406 4374 616 4471 (XLVIII.)
649 4379 762 4452 atta
790 4373 1087 4466 disputottoa
1122 4375 1170 4448 de
1194 4377 1389 4477 1111111111-

406 4487 521 4553 tione.
573 4485 698 4564 Quare
715 4477 794 4578 1111
812 4477 895 4551 sola
917 4472 1185 4574 iustificemur,
1217 4505 1293 4555 11111
1313 4479 1388 4581 fide

407 4578 634 4674 assperitas
647 4585 774 4656 11111111.
829 4582 935 4674 (Opp.
952 4583 1045 4650 Basti.
1064 4585 1105 4653 T.
1119 4582 1178 4657 llI.
1192 4610 1225 4672 p.
1241 4592 1327 4671 322,
1336 4594 1390 4654 ubi

711 4688 870 4775 Cruoigero
886 4689 1089 4769 adscribitur.)

409 4838 640 4935 Adversarii,
666 4850 696 4917 si
722 4851 785 4942 qui
808 4863 891 4921 sunt
909 4848 1082 4935 saniores,
1107 4853 1309 4923 concedunt
1323 4852 1391 4945 ipsr

407 4970 528 5031 nunc,
552 4952 647 5039 quod
669 4951 846 5022 dubitatio
859 4951 906 5021 sit
920 4950 1040 5043 impia.

513 5069 550 5137 2.
590 5063 710 5155 Quare
733 5069 949 5156 concedunt,
976 5072 1072 5164 quod
1090 5071 1157 5141 fide
1174 5083 1208 5141 et
1224 5072 1392 5163 operibus

411 5166 497 5241 iusti
511 5168 636 5243 simus.

510 5270 546 5340 8.
586 5266 635 5341 Et
661 5272 758 5364 quod
780 5272 866 5343 fides
893 5270 937 5341 sit
959 5296 1060 5342 causa
1082 5274 1307 5368 principalis,
1331 5298 1393 5345 seu

411 5373 505 5465 quod
520 5396 627 5464 opera
644 5374 905 5467 aliquantulum
920 5368 1074 5445 habeant
1088 5378 1281 5468 dignitatis,
1297 5381 1392 5471 quod

410 5488 444 5546 et
465 5475 550 5546 fides
572 5476 734 5568 suppleat
758 5478 957 5572 reliquum,
988 5479 1163 5573 quidquid
1190 5483 1286 5550 deest
1309 5505 1394 5574 ope-

410 5575 517 5647 ribus.

511 5677 546 5752 4.
584 5677 684 5753 Haec
709 5682 851 5753 videtur
876 5681 950 5771 illis
977 5678 1180 5750 civilissima
1201 5683 1291 5753 ratio
1314 5706 1399 5771 esse,

1035 741 1299 817 11111111
1339 737 1793 834 11111111101111.

2354 756 2430 836 sta

1543 910 1578 988 5.
1612 913 1727 986 Nemo
1743 916 1838 985 enim
1856 915 2080 994 eruditorum
2093 921 2182 991 adeo
2198 944 2295 993 nune
2309 946 2431 997 11111111

1442 1030 1512 1102 111,
1536 1030 1578 1088 ut
1600 1017 1693 1089 dicat
1712 1032 1822 1089 totam
1844 1042 1984 1090 111111111
2007 1033 2070 1090 111
2088 1023 2321 1114 principalem
2345 1050 2432 1097 cau·

1439 1143 1513 1188 sam
1533 1118 1791 1191 iustificationis
1808 1144 1879 1190 esse
1895 1145 2014 1213 opera,
2063 1118 2112 1195 Et
2127 1121 2255 1195 Eccius
2278 1127 2318 1196 in
2339 1152 2428 1198 con-

1442 1232 1551 1292 ventu
1567 1217 1774 1310 Augustano
1791 1223 2007 1294 concedebat
2021 1223 2090 1296 lide
2106 1226 2289 1297 iustificari
2308 1224 2427 1300 homi·

1440 1345 1522 1405 nes,
1556 1335 1723 1414 tanquam
1748 1324 1938 1414 principali
1963 1349 2085 1409 causa,
2122 1328 2309 1419 operibus,
2344 1344 2426 1401 tan·

1440 1448 1546 1517 quam
1564 1425 1682 1493 minus
1697 1424 1885 1517 principali
1901 1450 2018 1498 causa.

1541 1523 1580 1595 8.
1621 1523 1692 1596 Sed
1715 1552 1781 1598 nos
1796 1527 2038 1614 defendimus,
2064 1523 2228 1602 homines
2242 1531 2426 1604 iustificari

1440 1625 1513 1712 sola
1527 1625 1614 1710 lide,
1637 1621 1706 1697 hoe
1720 1643 1783 1715 est,
1807 1630 1883 1700 sola
1899 1629 2142 1701 misericordia
2156 1646 2300 1726 propter
2317 1627 2424 1706 Chri·

1439 1741 1533 1798 stum
1549 1727 1733 1814 promissa.

1540 1824 1577 1896 7.
1611 1823 1688 1898 Etsi
1705 1844 1821 1907 autem
1837 1833 2075 1920 obedientiam
2098 1856 2180 1924 erga
2196 1834 2308 1926 legem
2324 1841 2424 1931 sequi

1440 1951 1581 1999 neeesse
1603 1942 1672 2015 est,
1697 1944 1815 2016 tamen
1837 1929 1922 2003 haec
1943 1936 2145 2008 obedientia
2161 1960 2237 2008 non
2254 1951 2305 2008 est
2320 1962 2425 2010 causa

1440 2029 1715 2119 iustificationis,
1753 2057 1869 2126 neque
1894 2035 2122 2127 principalis,
2161 2062 2277 2132 neque
2304 2039 2424 2112 minus

1440 2132 1659 2224 principalis.

1541 2234 1577 2324 d.
1616 2231 1687 2304 Sed
1708 2233 1910 2306 iustificatio
1933 2239 1979 2308 ad
2006 2239 2118 2308 solam
2144 2241 2426 2316 misericordiam

1439 2335 1669 2422 transfertur,
1700 2347 1742 2406 ut
1762 2336 1807 2408 sit
1828 2352 1940 2425 certa,
1964 2351 2053 2410 esset
2074 2353 2192 2412 autem
2214 2340 2370 2425 ineerta,
2394 2345 2426 2414 si

1440 2438 1610 2526 penderet
1625 2460 1665 2505 ex
1679 2437 1884 2508 conditione
1899 2440 2006 2529 legis,
2031 2441 2106 2511 sive
2118 2454 2158 2513 ut
2175 2466 2300 2514 causae
2320 2446 2425 2536 prin-

1439 2537 1580 2629 cipalis,
1605 2537 1680 2608 sive
1695 2550 1735 2607 ut
1753 2562 1877 2609 causae
1892 2542 2012 2612 minus
2026 2543 2241 2634 principalis.
2268 2592 2270 2598 ·

1539 2644 1573 2714 9.
1615 2635 1682 2710 Est
1705 2663 1788 2711 sane
1809 2635 2043 2737 παράδοξον,
2058 2646 2204 2736 dicere,
2230 2648 2327 2739 quod
2348 2646 2425 2718 sola

1438 2739 1507 2807 lide
1524 2739 1608 2808 iusti
1624 2740 1751 2827 simus,
1776 2741 1929 2815 multum
1948 2746 2042 2813 enim
2059 2748 2308 2819 scandalorum
2323 2747 2426 2819 vide·

1439 2853 1498 2910 tur
1513 2862 1637 2930 parere
1650 2841 1738 2930 Iegis
1752 2843 1953 2934 abrogabo,
1977 2847 2039 2914 sed
2063 2842 2150 2916 haec
2165 2849 2327 2917 doctrina
2341 2872 2424 2939 per·
2536 2890 2545 2906 ·

1341 3021 1345 3030 ¹
1439 2942 1549 3026 tinet,
1575 2964 1651 3011 non
1665 2943 1708 3009 ad
1725 2942 1833 3012 vitam
1848 2946 2075 3031 exteriorem,
2098 2950 2159 3016 sed
2185 2950 2228 3016 ad
2246 2961 2423 3018 certamen

1439 3042 1675 3122 conscientiae
1689 3043 1841 3114 luctanis
1860 3069 1939 3116 cum
1952 3046 2085 3116 iudicio
2100 3044 2181 3118 Dei.
2400 3129 2402 3134 Ι

1545 3145 1603 3217 10.
1642 3143 1756 3215 Porro
1769 3145 1810 3235 in
1827 3140 1896 3216 hoe
1911 3147 2101 3218 certamine
2117 3147 2334 3219 conscientia
2348 3172 2423 3218 uon

1440 3259 1555 3340 potest
1567 3246 1797 3339 acquiescere,
1810 3247 1838 3315 si
1855 3248 2018 3342 respiciat
2031 3249 2076 3318 ad
2087 3249 2210 3339 legem.
2235 3248 2310 3321 Lex
2323 3249 2421 3320 enim

1439 3349 1530 3419 iram
1546 3347 1669 3434 efficit,
1694 3362 1736 3419 ut
1755 3348 1810 3419 ait.
1818 3346 1969 3439 Paulus,
1993 3347 2102 3426 Rom.
2117 3351 2155 3425 5.

1546 3451 1603 3521 11.
1642 3449 1781 3521 Deinde
1804 3442 2009 3522 etiam'haec
2024 3453 2251 3524 incommoda
2264 3475 2423 3545 sequun-

1441 3565 1511 3622 tur.
1561 3551 1875 3649 Sialiquantulum
1892 3553 1979 3646 legis
2005 3555 2153 3641 sufficit,
2181 3576 2248 3625 nec
2267 3567 2342 3625 tota
2365 3553 2438 3623 lex<

1438 3653 1651 3748 requiritur,
1677 3667 1738 3725 aut
1752 3656 1881 3743 gradus
1895 3655 1982 3746 legis
1995 3657 2264 3727 constituendus
2275 3667 2340 3740 est,
2362 3667 2425 3726 aut

1440 3757 1666 3826 concedenda
1681 3757 1796 3826 maior
1810 3760 1942 3848 peccati
1955 3759 2112 3840 licentia,
2137 3783 2212 3829 non
2229 3768 2343 3849 potest
2357 3778 2423 3827 au·

1440 3870 1512 3929 tem
1526 3859 1655 3949 gradus
1672 3858 1758 3947 legis
1775 3859 1942 3930 constitui
1958 3873 2086 3934 certus.

1544 3963 1603 4032 12.
1636 3958 1839 4029 lustifrcatio
1855 3964 1947 4052 apud
1964 3960 2117 4037 Paulum
2137 3958 2350 4051 intelligitur
2364 3982 2423 4030 re·

1440 4061 1565 4147 111111,
1591 4062 1635 4130 (11
1657 4060 1902 4151 acceptatione.

1548 4179 1605 4249 18.
1635 4175 1718 4246 Non
1731 4199 1853 4245 sumus
1868 4175 1971 4257 iusti,
1994 4202 2109 4271 neque
2125 4179 2293 4273 operibus
2307 4199 2425 4270 neque

1441 4282 1598 4351 novitate
1612 4291 1732 4347 nostra
1749 4291 1828 4368 post
1839 4280 2158 4370 regenerationem,
2183 4282 2245 4351 sed
2266 4279 2342 4350 sola
2354 4276 2424 4347 mi-

1440 4381 1652 4464 sericordia,
1673 4379 1704 4449 si
1718 4393 1836 4449 tamen
1854 4380 2067 4473 accipiamus
2090 4405 2167 4451 eam
2187 4383 2271 4451 fide.

1547 4498 1605 4574 14.
1646 4498 1753 4571 Fides
1773 4513 1889 4573 autem
1917 4502 1992 4593 ipsa
2013 4514 2065 4571 est
2088 4500 2220 4570 noticia
2243 4520 2326 4570 vera
2343 4494 2424 4583 Dei,

1442 4603 1750 4695 Iegisobedientia‚
1766 4601 1920 4674 incoatio
1934 4604 2025 4674 vitae
2038 4615 2211 4684 aeternae,
2226 4596 2351 4672 lohan.
2362 4598 2426 4671 17.

1442 4707 1539 4780 11111
1552 4719 1605 4776 111
1619 4707 1690 4776 vita
1708 4719 1861 4788 aeterna,
1872 4718 1914 4777 ut
1930 4717 2123 4794 agnoscant
2136 4718 2173 4775 te
2185 4699 2425 4775 solumDeum

1379 4852 1388 4871 ·
1442 4833 1586 4895 verum,
1612 4821 1647 4879 et
1664 4830 1770 4901 quem
1787 4807 1914 4878 misisti
1932 4805 2049 4880 Iesum
2063 4802 2254 4880 Christum.

1549 4924 1608 5000 15.
1650 4923 1817 5016 Impietas
1840 4927 2051 4998 statuentia
2071 4938 2124 4996 est
2144 4925 2297 5014 lingere,
2329 4918 2427 5014 quod

1445 5045 1626 5124 peccatum
1648 5028 1851 5117 remittatur
1865 5042 2021 5119 propter
2044 5026 2313 5109 contritionem,
2344 5043 2426 5092 eum

1444 5132 1611 5204 contritio
1626 5128 1745 5220 potins
1759 5150 1856 5235 mors
1870 5128 1934 5214 sit,
1958 5152 2034 5199 non
2049 5128 2134 5203 vita.

1548 5250 1606 5322 16.
1631 5246 1737 5317 Fides
1753 5244 1945 5331 necessaria
1964 5261 2015 5319 est
2030 5247 2075 5318 ad
2089 5242 2332 5317 remissionem
2345 5262 2427 5345 pec-

1446 5366 1624 5436 catorum,
1650 5364 1690 5421 ut
1706 5371 1811 5441 supra
1827 5350 1961 5421 dictum
1985 5362 2057 5420 est.¹

1550 5470 1609 5543 17.
1642 5465 1838 5552 Confessio,
1865 5461 2021 5554 1111111,
2045 5465 2264 5538 enumeratio
2279 5460 2428 5534 delicto-

1448 5596 1529 5643 rum
1546 5596 1622 5640 non
1638 5582 1689 5640 est
1704 5569 1896 5639 necessaria
1913 5582 1947 5639 et
1963 5581 2015 5640 est
2038 5566 2278 5661 impossibilis.

1554 5690 1612 5761 18.
1651 5681 1841 5756 Absolutio
1866 5686 2002 5778 privata
2024 5711 2099 5758 non
2120 5697 2170 5754 est
2185 5676 2431 5771 improbanda.

413 5780 602 5871 redigendi
618 5782 658 5852 in
674 5783 902 5894 concordiam
918 5780 1114 5879 sententias
1124 5782 1168 5850 de
1181 5782 1249 5854 lide
1263 5798 1297 5856 et
1314 5810 1399 5879 ope·
1420 5824 1428 5887 q
1451 5789 1542 5861 Nam
1557 5786 1791 5879 Evangelium
1808 5800 1842 5857 11
1855 5788 2022 5859 omnibus
2040 5800 2075 5859 et
2097 5780 2245 5872 singulis
2258 5778 2362 5851 offert
2374 5801 2433 5851 re·

409 5880 522 5959 ribus.

1450 5891 1656 5962 missionem
1670 5903 1904 5984 peccatorum.

1834 5992 1911 6064 88*

2187 6066 2192 6075 s
