6025 6775
442 747 517 819 837
1119 737 1148 813 l.
1199 729 1493 810 CHRONICON
1517 729 1766 809 CARIONlS.
2375 737 2449 811 838

444 914 532 1004 spici
555 913 684 1003 possit,
717 913 812 1003 quod
837 909 920 979 dicit
943 905 1167 991 Herodotus,
1201 906 1308 976 etiam
1330 905 1423 997 opti·
1448 897 1660 990 'vaticinia,
1702 904 1900 994 ingreditur
1934 904 2076 987 urbem,
2120 916 2156 973 et
2181 902 2233 973 ibi
2262 904 2450 993 legationes

443 1038 542 1083 mum
567 1015 682 1079 virum
700 1012 738 1078 in
755 1025 847 1081 tanta
865 1009 1020 1098 potentia
1037 1008 1227 1096 corrumpi.
1272 1001 1423 1076 Eiron
1474 1006 1635 1074 omnium
1660 1007 1816 1093 gentium
1840 1005 1959 1089 audit,
1987 1005 2164 1093 cognoscit
2186 1008 2451 1092 controversias,

444 1128 527 1183 sunt
549 1113 658 1182 dicta:
685 1110 879 1180 Luxuriant
901 1107 1011 1176 animi
1033 1108 1140 1175 rebus
1155 1107 1352 1197 plerunque
1367 1128 1424 1175 sc·
1472 1103 1655 1175 constituit
1687 1105 1885 1197 provincias
1907 1118 1942 1174 et
1962 1104 2092 1194 legatos
2116 1105 2220 1192 regiis
2242 1106 2449 1176 muneribus

445 1214 570 1282 cundis
588 1227 650 1281 etc.
918 1281 921 1287 ,
1471 1206 1591 1275 donat.
1653 1203 1777 1290 Postea
1798 1208 1932 1275 dedens
1951 1228 2024 1275 sese
2044 1206 2301 1297 voluptatibus,
2336 1220 2446 1276 certa-

446 1299 450 1306 ·
545 1310 680 1381 Mirum
709 1321 758 1376 est
783 1302 918 1386 autem,
950 1329 1025 1374 non
1044 1305 1160 1374 solum
1184 1327 1330 1395 corpora
1354 1298 1421 1372 ho·
1469 1306 1567 1373 mina
1587 1307 1784 1395 potentium
1807 1320 1904 1378 tanta
1927 1306 2101 1392 instituit,
2126 1321 2166 1376 ut
2183 1306 2293 1397 aliqui
2310 1307 2346 1374 in
2362 1330 2449 1375 con·

443 1415 577 1481 minum
594 1422 627 1477 et
643 1409 876 1496 possessiones
890 1407 1018 1475 mutari
1033 1420 1066 1474 et
1084 1404 1214 1487 deleri,
1240 1404 1299 1474 sed
1315 1404 1419 1472 etiam
1469 1405 1573 1476 viviis
1587 1407 1703 1476 subito
1717 1409 2011 1496 extinguerentur.
2057 1405 2135 1499 lpse
2149 1420 2286 1477 tantum
2301 1409 2345 1477 ad
2360 1409 2447 1477 duas

442 1509 635 1599 sapientian
666 1521 700 1576 et
724 1508 890 1576 virtutem
915 1506 953 1573 in
976 1506 1114 1593 anima,
1148 1529 1236 1597 quae
1261 1516 1345 1573 sunt
1365 1526 1420 1571 res
1468 1499 1574 1576 choas
1589 1509 1775 1595 processit,
1800 1509 1835 1577 id
1854 1520 1922 1588 est,
1948 1521 2028 1577 octo
2044 1507 2221 1581 sextarios.

440 1610 631 1695 firmiffl'ess
678 1604 893 1693 langssefiefl·
963 1603 1157 1676 Ul¹1¹5¹¹¹¹⁸
1191 1605 1321 1678 mirum
1358 1615 1421 1687 ‘sb
1569 1619 1672 1689 Tunc
1689 1639 1804 1694 autem
1822 1620 2447 1696 interAulicosColacasfamiliaris-

440 1730 567 1798 ⁰⁰¹P¹1⁵
594 1706 677 1775 lulli
702 1707 923 1777 inleffffllum
951 1729 1043 1790 ‘⁵⁸⁰2
1077 1729 1181 1796 <luam
1212 1703 1419 1795 Saplfflllaffl
1469 1718 1579 1786 simus
1600 1720 1631 1788 ei
1647 1722 1716 1793 suit
1732 1720 1923 1795 Thessalus
1940 1724 2104 1815 quidam,
2128 1725 2273 1792 nomine
2293 1722 2446 1801 Medius,

441 1825 475 1879 et
489 1810 658 1877 virtutem
675 1807 899 1875 excellentem
914 1806 953 1874 in
967 1803 1119 1874 Hercule
1134 1805 1321 1874 extinctam
1337 1826 1420 1887 esse,
1469 1820 1569 1888 cuius
1585 1815 1652 1888 hoc
1667 1835 1718 1890 est
1736 1823 1886 1893 dicrum,
1908 1822 2087 1894 Audacter
2101 1825 2330 1904 calumniare,
2356 1846 2445 1890 sem.

442 1911 503 2002 qni
524 1912 642 1976 lurens
665 1906 952 1977 interfecitlilios.
1002 1905 1243 1993 Agnoscamus
1256 1906 1366 1992 igitur
1382 1904 1419 1970 in
1469 1943 1533 2008 pe„
1554 1920 1688 2012 ,liquid
1711 1916 1840 1992 haeret,
1893 1921 1950 1992 Ab
1973 1919 2226 1994 hoc'shessapo
2246 1925 2447 1991 ,ocarusad

441 2006 497 2078 hl⁵
514 2003 703 2077 h⁰fl⁰¹¹dl⁵
721 2007 887 2098 exemplis
903 2006 1181 2075 lmh⁰⁰ll¹ll²lem
1197 2005 1333 2093 generis
1349 1998 1419 2072 hu·
1468 2021 1670 2089 convivium
1687 2006 1914 2109 cum'largius
1929 2023 2090 2103 bibisset,
2115 2023 2232 2093 subito
2248 2024 2355 2092 sensit
2372 2047 2447 2089 ma-

439 2109 556 2187 mni,
589 2120 623 2176 θῑ
650 2108 818 2190 Scimus,
849 2106 1039 2196 Ρθῑθῐῑᾶϋῐῖι
1064 2129 1136 2175 0⁵⁵0
1159 2103 1293 2188 aDeo,
1325 2119 1365 2175 1¹1
1387 2118 1419 2173 θῑ
1467 2142 1576 2208 gnum
1600 2121 1792 2191 cruciatum
1818 2122 1912 2190 inter
1936 2124 2112 2212 scapulas,
2137 2125 2174 2191 in
2200 2124 2359 2204 coloso,
2384 2122 2446 2214 qui

441 2209 600 2298 c⁰ll¹⁰fl⁵
617 2208 881 2277 ‘lanlffllbfflffl
898 2207 1150 2293 ¹¹⁰bl⁸⁸²lvssls
1176 2218 1210 2274 el
1227 2205 1418 2293 ⁰⁰gll0ffl1¹⁸
1467 2222 1673 2290 nominatur
1691 2213 1944 2316 μετάφρενον,
1978 2222 2041 2291 ubi
2064 2224 2236 2293 orificium
2260 2222 2446 2292 ventriculi

329 2368 331 2371 -
440 2310 572 2379 dictum
596 2306 777 2375 Ieremias:
803 2305 885 2375 scio
899 2304 1075 2386 Domine,
1101 2329 1174 2374 non
1196 2320 1246 2375 est
1262 2302 1418 2373 hominis
1467 2320 1647 2408 alligatum
1670 2335 1721 2391 est
1743 2322 1865 2412 spinae
1885 2322 2000 2408 dorsi,
2024 2324 2115 2392 sicut
2127 2325 2296 2393 usitatum
2314 2337 2383 2407 est,
2408 2321 2447 2388 in

439 2412 496 2477 vla
519 2409 604 2476 elffi-
654 2403 701 2476 El
727 2404 899 2475 Danieli&
932 2403 1027 2474 ⁰⁸⁰⁵
1047 2407 1107 2476 dal
1132 2406 1337 2516 Saplt'ssfiflffl
1363 2428 1416 2473 ⁵³·
1467 2446 1507 2489 co
1527 2423 1605 2490 loco
1629 2424 1818 2491 cruditates
1842 2424 1977 2493 sentiri.
2027 2420 2115 2493 lnde
2131 2436 2165 2492 et
2181 2424 2287 2491 febris
2302 2435 2448 2513 sequuta

404 2560 408 2567 ·
441 2509 628 2597 Plfflllbfli·
1466 2536 1533 2605 est,
1559 2523 1596 2589 in
1621 2547 1690 2615 qua
1714 2547 1788 2591 non
1808 2525 1979 2594 abstinuit
1994 2547 2012 2592 a
2029 2524 2124 2595 vino.
2176 2521 2323 2592 Initium
2339 2523 2446 2614 febris

541 2606 694 2675 Tristius
716 2617 766 2672 est
789 2603 897 2691 igitur
911 2606 948 2672 in
965 2602 1185 2690 Alexandro,
1211 2604 1304 2697 quod
1321 2614 1417 2672 tanta

439 2710 552 2778 virtus
562 2704 779 2793 languefacta
790 2717 852 2787 cst,
872 2729 976 2797 quam
988 2708 1081 2795 quod
1094 2729 1219 2795 corpus
1230 2706 1415 2772 immatura

437 2823 550 2880 morte
564 2808 678 2897 periit.
719 2804 813 2873 Ante
829 2817 963 2895 captam
979 2803 1196 2899 Babylonem
1212 2805 1281 2873 fuit
1294 2804 1416 2872 mode-

437 2923 521 2992 stus,
546 2922 754 2995 temperans,
778 2907 815 2970 in
830 2904 976 2995 imperio
992 2906 1116 2986 iustus,
1139 2929 1213 2974 non
1228 2903 1416 2990 indulgens

437 3012 509 3079 irae
522 3022 560 3077 ut
575 3008 742 3075 iniustam
756 3005 995 3076 crudelitatem
1013 3019 1202 3089 exerceret,
1227 3004 1363 3095 sapiens
1378 3002 1416 3069 in

410 3145 414 3150 ·
437 3108 677 3198 praeficiendis
697 3105 1002 3192 gubernatoribus.
1052 3103 1152 3176 Nihil
1171 3105 1278 3194 igitur
1295 3103 1335 3172 in
1352 3102 1416 3170 illo

438 3207 586 3297 imperio
607 3201 790 3297 pulchrius
803 3219 878 3275 erat
893 3207 969 3297 ipso
987 3230 1066 3293 rege
1080 3221 1224 3298 propter
1240 3205 1416 3273 virtutem.

438 3308 561 3377 Postea
584 3303 675 3375 nihil
696 3330 736 3375 eo
753 3306 893 3397 turpius
907 3320 942 3376 et
956 3309 1148 3376 deformius
1161 3307 1241 3376 luit.
1291 3303 1417 3373 Nomi-

437 3412 516 3478 nari
545 3432 580 3478 se
602 3406 718 3478 Deum
748 3420 782 3476 et
813 3407 883 3475 coli
912 3408 1043 3476 divinis
1070 3405 1265 3476 honoribus
1292 3406 1416 3475 voluit.

436 3508 516 3578 Hoc
534 3522 671 3579 tantum
693 3507 805 3576 scelus
829 3530 962 3597 poenae
984 3521 1150 3598 sequutae
1171 3521 1271 3591 sunt,
1304 3518 1415 3573 certa-

438 3609 536 3677 mina
557 3608 596 3676 in
618 3608 804 3686 ebrietate,
829 3607 867 3675 in
884 3608 1013 3699 quibus
1028 3607 1136 3675 iratus
1152 3605 1324 3674 interiecit
1342 3601 1415 3672 Cli-

437 3723 534 3793 tum,
565 3732 584 3776 a
608 3731 678 3799 quo
702 3719 856 3776 servatus
877 3708 1049 3777 lucratio
1073 3729 1190 3797 pugna
1214 3711 1257 3775 ad
1284 3701 1416 3772 Grani·

438 3833 535 3891 cum,
559 3821 592 3876 et
614 3807 682 3874 alia
705 3807 812 3875 multa
828 3807 1029 3898 turpissime
1042 3808 1133 3876 lecit.
1183 3802 1336 3876 Adorari
1354 3829 1416 3872 vo-

438 3911 516 3981 luit.
575 3904 624 3976 Et
646 3901 897 3975 Callisthenem
916 3903 1193 3998 Philosophum,
1226 3920 1349 3975 natum
1375 3929 1415 3972 ex

438 4009 648 4079 consobrina
672 4003 890 4090 Aristotelis,
926 4008 1087 4100 quicum
1109 4011 1256 4076 adorare
1276 4029 1415 4075 recusa-

436 4113 503 4193 vit,
529 4109 665 4179 includi
689 4108 726 4174 in
749 4130 888 4176 caveam
910 4109 1030 4191 iussit,
1057 4121 1090 4178 et
1108 4108 1321 4178 circumduci
1337 4129 1415 4195 spe·

438 4213 621 4292 ctandum‚
654 4232 694 4276 ac
728 4208 869 4277 tandem
898 4209 1067 4288 interfici,
1100 4232 1239 4278 versum
1266 4210 1414 4276 addens:

440 4313 555 4379 Μισῶ
578 4302 794 4405 Σοφιστὴν,
827 4303 927 4386 ὅστις
956 4307 1025 4398 οὐχ
1054 4304 1157 4400 αὐτῷ
1182 4303 1315 4402 σοφὸς,
1347 4302 1414 4375 hoc

440 4420 506 4475 est:
532 4407 605 4479 Odi
621 4411 821 4501 sapientem,
841 4406 905 4496 qni
920 4407 988 4474 sibi
1003 4432 1076 4476 non
1093 4408 1196 4496 sapit.
1245 4403 1291 4475 Et
1306 4406 1416 4477 crevit

440 4509 540 4575 furor
562 4509 668 4591 adeo,
702 4525 740 4580 ut
761 4506 972 4577 interficeret
994 4530 1110 4576 senem
1136 4510 1259 4577 ducem
1282 4508 1415 4596 optime

440 4607 604 4675 meritum
619 4605 908 4686 Parmenionem,
935 4608 995 4700 qui
1018 4608 1225 4698 praecipuus
1241 4608 1334 4676 inter
1348 4611 1415 4677 du·

439 4728 495 4777 ces
513 4700 672 4794 Philippi
690 4722 722 4777 et
738 4709 845 4798 ipsius
862 4704 1056 4778 Alexandri
1072 4709 1197 4780 suerat.
1251 4707 1350 4777 Talis
1366 4724 1416 4779 est

438 4805 625 4897 praecipue
638 4804 749 4872 aulica
761 4809 1004 4880 benevolentia
1017 4825 1049 4878 et
1062 4809 1250 4898 gratitudo.
1296 4807 1415 4896 Quare

440 4907 573 4974 dictum
602 4918 668 4974 est:
701 4903 848 4976 Saevum
880 4910 1067 5002 praelustri
1096 4909 1230 4978 fulmen
1259 4900 1308 4975 'ab
1338 4933 1415 4978 arce

438 5007 546 5075 venit.
596 5000 644 5074 Et
653 5003 826 5074 Pindarus
837 5009 968 5102 inquit:
993 5011 1131 5083 παλαῖα
1145 5004 1219 5106 γὰρ
1238 5004 1334 5079 εὕδει
1344 5003 1416 5101 χά-

440 5131 515 5198 ρις,
541 5098 755 5196 ἀμνάμονες
771 5098 811 5175 δὲ
825 5104 965 5199 βροτοί.
1017 5110 1173 5203 Antiqua
1189 5109 1322 5179 dormit
1337 5133 1416 5198 gra-

438 5207 508 5291 tia,
534 5218 569 5274 et
584 5201 746 5274 homines
761 5218 845 5274 sunt
859 5206 1089 5282 immemores.

541 5303 630 5376 Cum
655 5319 769 5374 autem
788 5305 986 5379 Alexander
1005 5336 1046 5381 ex
1063 5312 1165 5381 lndia
1183 5333 1342 5380 reversus
1358 5333 1416 5379 ac-

440 5407 596 5476 cessisset
618 5409 662 5474 ad
674 5404 912 5498 Babylonem,
937 5403 1103 5481 Chaldaei
1125 5402 1221 5484 vates
1238 5411 1416 5494 dixerunt,

1464 2623 1535 2693 fuit
1549 2646 1667 2693 mense
1680 2620 1827 2708 Daesio,
1852 2626 1912 2716 qui
1930 2648 2009 2693 cum
2026 2639 2146 2694 nostro
2162 2624 2261 2693 lunio
2276 2623 2447 2711 congruit,

1465 2723 1524 2791 dle
1545 2724 1603 2794 18.
1660 2722 1821 2815 Cumque
1843 2736 2052 2812 aegrotasset
2074 2726 2148 2793 dies
2170 2724 2356 2806 undecim,
2389 2723 2445 2791 die

1465 2822 1630 2890 vicesimo
1648 2838 1770 2894 octavo
1785 2825 1916 2892 mensis
1931 2820 2051 2891 Daesii
2066 2838 2226 2916 mortuus
2240 2838 2300 2890 est.

1565 2954 1625 3024 Sic
1648 2951 1866 3035 Alexander,
1893 2978 1972 3023 cum
1998 2956 2036 3022 in
2060 2969 2112 3027 tot
2132 2956 2273 3046 praeliis
2297 2955 2447 3023 invictus

1464 3056 1605 3137 luisset,
1639 3055 1741 3144 periit
1764 3055 1954 3124 immodico
1977 3057 2079 3138 vino,
2104 3056 2194 3124 sicut
2214 3052 2342 3123 Daniel
2366 3052 2446 3122 hla-

1466 3155 1672 3224 cedonicnm
1691 3178 1806 3241 regem
1824 3154 1960 3243 pardali
1976 3156 2126 3224 similem
2141 3155 2242 3238 facit,
2268 3178 2359 3246 quae
2372 3177 2446 3222 non

1465 3256 1603 3345 capitur
1632 3256 1676 3322 ab
1702 3256 1843 3322 armatis
1866 3256 2112 3341 venatoribus,
2145 3253 2329 3349 (ipsorum
2351 3254 2445 3321 enim

1466 3357 1579 3425 iacula
1608 3376 1670 3425 sua
1703 3356 1878 3425 celeritate
1907 3355 2036 3447 eludit)
2066 3358 2126 3426 sed
2156 3357 2269 3449 sopita
2299 3356 2382 3424 vino
2413 3369 2446 3424 et

1467 3480 1604 3529 venere.

1566 3571 1631 3645 Est
1659 3588 1776 3644 autem
1805 3587 1840 3644 et
1870 3570 1975 3644 huius
2004 3576 2094 3664 regis
2122 3576 2287 3647 interitus
2308 3575 2446 3664 insigne

1465 3676 1663 3766 exemplum
1690 3676 1946 3746 inconstantiae
1977 3699 2095 3745 rerum
2126 3672 2380 3760 humanarum,
2412 3686 2447 3745 et

1464 3790 1602 3860 monet,
1627 3799 1673 3844 ne
1698 3777 1891 3846 exultantes
1911 3777 2048 3847 laeticia
2072 3778 2225 3845 laxemus
2247 3777 2366 3846 frenos
2388 3776 2446 3844 in·

1465 3877 1566 3945 iustis
1596 3878 1868 3967 cupiditatibus,
1901 3893 1935 3948 et
1963 3901 2094 3968 poenas
2118 3872 2353 3960 attrahamus,
2385 3877 2445 3945 sed

1466 3991 1625 4066 petamus
1647 4001 1712 4045 nos
1729 4002 1748 4044 a
1769 3975 1844 4045 Deo
1863 3978 2072 4065 gubernari,
2099 3977 2289 4066 cogitantes
2305 3992 2338 4045 et
2355 3978 2446 4044 acci-

1465 4080 1548 4146 dere
1579 4098 1680 4166 posse
1711 4076 1842 4142 subitas
1871 4079 2137 4160 conversiones,
2178 4076 2267 4147 sicut
2299 4076 2443 4144 dicitur:

1465 4176 1596 4265 Magna
1621 4187 1798 4242 momento
1824 4188 1951 4254 ruunt,
1979 4189 2013 4245 et
2036 4175 2150 4246 Deum
2175 4176 2351 4246 vindicem
2372 4197 2445 4244 esse

1464 4276 1646 4344 scelerum.

1567 4385 1665 4456 Vixit
1696 4410 1808 4456 annos
1839 4387 1984 4476 triginta
2013 4390 2102 4457 duos
2129 4403 2162 4457 et
2192 4412 2326 4456 menses
2353 4392 2443 4462 octo.

1464 4487 1641 4577 Regnavit
1663 4511 1775 4557 annos
1799 4490 1984 4558 duodecim
2005 4503 2039 4558 et
2063 4511 2197 4556 menses
2221 4503 2309 4581 octo.
2361 4481 2445 4559 Fuit

1465 4587 1524 4659 hic
1540 4590 1669 4658 mensis
1686 4589 1820 4678 primus
1837 4584 2061 4681 Olympiadis
2079 4590 2286 4658 centesimae
2302 4604 2445 4680 quartae

1466 4692 1641 4774 decimae,
1676 4704 1757 4759 ante
1784 4685 1966 4760 Christum
1997 4704 2118 4760 natum
2149 4690 2252 4759 annis
2282 4691 2445 4760 trecentis

1466 4792 1590 4881 viginti
1607 4803 1769 4883 quatuor.

1567 4906 1639 4976 lam
1660 4909 1735 4976 sine
1753 4922 1847 4978 certo
1864 4930 1943 4995 rege
1960 4920 2031 4975 erat
2045 4908 2195 4975 maxima
2213 4930 2294 4998 pars
2308 4908 2444 4994 generis

1465 5006 1633 5088 humani,
1665 5021 1700 5076 et
1729 5009 1874 5091 accidit,
1907 5010 2001 5098 quod
2023 5007 2196 5078 Demades
2218 5009 2325 5090 dixit,
2360 5004 2445 5075 Ale-

1463 5108 1591 5176 xandri
1620 5107 1808 5174 exercitum
1837 5107 1914 5196 ipso
1938 5123 2079 5176 mortuo
2103 5108 2253 5177 similem
2278 5133 2351 5178 esse
2374 5104 2444 5198 Cy-

1465 5208 1559 5298 clopi
1591 5206 1716 5276 effosso
1739 5206 1860 5285 oculo,
1893 5231 1932 5274 ac
1956 5210 2113 5277 membra
2135 5223 2269 5278 rectore
2291 5208 2443 5279 carentia

1465 5309 1602 5378 ruitura
1620 5308 1657 5373 in
1676 5320 1831 5374 mutuam
1848 5307 2056 5396 perniciem,
2083 5310 2173 5380 sicut
2187 5311 2368 5381 interiecto
2385 5312 2444 5375 lu·

1465 5409 1513 5477 lio
1529 5404 1667 5478 Romae
1685 5407 1830 5491 accidit,
1856 5420 1890 5476 et
1906 5407 2017 5477 multa
2033 5425 2115 5480 sunt
2132 5411 2261 5479 similia
2275 5408 2443 5497 exempla.

438 5510 652 5577 moriturum
673 5530 745 5575 esse
763 5506 880 5589 brevi,
901 5520 1083 5599 postquam
1098 5515 1222 5583 urbem
1238 5512 1415 5600 ingressus
1464 5507 1698 5578 Constantino
1728 5521 1868 5578 mortuo
1899 5508 1964 5576 filii
1993 5510 2088 5579 inter
2117 5533 2190 5579 sese
2217 5511 2442 5579 dimicarunt.

438 5621 539 5676 essct.
590 5605 669 5677 Hoc
687 5606 854 5678 vaticinio
876 5618 992 5673 motus
1006 5607 1138 5698 aliquot
1154 5615 1227 5681 dies
1241 5624 1337 5681 extra
1352 5635 1413 5679 ur·
1463 5608 1566 5678 Nunc
1598 5631 1738 5699 qnoque
1766 5623 1951 5701 postquam
1972 5604 2121 5680 Carolus
2150 5608 2442 5697 gubernationem

438 5705 518 5772 bem
533 5721 768 5777 commoratus
781 5722 842 5780 est.
877 5705 1002 5775 Postea
1016 5702 1234 5794 Anaxarcho,
1257 5708 1414 5804 physico,
1463 5709 1642 5799 deposuit,
1667 5707 1878 5792 Germania,
1902 5708 2103 5797 Belgicum,
2130 5708 2230 5776 ltalia
2249 5720 2331 5776 sunt
2346 5709 2442 5778 velut

437 5803 600 5894 epicureo
636 5821 674 5878 et
704 5808 881 5902 cyclopico
912 5801 1077 5883 homine,
1118 5808 1298 5880 deridente
1328 5806 1412 5879 haec
1462 5808 1624 5901 Cyclopis
1640 5832 1765 5897 corpus
1779 5812 1905 5877 amisso
1921 5812 2034 5879 oculo.
2077 5807 2304 5876 Praedixerat
2318 5821 2352 5877 et
2369 5811 2441 5897 ipse
