6025 6775
584 578 663 654 πᾶ·
920 566 1081 647 DECL.
1112 564 1189 642 ult
1218 557 1754 639 cottstnutttttotttt
1784 557 2100 642 CORPORIS
2127 561 2273 642 utini.
2530 573 2613 648 su.

590 770 664 820 esse
680 741 851 818 omuibus
869 742 1096 814 notissimum
1113 751 1177 823 est,
1203 759 1292 831 quae
1309 735 1574 807 doctrinaaue-
1622 737 1814 831 sapientiae
1829 750 1865 808 et
1879 733 2063 807 insciciae
2100 732 2172 807 Sed
2186 735 2322 810 nullius
2334 741 2535 836 eloquentis
2550 764 2612 814 sa·

591 848 721 922 tomice
741 847 788 917 de
811 843 980 914 membris
1001 855 1036 913 et
1056 863 1179 911 eorum
1203 838 1328 920 officiis
1349 859 1467 908 carere
1498 857 1574 906 non
1623 840 1669 911 tis
1698 861 1873 929 exponere
1905 847 2038 928 potest,
2071 860 2179 931 quam
2206 840 2339 911 multae
2370 835 2613 914 commonefa-

593 963 719 1045 putest.
770 943 847 1015 Hac
860 944 1028 1016 utilitates
1045 954 1211 1012 moveant
1225 942 1336 1012 bonas
1354 950 1510 1016 mentes,
1535 948 1577 1004 ut
1624 942 1758 1011 ctiones
1789 939 1828 1006 in
1860 938 2061 1029 aspectione
2087 940 2329 1011 membrorum
2355 956 2611 1035 proponantur,

595 1044 838 1123 discanthanc
854 1044 1071 1127 doctrinam,
1097 1066 1187 1136 quac
1202 1043 1233 1113 si
1248 1042 1369 1111 minus
1391 1047 1577 1108 moverent
1625 1063 1775 1136 quarum
1808 1039 1962 1109 subinde
1989 1040 2108 1130 plures
2137 1041 2422 1115 animadvertent
2452 1046 2612 1125 studiosi,

595 1149 777 1234 homines,
808 1160 925 1217 tamen
948 1157 1093 1236 propter
1113 1142 1417 1213 confirmationem
1439 1161 1580 1210 asseve-
1626 1141 1763 1238 cum‘in
1780 1136 1872 1211 banc
1886 1141 2085 1212 doctrinam
2099 1140 2248 1231 ingrcssi
2263 1145 2418 1230 fuerint,
2443 1146 2611 1239 adquam

596 1250 746 1322 rationis
758 1251 803 1319 de
817 1248 893 1319 Deo
908 1258 943 1315 et
955 1247 1000 1314 de
1016 1244 1250 1336 providentia,
1257 1241 1448 1313 fabricatio
1464 1262 1581 1309 mem·
1625 1245 1732 1314 etiam
1744 1242 1931 1313 dulcedine
1941 1241 2152 1331 cognitionis
2162 1242 2368 1316 invitemur.
2411 1245 2616 1319 Iucundum

597 1355 745 1423 brorum
766 1347 965 1439 aspicienda
988 1360 1086 1418 esset.
1133 1344 1216 1416 Non
1244 1344 1455 1416 confluxisse
1485 1337 1579 1410 hanc
1627 1358 1680 1416 est
1707 1344 1829 1413 videre
1850 1342 2006 1414 aedilicia
2027 1356 2122 1415 recte
2142 1344 2232 1415 fecta
2254 1357 2288 1415 et
2308 1359 2389 1439 apte
2410 1348 2616 1433 distribute,

600 1475 719 1524 rerum
734 1462 898 1519 naturam
915 1471 958 1517 ex
970 1446 1166 1518 Democriti
1187 1448 1313 1518 atomis
1333 1442 1579 1514 manifestissi-
1629 1457 1762 1539 quanto
1790 1443 1980 1515 iucundius
2007 1457 2061 1514 est
2086 1445 2314 1536 contemplari
2335 1446 2537 1517 aedilicium
2560 1450 2617 1520 sui

598 1573 697 1621 mum
715 1562 785 1634 est,
809 1562 843 1620 et
857 1574 899 1619 ex
913 1549 1069 1619 immotis
1081 1548 1243 1633 noticiis,
1269 1570 1358 1640 quae
1375 1541 1582 1615 hominibus
1629 1546 1806 1638 eorporis,
1831 1546 1870 1613 in
1887 1569 1958 1637 quo
1975 1545 2091 1630 vides,
2115 1559 2243 1638 quanta
2259 1562 2332 1619 arte
2347 1548 2486 1638 singula
2500 1572 2616 1618 mem.

599 1651 726 1722 insitae
755 1664 859 1735 sunt,
887 1663 980 1719 etex
1002 1650 1136 1737 ingenti
1155 1651 1299 1738 dolore,
1333 1647 1394 1740 qui
1418 1644 1580 1736 sequitur
1629 1648 1694 1718 bra
1720 1660 1755 1716 et
1773 1648 1926 1716 formata
1948 1660 1983 1717 et
2003 1647 2172 1717 collocata
2194 1647 2275 1717 sint.
2341 1645 2491 1719 Consilii
2514 1649 2616 1721 locus

599 1753 829 1823 violationem
852 1752 992 1821 illarum
1019 1750 1231 1819 notitiarum
1261 1750 1388 1819 ordine
1413 1746 1583 1814 immuta·
1630 1748 1779 1819 velutin
1795 1749 1937 1839 specula
1954 1770 2111 1818 summus
2126 1759 2190 1822 est.
2239 1747 2284 1820 ln
2296 1750 2411 1821 medio
2427 1752 2538 1822 robur
2551 1765 2616 1834 est,

600 1854 677 1924 bili.
727 1852 863 1922 Harum
879 1876 996 1921 rerum
1013 1851 1165 1940 aspectio
1181 1852 1318 1919 illustre
1338 1845 1588 1918 testimouium·
1630 1849 1714 1942 quia
1736 1871 1798 1918 cur
1817 1849 1898 1918 fons
1917 1861 1969 1918 est
1985 1848 2112 1919 caloris
2129 1848 2260 1920 vivifici
2274 1850 2525 1932 ereticorum,
2552 1854 2617 1945 qui

601 1969 652 2025 est
667 1955 710 2023 de
726 1951 803 2023 Deo
817 1966 852 2023 et
867 1954 911 2021 de
927 1952 1167 2044 providentia,
1193 1974 1284 2043 quae
1299 1963 1419 2019 tamen
1433 1947 1482 2015 ita
1497 1969 1582 2038 pro·
1629 1950 1704 2019 sive
1719 1950 1870 2019 consilio
1885 1951 2149 2042 obtemperant,
2176 1951 2251 2020 sive
2265 1965 2375 2023 ruunt
2387 1953 2482 2023 cocci
2497 1954 2536 2021 in
2550 1949 2618 2022 hac

601 2057 683 2148 pius
698 2053 923 2146 aspicientur,
950 2076 1029 2121 cum
1048 2051 1122 2141 ipsa
1139 2051 1323 2120 fabricatio
1340 2047 1582 2118 membrorum
1629 2052 1850 2140 languefacta
1868 2064 2014 2134 natura,
2038 2063 2155 2121 tamen
2173 2065 2257 2122 sunt
2275 2054 2448 2128 acerrimi.
2498 2051 2618 2125 Habet

602 2157 707 2228 etiam
732 2155 985 2225 consideratur.
1037 2148 1135 2240 Quid
1166 2151 1366 2220 mirabilius
1394 2162 1447 2219 est
1475 2170 1582 2242 quam
1631 2165 1749 2222 tamen
1770 2164 1911 2222 senatus
1930 2152 2113 2223 ministros
2129 2176 2276 2238 nervos,
2302 2154 2542 2246 quiexternos
2557 2177 2619 2244 ge-

601 2257 839 2326 ineerebrum
857 2267 909 2325 tot
924 2253 1072 2324 noticias
1088 2265 1160 2321 tam
1176 2252 1291 2322 varias
1312 2252 1503 2320 multarum
1526 2270 1584 2316 ar·
1631 2266 1706 2323 stus
1728 2266 1872 2340 regunt,
1903 2266 1938 2323 et
1960 2267 2117 2323 errantes
2137 2255 2253 2323 cordis
2275 2254 2432 2347 impetus
2452 2252 2619 2326 cohibere

603 2359 692 2427 tium
716 2370 751 2427 et
773 2380 892 2426 rerum
909 2354 1051 2424 ¹includi
1077 2353 1200 2444 posse?
1239 2350 1340 2422 Talis
1364 2373 1476 2420 massa
1507 2350 1584 2417 sine
1633 2369 1794 2445 possunt.
1854 2352 1950 2423 lmus
1974 2356 2073 2424 locus
2095 2355 2287 2425 attributus
2310 2369 2361 2425 cst
2384 2358 2544 2437 culinae,
2576 2379 2619 2425 ex

603 2472 720 2527 mente
744 2457 820 2526 lieri
839 2479 914 2525 non
936 2456 1072 2545 potuit,
1096 2454 1179 2546 quia
1203 2466 1296 2523 certe
1318 2474 1504 2544 nunquam
1529 2472 1584 2518 sa·
1634 2478 1703 2545 qna
1730 2469 1850 2524 tamen
1878 2468 1953 2525 arte
1982 2456 2053 2525 cibi
2082 2456 2121 2524 in
2142 2469 2257 2526 totum
2279 2482 2407 2550 corpus
2427 2453 2617 2529 vehuntur.

602 2558 704 2649 piens
729 2571 853 2628 natura
879 2580 920 2624 ex
944 2555 1057 2624 coecis
1077 2554 1204 2623 atomis
1226 2554 1314 2623 oriri
1346 2566 1477 2645 potest,
1510 2574 1585 2618 uon
1633 2554 1729 2624 Haec
1764 2549 2011 2626 machinarum
2046 2557 2249 2628 distributio
2286 2573 2378 2629 certe
2407 2559 2618 2651 sapientiam

603 2659 698 2729 euim
715 2670 828 2749 potest
842 2656 985 2726 effectus
1000 2667 1075 2725 toto
1099 2677 1226 2744 genere
1248 2655 1484 2746 praestantior
1512 2673 1593 2722 esse·
1634 2655 1830 2725 conditoris
1859 2658 2031 2743 ostendit,
2065 2681 2171 2750 quem
2200 2660 2289 2747 grati
2315 2660 2550 2737 celebremus,
2583 2672 2619 2727 et

604 2780 718 2829 cause.
767 2752 868 2826 Nihil
883 2758 927 2826 de
950 2752 1093 2826 homine
1116 2755 1310 2846 praedicari
1327 2756 1440 2826 maius
1461 2766 1586 2844 potest,
1633 2780 1834 2849 precemur,
1857 2770 1898 2827 ut
1911 2782 1994 2843 nos,
2019 2760 2082 2851 qui
2096 2772 2244 2850 etopera
2259 2759 2366 2850 ipsius
2380 2772 2415 2829 et
2431 2758 2618 2828 domicilia

605 2881 711 2951 quam
735 2860 832 2951 quod
854 2871 888 2928 et
910 2881 979 2926 vox
1000 2858 1122 2926 divina
1136 2879 1239 2947 saepe
1256 2857 1422 2927 affirmat:
1456 2853 1587 2925 Homi-
1635 2881 1775 2942 sumus,
1806 2871 1840 2927 et
1866 2859 1913 2926 ab
1940 2881 1982 2927 eo
2010 2873 2153 2949 propter
2181 2860 2293 2930 filium
2313 2859 2512 2950 diligimur,
2545 2861 2633 2956 cle-h

603 2981 686 3027 nem
703 2982 777 3029 esse
793 2959 982 3048 imaginem
995 2955 1079 3043 Dei;
1108 2970 1143 3027 et
1157 2958 1332 3048 sapientes
1347 2981 1471 3029 omnes
1487 2958 1586 3027 dise·
1636 2974 1774 3028 menter
1792 2972 1925 3037 servet,
1954 2959 2127 3046 gubernet
2148 2972 2182 3029 et
2205 2974 2373 3051 protegat.
2430 2958 2620 3049 Quantum

603 3071 705 3146 runt,
730 3074 770 3131 ut
784 3059 822 3130 in
835 3066 996 3152 poemate
1009 3060 1179 3151 scriptum
1196 3073 1262 3129 est:
1635 3061 1739 3129 etiam
1753 3062 1858 3129 decus
1875 3073 1926 3129 est
1939 3054 2113 3128 humanae
2127 3072 2286 3151 naturae,
2313 3062 2407 3155 quod
2416 3060 2512 3133 Deus
2525 3055 2621 3132 hane

1635 3161 1747 3252 ipsam
1762 3161 1910 3249 figuram
1927 3160 2046 3232 induit
2059 3164 2115 3255 τῷ
2130 3154 2247 3258 λόγῳ,
2278 3186 2385 3255 quem
2400 3165 2522 3251 genuit
2537 3179 2620 3234 ante

1635 3262 1762 3332 mundi
1781 3263 2071 3346 fabricationem,
2100 3275 2134 3332 et
2155 3265 2313 3352 proferre
2337 3264 2440 3335 iussit
2452 3288 2621 3336 arcanum

602 3360 668 3436 Est
682 3378 799 3434 autem
815 3359 1012 3431 similitudo
1027 3357 1255 3450 intelligenda
1271 3359 1311 3430 in
1332 3359 1474 3431 noticiis
1493 3372 1593 3430 recta·
1636 3364 1815 3435 decretum
1843 3367 1888 3434 de
1917 3363 2140 3434 restitutione
2169 3376 2334 3447 naturae,
2369 3366 2408 3434 in
2437 3390 2507 3459 qua
2537 3361 2621 3437 huic

603 3480 639 3535 et
652 3487 726 3531 nou
744 3476 839 3532 recta
855 3460 1152 3540 discernentibus,
1179 3477 1364 3554 quaesunt
1378 3463 1417 3530 in
1433 3464 1587 3547 cerebro,
1635 3466 1728 3550 lilio,
1754 3466 1816 3558 qui
1830 3479 1880 3535 est
1891 3459 2085 3561 χαρακτὴρ
2099 3458 2336 3548 ὑποστάσεως
2348 3467 2481 3537 aeterni
2496 3469 2619 3556 patris,

605 3563 693 3632 etin
710 3560 1076 3646 iismutibuscurdis,
1100 3562 1259 3654 quicum
1274 3562 1349 3633 Deo
1373 3577 1587 3651 congruunt,
1635 3566 1769 3636 similes
1798 3568 1939 3640 erimus.
2003 3564 2094 3636 Cum
2125 3566 2234 3657 igitur
2259 3568 2382 3639 inserti
2402 3567 2513 3636 simus
2535 3581 2618 3638 tuae

605 3664 668 3758 qui
684 3674 766 3732 sunt
780 3660 909 3755 reliqui
924 3662 961 3730 in
978 3658 1043 3732 hac
1057 3686 1259 3756 quanquam
1274 3664 1463 3752 depravata
1481 3678 1586 3733 natu·
1634 3690 1786 3752 massae,
1806 3669 1856 3736 lili
1872 3668 1938 3738 Dei
1953 3664 2108 3737 Domine
2124 3666 2205 3737 lesu
2221 3666 2383 3763 Christe,
2409 3683 2442 3741 te
2455 3668 2548 3739 veris
2559 3690 2621 3759 ge-

606 3789 664 3849 ra,
698 3758 853 3861 ucopyai
868 3778 901 3835 et
921 3765 1044 3849 dolor,
1077 3764 1140 3855 qui
1163 3762 1293 3830 scelera
1314 3762 1484 3855 sequitur,
1536 3762 1585 3835 Ut
1633 3765 1781 3837 mitibus
1809 3790 2010 3857 precamur,
2043 3782 2082 3838 ut
2113 3792 2178 3839 nus
2203 3772 2364 3844 surculos
2388 3786 2469 3842 tuos
2493 3792 2620 3857 serves,

605 3878 722 3935 autem
736 3863 862 3953 iugens
874 3889 974 3937 arnor
988 3877 1039 3935 est
1053 3874 1239 3953 parentum
1253 3884 1334 3953 erga
1350 3864 1518 3947 sobolem,
1536 3865 1584 3935 ita
1634 3868 1809 3955 gubernes
1823 3881 1857 3940 et
1872 3884 2044 3961 protegas.
2096 3867 2194 3944 Dixi.

604 3968 644 4034 in
659 3964 735 4036 Deo
748 3990 851 4037 verus
867 3979 918 4035 est
935 3988 1035 4034 amor
1050 3984 1130 4051 erga
1146 3961 1278 4049 filium,
1303 3979 1337 4034 et
1351 3988 1418 4033 nos
1431 3967 1493 4057 qui
1507 3967 1581 4035 lilio
1626 4012 1629 4017 -

604 4067 763 4139 adiuncti
778 4089 918 4150 sumus,
943 4064 1034 4137 sicut
1048 4063 1219 4156 scriptum
1239 4078 1307 4135 est:
1332 4063 1464 4139 Sumus
1475 4091 1584 4158 κεχα·

603 4165 789 4265 pecassent
826 4167 866 4239 ἐν
892 4161 1137 4264 ἠγαπημένῳ,
1186 4176 1221 4236 et
1252 4166 1330 4238 vult
1363 4168 1468 4238 nobis
1496 4192 1584 4239 con·
1719 4220 1788 4292 171
2506 4230 2522 4292 1
2569 4225 2617 4292 9,

601 4272 698 4344 ditor
712 4294 769 4340 eas
785 4265 955 4367 ueopytie,
979 4289 1066 4361 quas
1081 4269 1121 4336 in
1136 4269 1246 4337 nostri
1261 4268 1378 4339 cordis
1391 4270 1584 4360 penetralia
1639 4248 1811 4346 „RN
2431 4231 2611 4347 w

603 4375 751 4451 insevit,
784 4368 1139 4440 commonefectiones
1162 4391 1255 4450 esse,
1287 4371 1332 4440 de
1362 4391 1425 4440 suo
1448 4394 1582 4456 amore,

651 3214 896 3302 Exemplumque
912 3214 972 3278 Dei
988 3218 1114 3300 quisque
1131 3225 1174 3276 est
1190 3217 1223 3274 iu
1238 3216 1369 3295 imagine
1383 3233 1483 3295 perro.

2440 4072 2619 4085 ...an—.-

604 4501 676 4568 quo
691 4496 760 4543 uos
774 4471 1040 4563 complectitur,
1062 4468 1157 4560 quod
1180 4469 1326 4540 sumsit
1350 4471 1583 4557 verissimum,
1791 4435 1875 4524 An
1905 4442 2098 4527 viritim
2124 4443 2218 4525 Silii
2243 4434 2454 4525 habitui?

602 4576 714 4664 cogita
739 4585 911 4665 quantum
932 4568 1001 4642 hoc
1020 4571 1087 4653 sit,
1111 4568 1209 4660 quod
1228 4580 1263 4637 te
1287 4569 1337 4638 sic
1357 4586 1453 4642 amat
1475 4571 1583 4652 Deus,

601 4687 643 4742 ut
662 4674 716 4743 tui
739 4687 918 4763 parentes,
943 4686 977 4743 et
999 4669 1156 4743 ostendit
1175 4668 1453 4753 amorem,“cum
1468 4672 1582 4742 lilium

603 4772 710 4857 misit,
725 4785 767 4842 ut
781 4773 932 4843 solveret
947 4766 1064 4865 λύτρα
1079 4794 1145 4862 pro
1159 4767 1263 4840 nobis
1271 4818 1285 4861 ,
1308 4773 1463 4843 ostendit
1476 4771 1581 4842 etiam
1735 4763 1768 4818 '¹'-
1783 4763 1937 4887 1ΙῶΜῦ
1960 4772 1989 4817 ⁶²
2011 4762 2039 4815 ⁵¹¹
2062 4758 2242 4817 ⁰”‘²⁰¹¹⁵l⁰⁸
2267 4766 2411 4836 postremis
2435 4786 2461 4838 p.
2477 4768 2536 4824 ¹²4·
2571 4771 2618 4826 ct.

1701 4626 1852 4748 Selqaratim
1878 4625 1982 4700 prodiit
2001 4624 2117 4691 ‚wisele
2136 4623 2211 4678 1559.
2235 4625 2291 4681 rid.
2314 4627 2445 4684 Strnbelii
2460 4631 2620 4699 fibibthet.

1757 4714 1784 4751 o.
1796 4695 1857 4749 530.
1894 4695 1996 4751 flecma
2014 4693 2042 4748 in
2057 4693 2183 4746 oration.
2201 4694 2238 4748 Τ.
2248 4696 2280 4752 V.
2295 4697 2376 4767 pti?
2388 4717 2465 4768 sqq,
2489 4699 2619 4756 Ricbard.

602 4873 681 4943 aliis
695 4873 897 4961 ingentibus
911 4873 1101 4943 beneficiis.
1140 4865 1194 4941 De
1209 4865 1266 4941 hit
1280 4871 1386 4942 rebus
1400 4896 1479 4942 cum
1496 4896 1583 4943 con·
1734 4831 1803 4904 ⁸¹¹⁹·
1880 4832 1931 4886 ’δ’
1947 4832 1974 4887 ⁸·
1991 4838 2019 4886 ‘¹
2034 4828 2061 4884 ‘¹‘
2080 4828 2203 4899 ΜΒ·
2587 4848 2613 4903 ι

601 4973 767 5092 ⁸ldmli⁰
783 4972 1027 5044 membrorum
1043 4968 1217 5092 hminif’
1242 4986 1277 5043 el
1295 4974 1519 5093 pmfrlflrun}
1543 4974 1581 5042 ln
1634 5008 1764 5076 Orait'o
1793 5010 1844 5090 (dc
1872 5012 1953 5074 disto
1974 5007 2147 5073 demntdts
2176 5017 2301 5074 virtutes
2327 5038 2390 5076 esse
2417 5015 2540 5081 habitus
2562 5042 2616 5081 scu

600 5097 651 5143 ess
663 5089 843 5146 actionum
858 5097 925 5146 nos
941 5074 1227 5161 commonefacit,
1248 5098 1450 5168 quaeremus
1466 5089 1582 5161 etram,
1630 5104 1732 5192 ἕξεις)
1747 5113 1907 5180 recum
1923 5128 1948 5177 a
1970 5110 2018 5177 1⁰
2027 5102 2178 5178 pam
2203 5113 2337 5181 Herm
2346 5133 2404 5182 a„
2413 5135 2438 5184 n
2447 5137 2490 5200 ⁰,
2516 5118 2616 5186 arm

601 5176 697 5245 unde
711 5175 843 5294 sint-in
867 5172 934 5248 bae
955 5179 1107 5269 imagine
1132 5176 1200 5249 Dei
1223 5179 1420 5250 contrariae
1449 5179 1582 5263 sordes,
1628 5208 1727 5282 med·
1743 5210 1874 5298 ΒΜ,
1899 5228 1987 5279 cum
2004 5205 2147 5302 magu,
2168 5207 2364 5284 doctorum
2378 5216 2418 5285 g„
2435 5221 2518 5285 am
2534 5235 2617 5286 me.

600 5299 665 5346 cur
686 5277 905 5348 conditorem
928 5273 1015 5350 haec
1037 5279 1255 5371 lauguefaeta
1278 5294 1404 5351 natura
1424 5279 1580 5350 vicissim
1681 5311 1768 5388 dica
1782 5310 2050 5382 decernerem
2060 5310 2219 5383 flocum·
2233 5313 2407 5386 Andreae
2420 5319 2556 5407 Rom,

601 5399 681 5494 nou
693 5388 808 5459 amec,
833 5389 867 5446 et
881 5379 1034 5466 petimus
1047 5395 1088 5452 ut
1110 5378 1258 5494 detersis
1276 5384 1442 5452 sordibus
1462 5381 1579 5468 imago
1754 5406 2063 5504 Sugnpgorggam
2077 5414 2246 5504 mm,
2271 5412 2306 5490 3·
2320 5418 2490 5517 mm·
2551 5464 2554 5469 Ι

599 5488 816 5559 restituatur,
833 5497 1014 5568 quaecum
1029 5503 1103 5549 non
1121 5492 1167 5549 srt
1181 5477 1310 5546 frustra
1327 5483 1482 5566 condite,
1497 5502 1578 5550 rur·

598 5600 658 5650 sut
681 5577 748 5649 erit
771 5575 896 5646 similis
913 5570 1104 5671 archetypo
1119 5597 1206 5669 pura
1221 5589 1256 5646 et
1271 5577 1403 5667 nitida,
1428 5595 1462 5652 et
1483 5583 1520 5651 in
1537 5603 1577 5649 ea
1626 5563 1749 5650 Multa
1767 5577 1909 5655 suntin
1927 5591 2053 5651 natura
2069 5599 2189 5648 rerum
2202 5576 2347 5666 vestigia
2363 5575 2433 5650 Dei
2448 5578 2618 5665 illuseris,

594 5695 763 5775 tunquam
778 5679 817 5749 in
832 5677 974 5772 speculo
999 5680 1092 5751 clere
1113 5674 1301 5767 fulgebunt
1321 5683 1414 5753 radii
1433 5682 1577 5756 divinae
1626 5700 1715 5769 quae
1736 5695 1914 5755 testantur
1932 5675 2033 5753 bunc
2048 5679 2223 5749 muudum
2243 5698 2319 5747 uon
2341 5702 2448 5754 coeco
2469 5704 2554 5760 cetu
2572 5704 2617 5751 cx
