6025 6775
432 622 504 706 185
895 618 1050 698 DECL.
1083 617 1160 693 DE
1195 615 1335 692 VITA
1368 617 1443 694 ΕΤ
1477 614 1755 694 SCRIPTIS
1791 617 1986 696 PLINII.
2375 624 2448 699 186

430 796 496 867 hoc
509 820 616 888 opere
638 794 817 879 instituit,
842 807 877 862 et
899 794 937 861 in
955 789 1022 862 hoc
1039 796 1195 864 seeundo
1211 794 1323 875 libro,
1351 793 1412 885 qui
1465 789 1534 860 tuit
1556 789 1713 879 primum
1744 794 2012 883 explicationem
2044 795 2284 866 nobilissimae
2309 811 2344 868 et
2364 822 2445 889 per·

430 925 514 970 vero
539 898 650 968 totius
672 896 789 985 operis
812 895 947 985 primus
967 910 1036 965 est:
1079 895 1180 990 (nam
1204 920 1308 989 quem
1333 895 1412 985 ipse
1463 891 1672 961 lectissimae
1687 908 1852 981 naturae,
1878 894 2047 967 Hominis
2063 898 2244 977 videlicet,
2279 899 2317 967 in
2343 900 2443 970 cuius

431 1003 593 1093 primum
617 999 769 1082 vocavit,
795 1010 930 1066 tantum
961 1011 1012 1067 est
1038 999 1143 1067 index
1165 1012 1200 1067 et
1224 998 1413 1087 catalogus,
1463 992 1701 1084 descriptione
1732 999 1909 1068 consumit
1939 1012 2052 1071 totum
2081 1001 2270 1090 septimum
2299 1001 2445 1085 librum,

430 1124 557 1171 recens
574 1101 789 1189 singulorum
805 1099 980 1167 librorum
995 1113 1029 1168 et
1042 1100 1194 1189 capitum
1210 1123 1363 1189 summas
1379 1111 1413 1169 et
1462 1095 1614 1165 lectione
1633 1096 1890 1184 dignissimum.

433 1206 667 1292 argumenta).
695 1199 736 1267 ln
750 1194 816 1269 hoc
830 1203 987 1270 secundo
1003 1202 1096 1270 libro
1113 1201 1411 1294 inquam,1nundi
1563 1193 1702 1266 Deinde
1715 1200 1865 1289 explicat
1876 1217 2018 1298 naturas
2033 1202 2240 1273 animalium
2256 1205 2444 1276 brutorum

436 1305 544 1374 totius
566 1303 708 1379 molem,
734 1326 883 1391 corpora
907 1302 1101 1394 simplicia,
1129 1305 1266 1372 coelum
1288 1316 1324 1371 et
1338 1304 1411 1372 ele·
1463 1310 1616 1390 quatuor
1631 1299 1733 1367 libris
1747 1303 1974 1393 sequentibus
1997 1306 2199 1393 septimum:
2226 1299 2294 1376 hoc
2318 1304 2446 1376 videli-

437 1418 551 1473 menta
573 1402 755 1486 describit,
782 1418 815 1471 et
837 1429 926 1496 quae
951 1406 997 1474 sit
1018 1406 1129 1493 ligura
1153 1407 1324 1488 mundus,
1349 1406 1412 1472 de-
1464 1415 1519 1470 ret
1535 1414 1672 1469 servato
1692 1403 1830 1487 ordine,
1856 1404 1948 1471 utin
1965 1418 2087 1474 octavo
2111 1407 2204 1474 libro
2228 1431 2450 1476 commemo-·

434 1504 552 1598 pingit,
571 1517 604 1572 et
619 1506 735 1588 docet,
753 1529 840 1597 quos
854 1521 887 1577 et
904 1530 1009 1599 quarn
1028 1507 1144 1574 varios
1158 1509 1312 1576 incessus
1329 1507 1413 1575 stel-
1463 1517 1518 1572 ret
1531 1503 1698 1572 animalia
1717 1504 1911 1588 terrestria,
1938 1506 1978 1578 iu
1992 1528 2089 1575 nono
2114 1508 2299 1599 aquatilia,
2324 1510 2363 1575 in
2381 1511 2444 1578 de-

431 1611 481 1677 lae
506 1618 663 1674 errantes
685 1606 861 1691 habeant,
894 1608 1058 1677 iudicatis
1087 1608 1305 1700 singularum
1327 1632 1411 1698 pro·
1444 1604 1557 1672 'cimo
1583 1605 1760 1691 volatilia,
1792 1607 1832 1708 in
1862 1606 2053 1698 undecimo
2082 1631 2142 1691 ea,
2175 1632 2263 1701 quae
2286 1607 2443 1698 ἔντομα,

428 1707 647 1799 prietatibus.
1463 1707 1574 1774 latine
1592 1706 1743 1792 insecta,
1765 1708 2008 1781 nominantur.

530 1810 672 1878 Deinde
701 1809 956 1879 elementorum
995 1811 1120 1880 seriem
1161 1825 1335 1892 recenset,
1378 1824 1413 1880 et
1565 1805 1889 1891 RestantPlantae,
1916 1833 2068 1904 quarum
2082 1834 2161 1879 cum
2181 1833 2304 1898 magna
2323 1811 2369 1880 sit
2383 1832 2444 1878 va-

431 1914 603 2004 primum,
632 1934 721 2003 quae
744 1911 783 1978 iu
802 1914 882 1980 aiire
898 1912 1090 2005 gignantur
1104 1912 1264 1981 Meteora
1279 1913 1412 1983 'additis
1464 1908 1587 1990 rietas,
1613 1911 1790 1978 consumit
1812 1912 1849 1978 in
1872 1935 1992 1981 earum
2019 1912 2283 1981 enumeratione
2306 1925 2384 1981 octo
2399 1911 2445 1977 li-

430 2011 644 2096 bistoriolis,
662 2013 727 2081 ubi
748 2026 782 2081 et
804 2018 947 2105 quando
969 2040 1042 2083 non
1066 2014 1140 2082 sine
1158 2008 1417 2104 significatione
1463 2011 1565 2087 bros,
1591 2034 1612 2078 a
1630 2011 1838 2080 duodecimo
1854 2015 2024 2105 usquead
2043 2015 2258 2082 vicesimum.
2307 2009 2447 2091 Deinde

429 2118 633 2186 futurorum
667 2128 858 2184 eventuum
892 2117 963 2186 sint
995 2116 1182 2185 inusitatae
1215 2118 1347 2206 species
1372 2117 1410 2183 in
1465 2124 1504 2179 ut
1523 2110 1729 2199 diligentius
1748 2127 1918 2183 monstret
1930 2115 2034 2183 etiam
2049 2116 2204 2185 occultas
2225 2115 2335 2193 vires,
2361 2136 2448 2207 quas

427 2222 508 2289 ae're
526 2218 634 2285 visae.
1217 2286 1219 2290 ,
1464 2213 1605 2302 plantae
1626 2210 1779 2298 habent,
1812 2240 1831 2284 a
1858 2215 2026 2304 vigesimo
2051 2216 2143 2284 libro
2164 2239 2274 2308 usque
2306 2217 2349 2285 ad
2381 2216 2444 2286 28.
2483 2219 2514 2228 “’

528 2318 652 2387 Postea
676 2331 805 2401 terrae,
832 2343 1028 2412 aquarum,
1055 2333 1090 2390 et
1106 2319 1199 2406 ignis
1216 2319 1413 2408 proprieta-
1462 2326 1544 2387 octo
1566 2316 1808 2385 voluminibus
1828 2319 1967 2410 quaerit
1988 2318 2262 2402 medicamenta,
2296 2342 2386 2410 quae
2405 2340 2447 2386 ex

429 2439 503 2501 tes,
530 2420 698 2489 miracula
715 2435 750 2489 et
768 2422 883 2489 varias
900 2423 1113 2489 mutationes
1128 2422 1289 2508 exponit,
1316 2432 1349 2488 et
1371 2420 1408 2488 in
1463 2417 1595 2507 plantis
1627 2419 1754 2488 confici
1783 2434 1956 2509 possunt,
1995 2422 2041 2489 ad
2073 2420 2302 2511 depellendos
2334 2432 2447 2532 cerpus

429 2527 499 2590 line
524 2523 627 2603 libri,
654 2522 761 2591 totius
775 2523 905 2592 terreni
924 2524 1021 2610 globi
1045 2545 1245 2590 mensuram
1268 2522 1410 2592 ittdicat.
1464 2521 1609 2588 morbos
1625 2533 1659 2589 et
1676 2521 1766 2589 vicia
1787 2523 1957 2610 corporis.

429 2624 525 2693 Haec
549 2639 600 2693 est
626 2647 763 2692 summa
788 2639 821 2693 et
848 2638 1097 2710 argumentum
1126 2618 1232 2693 huius
1262 2624 1409 2704 secundi
1565 2619 1740 2711 Adiungit
1763 2624 1893 2692 deinde
1921 2626 2010 2694 alios
2033 2623 2067 2692 V
2090 2626 2219 2708 libros,
2252 2623 2289 2690 in
2317 2621 2447 2714 quibus

430 2727 530 2809 libri,
557 2742 594 2797 ut
617 2726 834 2795 brevissimis
867 2720 1163 2813 comprehendam
1185 2741 1219 2796 et
1242 2741 1410 2817 repetam,
1463 2725 1618 2792 remedia
1636 2723 1790 2809 indicat,
1816 2751 1905 2816 quae
1918 2750 1959 2795 ex
1972 2728 2163 2797 animalum
2181 2725 2339 2818 partibus
2356 2723 2448 2793 sumi

430 2829 617 2918 descriptio
634 2851 754 2896 earum
776 2825 929 2913 partium
954 2828 1098 2912 mundi,
1125 2852 1213 2920 quae
1235 2828 1411 2916 simplices
1464 2837 1628 2912 possunt,
1655 2825 1762 2915 idque
1778 2828 1849 2916 agit
1867 2852 1978 2920 usque
2005 2832 2049 2898 ad
2073 2831 2204 2898 librum
2231 2828 2447 2899 tricesimum

428 2945 616 3012 vocantur,
643 2925 711 2995 hoe
725 2940 793 3010 est,
820 2928 909 2997 coeli
925 2944 960 2998 et
982 2932 1256 3009 elementorum,
1282 2928 1412 3019 quibus
1436 2943 1440 3044 p
1464 2922 1628 3003 tertium,
1660 2926 1725 2991 nbi
1755 2927 1824 2995 iam
1854 2930 2033 3016 explicatis
2067 2932 2233 2998 omnibus
2255 2931 2447 2996 mixtorum

426 3033 589 3118 adiungit
616 3019 770 3115 primum
805 3031 994 3100 mixtorum
1029 3056 1219 3123 corporum
1252 3031 1413 3119 gradum,
1436 3049 1440 3090 ι
1463 3023 1652 3112 gradibus,
1677 3048 1750 3090 uno
1781 3042 1942 3113 excepto,
1969 3031 2124 3119 reliquos
2149 3028 2179 3093 V
2204 3030 2315 3097 libros
2336 3050 2447 3119 usque

426 3157 517 3223 quae
540 3130 684 3198 caeteris
707 3130 982 3217 imperfectiora,
1007 3157 1026 3201 a
1049 3135 1146 3216 loco,
1171 3134 1208 3200 in
1225 3158 1296 3223 quo
1313 3133 1434 3221 fiunt,
1463 3128 1509 3196 ad
1525 3126 1632 3195 linem
1648 3124 1782 3216 operis,
1808 3128 1985 3195 consumit
2007 3130 2046 3193 in
2069 3129 2305 3217 descriptione
2327 3149 2447 3195 earum

426 3232 587 3299 Meteora
610 3228 762 3293 diximus
783 3232 911 3300 vocari.

529 3325 703 3394 Absoluta
737 3326 807 3394 iarn
840 3329 992 3397 maxima
1027 3344 1060 3398 et
1094 3330 1281 3417 praecipua
1316 3341 1413 3415 parte

423 3428 577 3505 mnndi,
602 3428 700 3495 coelo
725 3441 760 3495 et
782 3428 981 3513 elementis,
1008 3445 1041 3500 ct
1068 3431 1270 3519 imperfecte
1287 3430 1414 3513 mixtis,

426 3528 497 3599 hoc
515 3542 585 3610 est,
612 3530 798 3611 meteoris,
826 3532 989 3612 restabat,
1015 3545 1054 3599 ut
1070 3536 1114 3602 de
1129 3532 1272 3600 caeteris
1285 3530 1414 3599 mixto-

425 3657 505 3702 rum
530 3652 717 3717 corporum
740 3629 910 3715 gradibus
935 3632 1066 3700 diceret
1082 3633 1239 3711 Plinius,
1266 3631 1411 3719 quaein

425 3730 606 3803 elementis
621 3755 659 3796 ac
678 3730 865 3817 praecipue
884 3739 974 3795 terra
991 3742 1025 3796 et
1040 3755 1131 3821 aqua
1151 3733 1294 3816 degunt.
1340 3728 1409 3798 Sed

426 3837 506 3928 quia
529 3831 636 3899 semel
651 3844 701 3899 est
721 3828 850 3900 terreni
874 3828 969 3915 globi
986 3830 1148 3900 instituta
1165 3830 1354 3918 descriptio
1378 3845 1412 3898 et

428 3958 590 4004 mensura
613 3931 652 3998 in
675 3927 741 3999 hoc
771 3933 926 3999 secundo
955 3931 1066 4015 libro,
1102 3945 1175 4000 erat
1203 3927 1270 3999 hoc
1291 3929 1410 3999 Plinio

427 4040 531 4109 etiam
549 4036 772 4110 addendum,
799 4045 839 4100 ut
861 4033 1079 4121 superficiem
1098 4047 1209 4103 terrae
1225 4045 1259 4099 et
1282 4032 1411 4120 ampli-

426 4141 584 4211 tudinem
612 4137 720 4202 maris
753 4133 961 4223 explicaret,
1006 4159 1096 4225 quae
1135 4136 1305 4202 elementa
1339 4135 1411 4201 duo

425 4267 534 4313 unum
554 4240 699 4329 globum
719 4235 950 4318 constituunt,
972 4250 1005 4305 et
1020 4239 1135 4304 sedem
1152 4235 1413 4304 omnibus·cae·

425 4346 508 4414 teris
529 4343 720 4411 mixtorum
747 4337 937 4426 generibus
963 4340 1152 4425 praebent,
1186 4335 1268 4404 ldeo
1290 4335 1412 4405 distri-

418 4426 564 4517 buenda
595 4441 663 4512 fuit
696 4454 789 4508 terra
820 4463 977 4522 summa,
1015 4464 1104 4530 quae
1126 4441 1172 4508 ab
1197 4436 1382 4507 animalibr

425 4549 613 4628 incolitur,
644 4557 678 4612 et
701 4541 820 4610 omnis
848 4540 987 4627 generis
1017 4541 1155 4629 plantas
1186 4541 1337 4630 profert,
1371 4539 1382 4605 i

424 4666 535 4722 certas
556 4645 732 4735 regiones,
760 4657 794 4712 et
813 4643 1035 4728 singularum
1063 4641 1150 4711 situs
1166 4657 1199 4710 et
1212 4640 1409 4728 amplitudo

422 4752 624 4823 iudicanda·
683 4745 786 4815 Hanc
821 4744 917 4811 orbis
951 4738 1100 4812 habitati
1139 4743 1409 4831 descriptionem

395 4843 399 4852 ¹
425 4849 691 4942 geographicam
715 4845 867 4917 absolvit
887 4843 1027 4914 Plinius
1053 4860 1206 4936 quatuor
1228 4843 1328 4912 libris
1355 4866 1410 4910 se-

424 4954 616 5048 quentibus
637 4947 732 5019 hunc
757 4949 969 5026 secundum,
996 4945 1085 5014 etin
1112 4948 1252 5015 dnobus
1270 4945 1410 5035 primis,

423 5053 495 5126 hoc
519 5065 588 5134 est,
617 5050 720 5119 tertio
745 5063 779 5118 et
806 5062 952 5141 quarto,
988 5045 1188 5137 Europam,
1222 5048 1261 5113 in
1283 5046 1409 5138 quinto

425 5156 607 5237 Africam,
635 5153 672 5219 iu
686 5166 780 5220 sexto
796 5150 919 5221 Asiam
934 5149 1059 5239 pingit.
1099 5146 1148 5218 lta
1166 5150 1235 5217 iam
1252 5160 1409 5216 extructo

423 5257 525 5356 quasi
552 5250 737 5326 domicilio
759 5254 942 5333 universo,
968 5247 1036 5319 hoc
1066 5266 1135 5335 est,
1161 5251 1259 5319 coelo
1284 5262 1319 5316 et
1337 5249 1408 5315 ele-

425 5361 573 5440 mentis,
599 5378 690 5449 quae
710 5348 900 5441 hospitium
923 5355 1094 5443 praebent
1118 5353 1224 5421 rebus
1251 5351 1409 5429 caeteris,

426 5463 551 5555 incipit
559 5460 700 5531 Plinius
717 5454 888 5542 explicare
902 5454 1120 5547 reliquorum
1137 5455 1326 5524 mixtorum
1345 5475 1409 5520 na·

426 5582 539 5650 tutas,
565 5585 718 5656 quorum
734 5556 887 5624 diximus
903 5549 1018 5624 adhuc
1032 5570 1161 5625 restare
1184 5568 1337 5648 quatuor
1350 5575 1410 5640 ge·

425 5693 527 5751 nera,
564 5666 742 5745 videlicet,
785 5654 932 5752 ἄψυχα,
968 5653 1070 5750 φυτὰ
1107 5659 1263 5748 plantas,
1311 5650 1409 5744 ζῶα,

426 5769 565 5867 ἄλογα,
590 5782 624 5839 et
637 5764 833 5875 hominem.
886 5757 958 5831 sed
980 5771 1114 5839 mutato
1136 5759 1283 5838 ordine,
1306 5757 1410 5828 insti-

1437 3227 1440 3232 ’
1465 3251 1584 3295 rerum
1611 3226 1822 3307 mixtarum,
1861 3249 1951 3317 quae
1970 3228 2069 3294 omni
2093 3227 2237 3317 quidem
2267 3228 2357 3309 vita,
2387 3227 2447 3294 sed

1465 3350 1541 3396 nou
1556 3327 1629 3395 suis
1643 3326 1880 3417 peculiaribus
1895 3327 2032 3398 viribus
2048 3341 2181 3413 carent,
2212 3340 2252 3398 ut
2269 3340 2352 3398 sunt
2367 3322 2448 3397 Me-

1465 3428 1561 3509 talla,
1578 3427 1728 3518 Lapides
1744 3445 1777 3500 et
1794 3426 1964 3498 Geminae
1982 3444 2015 3499 et
2033 3454 2154 3501 earum
2169 3454 2311 3523 quoque
2326 3452 2447 3499 rerum

1465 3529 1698 3619 multiplicem
1715 3555 1817 3598 usum
1834 3555 1873 3599 ac
1891 3528 2090 3628 ἐνέργειας,
2118 3555 2205 3622 quas
2227 3533 2267 3600 in
2292 3531 2446 3601 medica·

1465 3632 1564 3699 tione
1579 3631 1783 3700 morborum
1802 3626 1953 3714 habent,
1980 3633 2088 3703 simul
2105 3633 2249 3703 indicat.

1567 3726 1664 3800 Haec
1679 3746 1729 3800 est
1748 3755 1883 3801 summa
1900 3730 2008 3803 ethic
2026 3736 2114 3802 ordo
2134 3735 2308 3803 librorum
2326 3733 2365 3799 in
2380 3726 2448 3800 hoc

1464 3806 1632 3898 Pliniano
1650 3856 1773 3921 opere,
1800 3858 1870 3926 qno
1887 3836 1995 3906 totius
2013 3837 2137 3904 mundi
2153 3835 2388 3918 domicilium,
2414 3845 2448 3901 et

1464 3945 1583 4019 postea
1601 3957 1656 4000 res
1672 3935 1710 4001 in
1726 3934 1790 4004 illo
1806 3948 2005 4020 contentae,
2031 3937 2217 4007 artificiose
2234 3949 2269 4007 ct
2285 3934 2449 4004 luculen-

1463 4045 1518 4101 ter
1535 4035 1730 4121 descriptae
1745 4049 1841 4116 sunt,
1861 4040 1955 4128 quod
1973 4063 2062 4128 opus
2079 4040 2236 4130 profecto
2251 4050 2287 4108 et
2304 4049 2449 4127 propter

1463 4157 1581 4201 rerum
1600 4157 1640 4202 ac
1657 4131 1903 4217 historiarum,
1930 4163 2016 4229 quas
2033 4141 2202 4220 continet,
2229 4137 2447 4215 varietatem,

1464 4246 1498 4300 et
1513 4246 1656 4322 propter
1679 4236 1931 4307 vocabulorum
1955 4238 2161 4310 immensam
2186 4241 2345 4329 copiam,
2371 4260 2448 4305 ma·
2524 4313 2526 4317 ,

1463 4334 1742 4423 gnifaciendum,
1773 4349 1806 4405 et
1830 4337 2003 4427 singulari
2027 4364 2109 4410 cura
2132 4365 2172 4411 ac
2187 4339 2370 4429 diligentia
2387 4360 2446 4405 co-

1462 4438 1704 4524 gnoscendum
1720 4453 1771 4508 est
1786 4438 1839 4523 ei,
1866 4441 1928 4533 qui
1944 4465 2019 4511 nou
2035 4465 2178 4531 prorsus
2205 4440 2365 4515 omnium
2390 4460 2446 4506 re·

1462 4560 1542 4606 rum
1560 4537 1704 4625 ignarus
1722 4555 1756 4610 et
1771 4541 1889 4611 infans
1904 4566 1977 4611 esse
1993 4543 2097 4615 volet.
2150 4539 2204 4612 Ac
2223 4565 2305 4613 vere
2332 4553 2446 4631 potest

1462 4634 1530 4708 hoc
1545 4640 1714 4708 volumen
1728 4643 1898 4732 appellari
1913 4639 2139 4724 Thesaurus,
2163 4668 2237 4714 non
2253 4666 2371 4717 rerum
2388 4665 2448 4711 so·

1462 4741 1536 4811 lum
1551 4740 1656 4829 longa
1674 4745 1888 4835 experientia
1903 4747 2178 4825 observatarum,
2196 4760 2229 4816 et
2246 4745 2449 4835 cognitione

1460 4842 1672 4931 dignarum,
1713 4871 1834 4915 verum
1863 4847 1967 4916 etiam
1993 4847 2135 4936 linguae
2159 4847 2317 4919 Latinae.
2369 4843 2447 4915 Nisi

1462 4945 1556 5013 enim
1579 4942 1719 5017 Plinius
1739 4949 1841 5015 nobis
1863 4972 1980 5017 rernm
2011 4962 2064 5019 tot
2087 4949 2341 5041 appellationes
2362 4946 2448 5016 reli-

1463 5047 1614 5136 quisset,
1640 5048 1685 5113 de
1705 5048 1826 5115 multis
1849 5051 2052 5119 necessariis
2068 5051 2227 5142 partibus
2242 5048 2335 5123 vitae
2352 5073 2448 5119 com-

1462 5146 1582 5214 munis
1599 5147 1699 5238 loqui
1715 5145 1842 5217 Latine
1864 5174 1938 5218 non
1956 5175 2145 5241 possemus.

1565 5245 1634 5317 Sed
1652 5272 1724 5317 nou
1741 5264 1793 5321 est
1807 5245 1914 5323 huius
1928 5253 1995 5320 loci
2011 5265 2073 5322 aut
2088 5250 2256 5338 instituti,
2269 5275 2449 5323 commen·

1463 5349 1646 5418 dationem
1668 5351 1776 5423 totius
1797 5353 1915 5442 operis
1938 5347 1997 5423 hic
2020 5377 2232 5448 proponere.
2291 5352 2450 5428 Sufficiat

1462 5451 1588 5521 scriem
1605 5451 1777 5525 librorum
1794 5469 1828 5527 et
1849 5455 2071 5544 singulorum
2095 5468 2341 5547 argumentum
2359 5475 2448 5543 pau·

1462 5553 1512 5622 cis
1535 5552 1727 5640 indicasse,
1769 5571 1810 5626 ut
1840 5559 2013 5649 adquam
2040 5571 2175 5649 partem
2192 5548 2450 5642 Philosophiae

1462 5657 1588 5725 referri
1619 5657 1749 5730 debeat
1784 5655 1853 5730 hoc
1886 5661 2078 5752 scriptum,
2120 5654 2272 5743 intelligi
2310 5652 2450 5727 facilius

1460 5758 1586 5849 [³08⁸le
2226 5762 2229 5767 ν
