6025 6775
1042 613 1291 713 '591

2687 620 3674 712 msPUTA'rtoNEs

5047 647 5208 730 592

1144 830 1364 881 anno
1393 798 1791 877 Ecclesiam
1818 805 2110 891 propter
2134 793 2388 881 filium,
2436 804 2508 868 et
2534 794 2627 869 sit
2657 795 2872 870 index
2902 799 3129 873 iusto·
3230 801 3567 876 ardentes
3595 815 3834 880 motus
3857 826 4029 898 erga
4055 804 4317 899 Deum,
4345 833 4674 889 aoeensos
4700 841 4826 913 per
4855 818 5202 913 Spiritum

1074 1005 1081 1012 Ι
1146 935 1312 984 rum
1342 920 1412 980 et
1436 906 1892 977 iniustorum.

1362 1028 1482 1098 14.
1562 1019 2049 1112 Agnoscamus
2096 1027 2333 1085 antem
2401 1029 2770 1089 aeternum
2830 1033 3132 1111 patrem,

1142 1135 1404 1209 filium,
1430 1140 1505 1197 et
1530 1123 1879 1218 Spiritum
1912 1131 2262 1199 sanctum,
2305 1132 2388 1189 ut
2414 1119 2495 1189 in
2528 1121 2766 1191 verbis
2795 1121 3131 1214 baptismi

1146 1233 1494 1308 traditum
1520 1237 1664 1310 est,
1715 1236 1787 1293 et
1828 1234 1912 1292 nt
1950 1220 2369 1291 discrimina
2408 1224 2796 1295 traduntur
2822 1224 2902 1293 in
2934 1248 3128 1319 sym-

1144 1337 1372 1415 bolis,
1424 1346 1491 1403 et
1523 1327 1824 1397 sciamus
1856 1347 2007 1394 non
2033 1336 2311 1393 tantum
2347 1347 2496 1395 esse
2518 1325 2817 1395 nomina
2848 1327 3129 1397 diversa

1147 1440 1364 1511 unius
1406 1451 1786 1525 personae,
1848 1425 2035 1497 sicut
2074 1426 2358 1516 fingunt
2396 1427 2622 1521 aliqui
2669 1426 3131 1515 ludaisantes,

1150 1557 1221 1613 et
1246 1538 1430 1610 sicut
1460 1532 1820 1616 Servetus,
1862 1528 1998 1622 qui
2027 1528 2274 1599 furens
2298 1528 2621 1601 Lutetiae
2650 1539 2975 1601 mortuus
3004 1545 3129 1616 est,

1147 1637 1452 1732 scripsit.
1532 1633 1674 1707 Sed
1711 1646 1853 1704 tres
1881 1654 2030 1701 esse
2066 1654 2402 1723 personas
2430 1647 2511 1703 ut
2538 1631 2784 1704 Latini
2808 1632 3125 1727 loquun-

1142 1759 1304 1827 tur,
1353 1763 1479 1810 sen
1511 1738 1734 1828 magis
1763 1734 2164 1829 perspicue,
2216 1747 2295 1805 ut
2328 1732 2589 1805 Graeci
2634 1747 2778 1805 tres
2802 1730 3129 1831 ὑφιστα-

1152 1843 1462 1937 μένους,
1503 1840 1632 1933 qui
1659 1852 1897 1910 tamen
1925 1850 2095 1907 sunt
2136 1829 2564 1929 ὃμοούσιοι,
2632 1838 2815 1909 sicut
2834 1842 2930 1909 de
2971 1836 3128 1909 filio

1151 1967 1475 2039 expresse
1504 1943 1768 2013 dicitur
1794 1940 1874 2010 in
1900 1940 2227 2034 symbolo
2258 1938 2529 2010 Niceno
2547 1993 2569 2023 ‚
2613 1953 2685 2010 et
2726 1941 2820 2010 de
2846 1939 3127 2033 Spiritu

1145 2062 1391 2122 sancto
1416 2045 1662 2140 inquit
1692 2037 2183 2136 Epiphanius:
2235 2045 2536 2134 πνεῦμα
2564 2036 2803 2123 ὅντως
2830 2040 2912 2114 ἐκ
2938 2042 3130 2115 θεοῦ

1150 2147 1279 2226 καὶ
1309 2147 1449 2223 οὐκ
1480 2140 1875 2242 ἀλλότριον
1897 2139 2179 2241 πατρὸς
2205 2139 2333 2216 καὶ
2361 2141 2536 2216 υἱοῦ
2552 2136 3128 2237 &wamiam

1148 2248 1378 2348 πατρὶ
1406 2246 1536 2324 καὶ
1564 2246 1731 2348 υἱῷ.

1356 2366 1478 2443 15.
1504 2367 1742 2460 ¹Pater
1772 2378 1877 2439 est
1908 2365 2138 2457 prima
2170 2386 2470 2456 persona
2502 2364 2924 2445 divinitatis,
2978 2388 3128 2434 non

1153 2489 1315 2546 nata
1363 2495 1494 2543 nec
1534 2470 1930 2564 procedens
1975 2466 2068 2537 ab
2098 2466 2275 2552 alia,
2323 2470 2444 2538 sed
2470 2490 2512 2537 a
2544 2491 2684 2561 qua
2719 2467 2810 2536 ab
2841 2479 3128 2552 aeterno

1149 2578 1432 2668 genitus
1484 2587 1588 2644 est
1630 2571 1824 2645 filins
1864 2572 2097 2660 imago
2130 2570 2394 2659 patris,
2443 2583 2512 2641 et
2545 2568 2866 2662 procedit
2894 2566 3131 2660 Spiri-

1152 2694 1271 2753 tus
1301 2689 1619 2756 sanctus,
1671 2697 1852 2769 quae
1881 2696 2041 2743 cum
2076 2669 2227 2742 filio
2259 2686 2325 2742 et
2356 2670 2633 2766 Spiritu
2684 2685 2925 2743 sancto
2954 2695 3132 2741 con-

1153 2782 1346 2853 didit
1392 2778 1668 2849 coelum
1714 2787 1785 2847 et
1824 2789 2087 2848 terram
2109 2829 2130 2860 ,
2196 2789 2266 2846 et
2319 2793 2566 2846 omnes
2616 2788 3008 2859 creaturas,
3060 2786 3131 2845 et

1148 2906 1266 2970 eas
1296 2892 1687 2954 conservat.

1355 2999 1478 3072 16.
1551 2998 1787 3070 Filius
1833 3008 1937 3066 est
1982 2995 2287 3065 secunda
2349 3018 2649 3087 persona
2711 2993 3131 3079 divinitatis,

1148 3129 1328 3201 quae
1361 3116 1467 3174 est
1499 3098 1985 3173 substantialis
2014 3111 2082 3168 et
2112 3098 2384 3187 integra
2414 3097 2646 3187 imago
2692 3097 2961 3167 aeterni
3001 3119 3132 3188 pa-

1148 3209 1300 3293 tris,
1332 3230 1546 3302 quam
1582 3215 1780 3297 pater
1812 3226 1960 3272 sese
1988 3200 2271 3271 intuens
2308 3213 2375 3272 et
2402 3199 2857 3270 considerans
2878 3197 3130 3288 gignit,

1148 3334 1328 3406 quae
1360 3310 1568 3378 nobis
1596 3305 1886 3400 quidem
1918 3303 2016 3372 sic
2045 3302 2560 3385 manifestatur,
2613 3301 2805 3396 quod
2848 3299 2940 3370 sit
2965 3323 3132 3394 per-

1148 3436 1352 3490 sona,
1402 3434 1531 3502 per
1563 3431 1782 3502 quam
1817 3421 2013 3499 pater
2048 3405 2223 3474 dicit
2255 3406 2610 3473 decretum
2642 3418 2710 3474 et
2741 3416 2970 3475 totum
3007 3427 3129 3474 or-

1147 3511 1390 3582 dinem
1423 3508 1799 3579 creationis
1828 3521 1895 3576 et
1928 3506 2393 3597 reparationis
2421 3500 2820 3592 hominum,
2859 3519 2927 3576 et
2960 3505 3126 3577 mit-

1118 3613 1331 3699 ,titur
1359 3624 1440 3680 ut
1464 3607 1836 3701 patefaciat
1865 3604 2365 3695 Evangelinm,
2418 3623 2486 3678 et
2519 3607 2841 3677 adsumat
2870 3601 3125 3678 huma-

1147 3737 1317 3784 nam
1353 3726 1721 3797 naturam,
1774 3722 1843 3780 et
1870 3709 1962 3779 sit
1979 3706 2375 3792 Mediator,
2426 3704 2817 3780 Redemtor
2851 3722 2918 3779 et
2955 3709 3120 3780 Sal-

1147 3829 1373 3887 vator.

1358 3928 1472 4004 17.
1538 3925 1852 4019 Spiritus
1898 3938 2182 3996 sanctus
2219 3937 2321 3995 est
2368 3923 2576 3996 tertia
2610 3936 2907 4018 persona
2938 3927 3127 3998 divi-

1145 4035 1424 4118 nitatis,
1477 4031 1868 4122 procedens
1905 4053 1947 4099 a
1979 4042 2177 4120 patre
2210 4040 2282 4099 et
2309 4023 2502 4113 filio,
2554 4041 2624 4098 et
2664 4042 2767 4100 est
2793 4031 3124 4103 substan-

1149 4139 1342 4210 tialis
1395 4158 1598 4206 amor
1640 4147 1710 4203 et
1754 4131 2033 4204 laeticia
2081 4145 2447 4201 coaeterna
2494 4129 2685 4202 inter
2731 4146 2998 4224 patrem
3055 4150 3124 4207 et
3191 4162 3192 4165 ¹

1142 4241 1400 4323 filium,
1453 4252 1522 4308 et
1553 4233 1767 4305 nobis
1794 4233 1892 4305 sic
1921 4233 2363 4304 manifestata
2396 4247 2523 4318 est,
2573 4238 2764 4330 quod
2799 4236 3123 4309 mittatur

1142 4345 1220 4413 in
1253 4344 1466 4414 corda
1501 4339 1985 4422 credentium,
2033 4349 2116 4406 ut
2147 4334 2323 4406 tales
2370 4350 2644 4423 motus,
2696 4363 3008 4410 amorem
3054 4355 3121 4412 et
3162 4342 3163 4346 ’

1140 4446 1491 4518 laeticiam
1538 4442 2099 4538 acquiescentem
2149 4439 2226 4505 in
2271 4436 2424 4510 Deo
2481 4439 2557 4508 in
2605 4439 2706 4509 eis
2763 4444 3120 4529 accendat,

1145 4548 1379 4639 qualis
1411 4559 1513 4615 est
1543 4546 1732 4636 ipse,
1782 4543 1966 4614 sicut
1990 4542 2066 4614 2.
2100 4536 2292 4613 Tim.
2331 4543 2398 4613 1.
2430 4564 2748 4632 expresse
2777 4543 3115 4634 scriptum

1144 4663 1285 4717 est:
1353 4645 1517 4716 Non
1562 4647 1760 4719 dedit
1798 4644 2008 4716 nobis
2050 4640 2246 4714 Deus
2288 4640 2635 4734 Spiritum
2693 4642 3118 4730 timiditatis,

1143 4750 1261 4818 sed
1302 4748 1622 4834 roboris,
1674 4762 1741 4817 et
1772 4745 2175 4816 dilectionis
2203 4759 2273 4815 et
2320 4744 2862 4820 castificationis.

1354 4864 1468 4938 18.
1537 4863 1726 4955 Quia
1760 4861 1954 4933 Deus
1990 4863 2277 4954 agnosci
2311 4864 2576 4950 voluit,
2623 4863 2865 4959 aliquo
2901 4869 3115 4938 modo

1138 4969 1374 5063 pinxit
1406 4963 1579 5038 haec
1611 4964 2022 5065 discrimina
2058 4966 2134 5035 in
2163 4980 2416 5039 natura
2460 4961 2809 5050 hominis,
2864 4969 2947 5037 in
2976 4994 3116 5063 qua

1060 5105 1068 5113 ·
1141 5066 1316 5143 haec
1369 5070 1502 5141 tria
1551 5086 1719 5144 sunt
1770 5069 2177 5164 praecipua:
2241 5094 2476 5158 mens,
2540 5069 2877 5163 cogitatio
2933 5096 3117 5166 quae

1141 5190 1243 5247 est
1278 5174 1511 5261 imago
1543 5175 1647 5244 rei
1678 5174 2052 5266 cogitatae,
2101 5198 2229 5245 seu
2259 5175 2556 5246 verbum
2596 5176 2965 5267 proferens
2994 5200 3119 5247 co·-

1136 5279 1394 5370 gitatas
1425 5275 1788 5366 imagines.
1895 5274 2072 5346 Item
2120 5291 2390 5361 motus,
2438 5303 2680 5364 amor,
2732 5277 3006 5349 laeticia
3035 5278 3116 5348 in

1139 5382 1313 5454 volu
1370 5391 1549 5463 tate,
1592 5392 1701 5450 'et
1742 5375 2057 5468 Spiritus
2112 5377 2189 5445 in
2246 5380 2464 5449 corde
2523 5395 2922 5466 nascentes,
2988 5381 3116 5476 qui

1134 5493 1305 5557 sunt
1406 5490 1659 5551 'mmae
1689 5479 1949 5549 cientes
1989 5492 2288 5554 motum.

1352 5599 1475 5675 19.
1552 5595 1649 5672 Ει
1696 5598 1773 5670 in
1821 5591 1959 5668 hoc
2006 5597 2369 5669 domicilio
2410 5598 2606 5669 fulsit
2638 5612 2801 5671 ante
2836 5601 3115 5691 lapsum

1136 5704 1442 5777 illustris
1470 5702 1735 5775 noticia
1766 5697 1943 5786 Dei,
1991 5723 2279 5771 accensa
2315 5725 2443 5794 per
2486 5702 2821 5788 verbum,
2874 5719 3137 5774 osten--

1138 5806 1316 5877 dens
1360 5821 1749 5881 creatorem
1769 5854 1792 5889 ,
1878 5829 1960 5877 ac
2012 5803 2344 5879 voluntas
2387 5818 2458 5876 et
2500 5805 2713 5874 corda
2757 5798 3117 5877 habebant

3227 916 3574 980 unctum·

3421 1007 3574 1082 oeo-
3617 1006 3723 1081 Ita
3771 1023 3947 1084 tunc
3981 1026 4144 1084 erat
4188 1008 4408 1088 homo
4451 1018 4687 1113 imago
4717 1021 4854 1097 Dei
4879 1026 5203 1098 nondum

3227 1122 3597 1200 corrupta,
3670 1134 3813 1205 quo
3858 1115 3956 1185 ad
3999 1115 4507 1202 substantiam,
4574 1138 4645 1197 et
4687 1151 4834 1220 quo
4881 1127 4970 1196 ad
5016 1127 5206 1198 dona

3226 1210 3470 1282 addita
3491 1212 3927 1286 substantiae
3951 1213 4000 1309 ,ξ
4017 1239 4209 1287 nunc
4233 1234 4394 1311 post
4423 1223 4701 1312 lapsum
4732 1240 4974 1299 tamen
5002 1249 5206 1299 mens
5253 1309 5263 1314 ,

3226 1324 3298 1383 et
3329 1336 3537 1382 verae
3583 1314 3888 1385 noticiae
3932 1316 4009 1386 in
4046 1330 4278 1389 mente
4313 1324 4712 1395 testimonia
4746 1343 4953 1409 sunt,
5007 1332 5205 1421 quod

3225 1413 3318 1484 sit
3361 1410 3599 1501 Deus,
3655 1429 3730 1488 et
3775 1418 3971 1511 quod
4011 1417 4104 1490 sit
4161 1423 4457 1494 essentis
4507 1427 4949 1519 intelligens,
5007 1454 5206 1517 vera,

3226 1516 3453 1602 bona,
3534 1515 3760 1605 iusta,
3854 1520 4204 1606 benefica,
4292 1537 4513 1611 casta,
4601 1530 4900 1617 vindex,
4976 1533 5202 1603 scele-

3221 1637 3389 1690 rum
3417 1632 3547 1690 etc.

3429 1722 3556 1792 21.
3606 1715 3702 1794 Et
3735 1745 3937 1793 amor
3968 1722 4046 1793 in
4074 1719 4231 1795 Deo
4263 1747 4426 1816 erga
4455 1740 4777 1799 naturam
4807 1725 5197 1803 humanam

3223 1822 3305 1892 in
3335 1815 3448 1893 his
3473 1823 3836 1896 beneficiis
3869 1824 4083 1896 etiam
4111 1826 4669 1900 considerandus
4698 1843 4818 1916 est,
4865 1836 5061 1925 quod
5093 1858 5200 1920 ea,

3170 1943 3173 1961 ”
3224 1945 3406 2019 quae
3443 1923 3521 1998 in
3552 1925 3706 2017 ipso
3735 1922 3891 1997 Deo
3924 1941 4093 1999 sunt
4119 1929 4416 2020 optima,
4477 1931 4687 2001 nobis
4715 1935 5197 2005 communica-

3228 2026 3370 2110 vit,
3466 2027 3732 2098 scilicet
3794 2028 4253 2120 sapientiam,
4345 2031 4748 2120 iusticiam,
4821 2034 5200 2118 laeticiam,

3226 2140 3296 2199 et
3340 2127 3742 2200 libertatem
3787 2131 4213 2213 voluntatis,
4267 2132 4417 2204 imo
4442 2155 4519 2204 se
4554 2134 4786 2227 ipsum
4813 2138 5022 2209 nobis
5066 2139 5200 2209 tri-

3170 2248 3171 2265 *
3225 2230 3429 2315 buit,
3477 2230 3649 2324 quia
3692 2230 3771 2301 in
3813 2232 4025 2304 nohis
4060 2245 4143 2304 ut
4180 2233 4263 2304 in
4292 2235 4560 2327 templo
4591 2257 4728 2307 suo
4758 2230 5202 2311 habitaturus

3223 2344 3403 2405 erat.

3425 2434 3555 2509 22.
3602 2430 3751 2506 sed
3786 2433 4007 2525 magis
4042 2437 4479 2529 conspicitur
4510 2460 4717 2511 amor
4747 2438 4823 2510 in
4853 2440 5199 2512 beneficio

3225 2535 3861 2617 reconciliationis,
3903 2537 4070 2631 qnia
4100 2554 4257 2631 post
4286 2540 4563 2633 lapsum
4594 2542 4929 2614 misertus
4957 2546 5208 2631 nostri,

3219 2637 3447 2711 mittit
3491 2637 3718 2707 filium
3767 2653 3836 2710 et
3864 2636 4215 2730 Spiritum
4267 2655 4592 2714 sanctum
4626 2645 4712 2716 sd
4747 2667 4881 2714 nos
4912 2646 5206 2716 salvan-

3228 2741 3383 2814 dos.
3483 2736 3683 2812 Duae
3713 2754 3883 2813 sunt
3916 2741 4112 2813 enim
4144 2765 4486 2834 personae
4513 2746 4783 2818 missae.

3429 2844 3556 2915 25.
3625 2839 3854 2914 Filius
3899 2844 4140 2915 statim
4169 2846 4261 2918 ab
4295 2846 4504 2917 initio
4536 2848 4802 2939 profert
4830 2847 5194 2942 decretum

3221 2944 3317 3014 de
3347 2942 3816 3030 redemtione,
3860 2969 4021 3016 cum
4052 2946 4319 3040 inquit:
4365 2947 4650 3022 Semen.
4677 2949 4992 3022 mulieris
5013 2974 5198 3021 con-

3227 3045 3531 3117 culcabit
3577 3061 3789 3138 caput
3831 3049 4213 3139 serpentis,
4275 3073 4357 3120 ac
4404 3051 4672 3122 dicitur
4715 3050 4903 3128 fitius
4946 3043 5192 3151 λόγος,

3231 3171 3381 3216 non
3426 3161 3700 3217 tantum
3746 3163 4061 3240 respectu
4089 3148 4361 3241 ‘patris,
4412 3152 4577 3245 quia
4610 3178 4774 3223 cum
4807 3154 4897 3225 sit
4926 3152 5198 3245 integra

3228 3250 3459 3337 imago
3503 3251 3757 3340 patris,
3809 3252 4234 3341 cogitatione
4275 3247 4625 3348 nascitur,
4676 3257 4805 3326 scd
4844 3256 5057 3328 etiam
5087 3258 5201 3327 di-

3229 3352 3413 3424 citur
3444 3342 3663 3451 λόγος
3696 3355 4009 3447 respectu
4044 3355 4271 3428 nostri
4288 3410 4308 3442 ,
4357 3356 4527 3450 quia
4572 3356 4843 3450 profert
4871 3352 5199 3451 Evange-

3225 3455 3444 3539 lium,
3493 3477 3576 3525 ex
3605 3479 3863 3527 arcano
3897 3457 4194 3529 consilio
4224 3460 4496 3529 aeterni
4527 3461 4786 3552 patris,
4824 3478 5197 3534 conservat

3225 3557 3699 3629 ministerium
3716 3554 4107 3650 Evangelii,
4129 3561 4307 3632 dicit
4333 3563 4895 3634 consolationem
4928 3564 5011 3635 in
5039 3588 5199 3639 cor-

3229 3660 3441 3731 dibus
3472 3662 3913 3732 credentium
3949 3685 4122 3733 voce
4145 3659 4524 3753 Evangelii
4545 3716 4570 3752 ,
4619 3679 4692 3738 et
4721 3666 5042 3738 ostendit
5071 3691 5196 3760 pa-

3230 3775 3449 3845 trem,
3498 3762 3681 3833 sicut
3714 3758 3867 3834 loh.
3902 3765 3966 3838 1.
3996 3764 4332 3856 scriptum
4362 3779 4500 3836 est:
4574 3765 4805 3840 Filius
4838 3769 4967 3862 qui
4987 3780 5093 3840 est
5121 3770 5197 3838 in

3223 3863 3387 3935 sinu
3427 3865 3681 3954 patris,
3730 3865 3879 3957 ipse
3924 3867 4278 3937 enarravit
4321 3868 4575 3952 nobis,
4626 3883 4698 3940 et
4725 3869 4875 3960 ipse
4924 3870 5187 3962 inquit:

3222 3960 3362 4060 τὴν
3396 3960 3640 4060 ἀρχὴν
3667 3962 3783 4039 ὅτι
3812 3961 3942 4038 καὶ
3971 3971 4172 4040 λαλῶ
4213 3962 4427 4060 ὑμῖν.
4519 3968 4729 4041 ltem:
4780 3967 5006 4040 Nemo
5049 3992 5185 4040 no·-

3222 4069 3326 4138 vit
3373 4079 3643 4158 patrem
3688 4069 3828 4141 nisi
3880 4069 4104 4155 filius,
4170 4084 4239 4142 et
4285 4071 4401 4145 cui
4464 4072 4649 4144 filius
4702 4068 5008 4142 voluerit
5066 4094 5187 4143 re-

3221 4169 3480 4241 velare.
5167 4192 5175 4200 ⁴
5239 4246 5248 4257 ,

3417 4267 3546 4344 24.
3614 4266 3755 4339 Hic
3791 4270 3981 4341 filius
4020 4273 4444 4346 admirando
4485 4272 4786 4345 'consilio
4836 4285 4908 4344 et
4950 4296 5190 4346 amore

3219 4371 3447 4443 nostri
3490 4373 3838 4443 adsumsit
3876 4367 4258 4445 humanam
4308 4391 4671 4460 naturam,
4734 4387 4804 4446 et
4843 4377 5196 4448 constitu-

3220 4489 3334 4546 tus
3367 4490 3470 4547 est
3500 4473 3902 4562 Mediator,
3952 4473 4385 4563 Redemtor,
4456 4476 4875 4551 iustificator
4917 4491 4989 4549 et
5032 4476 5195 4551 Sal·

3220 4592 3447 4648 vator.

3421 4674 3544 4749 26.
3629 4675 3774 4748 Nec
3820 4679 4018 4751 adest
4061 4692 4357 4752 naturae
4400 4674 4759 4753 humanae
4808 4706 5018 4778 quam
5061 4686 5195 4753 ad-

3219 4781 3471 4853 sumsit
3501 4791 3779 4850 tantum
3810 4781 4164 4867 societate,
4218 4783 4400 4854 sicut
4431 4785 4629 4875 adpst
4660 4777 5025 4870 Abrahae,
5078 4782 5197 4854 la·

3221 4884 3399 4968 coh,
3451 4876 3863 4971 Prophetis,
3916 4882 4096 4955 sicut
4143 4884 4313 4954 dicit
4345 4883 4589 4956 Iacob:
4643 4882 5033 4983 Benedicat
5080 4881 5197 4960 his

3225 4985 3467 5078 pueris
3485 4979 3717 5069 Deus,
3765 4997 3834 5054 et
3860 4981 4176 5074 Angelus
4203 4988 4332 5079 qui
4362 5011 4476 5058 me
4508 5011 4588 5057 ex
4621 4991 4965 5063 omnibus
4989 4990 5199 5061 malis

3221 5089 3556 5172 redemit,
3620 5089 3743 5157 sed
3800 5085 3975 5156 unio
4039 5102 4146 5158 est
4187 5082 4629 5183 hypostatica
4671 5097 4814 5167 τοῦ
4854 5086 5083 5192 λόγου
5123 5107 5197 5162 et

3219 5185 3574 5262 hnmanae
3619 5204 3915 5260 naturae
3962 5190 4363 5278 adsumtae,-
4408 5208 4485 5264 ut
4534 5207 4848 5282 gestetur
4878 5189 5194 5265 humana

3219 5308 3473 5367 natura
3506 5316 3547 5363 a
3582 5294 3796 5362 verbo
3832 5315 3985 5364 non
4017 5293 4250 5365 solum
4292 5294 4891 5388 inseparabiliter,
4940 5293 5062 5363 sed
5091 5294 5194 5364 ita

3219 5396 3428 5466 etiam
3450 5448 3471 5486 ,
3521 5406 3603 5464 nt
3643 5394 3782 5462 nisi
3828 5395 3928 5465 sic
3970 5409 4525 5484 sustentaretur,-
4566 5397 4688 5471 illa
4728 5416 4954 5466 massa
4981 5417 5113 5486 pro

3216 5519 3336 5568 sus
3367 5495 3714 5567 interiret.
5110 5526 5115 5530 ·

3418 5599 3543 5672 26.
3614 5592 3766 5666 Etsi
3797 5600 4200 5692 exemplum
4231 5624 4520 5694 prorsus
4546 5597 4776 5670 simile
4802 5600 5199 5670 monstrari

3215 5723 3366 5772 non
3397 5711 3647 5792 potest,
3670 5712 3908 5771 tamen
3941 5717 4250 5777 vestutas
4271 5728 4401 5777 usa
4428 5717 4528 5777 est
4556 5696 4689 5775 hsc
4709 5700 5196 5774 similitudine

3215 5825 3363 5872 esse
3394 5825 3617 5873 unum
3647 5794 4200 5899 ὑφιστάμενον,
4249 5801 4479 5905 λόγον
4521 5817 4596 5879 ct
4617 5804 5024 5881 adsumtum
5065 5827 5197 5879 na-
