6025 6775
510 657 584 730 ose
1055 598 1101 729 ἰ.
1155 653 1445 732 cunomcou
1472 646 1718 729 canterus.
1770 649 1969 727 rans-u.

2452 677 2527 752 954

607 830 640 896 A
657 826 814 898 Gallieni
832 829 1053 921 imperatoris
1067 842 1178 898 morte
1191 830 1234 897 ad
1250 825 1404 897 Honorii
1420 828 1488 894 im·
1541 824 1622 892 dius
1643 821 1744 891 duur
1767 821 1974 908 exercitum,
2001 838 2035 893 et
2057 848 2179 916 magna
2196 836 2371 911 celeritate
2388 844 2524 935 disper-

505 932 676 1021 peratoris
698 917 835 1020 tempus
859 944 941 1000 sunt
962 930 1046 998 anni
1065 930 1202 998 circiter
1219 944 1358 999 centum
1375 941 1409 996 et
1423 926 1485 994 tri·
1539 946 1596 993 sos
1619 924 1658 990 in
1681 921 1818 990 diversa
1837 923 1911 990 loca
1930 928 2118 1015 oppressit,
2143 943 2347 1031 tantamque
2359 948 2522 1019 multitu-

504 1033 613 1118 ginta.
665 1029 763 1099 lutra
788 1028 854 1099 boc
875 1044 1009 1121 tempus
1024 1026 1152 1098 Franci
1176 1054 1254 1098 eum
1280 1026 1486 1106 multisint-
1538 1025 1657 1091 dinem
1687 1023 1862 1092 foeliciter
1886 1024 2027 1095 delevit.
2097 1024 2292 1122 Aliquanto
2323 1059 2401 1129 post
2433 1042 2520 1121 haec

504 1131 968 1219 peratoribusdimicarunt,
995 1130 1162 1197 etlatein
1178 1130 1254 1217 ripa
1273 1126 1484 1195 Germanica
1536 1125 1687 1213 praelia,
1712 1124 1838 1192 morbo
1861 1124 2035 1194 extinctus
2057 1141 2117 1200 est.
2169 1130 2253 1203 Post
2275 1135 2348 1207 eius
2369 1161 2518 1220 mortem

504 1229 626 1300 Rheni
650 1242 902 1321 processerunt.
954 1229 1023 1300 seo
1041 1228 1194 1297 Honorii
1213 1242 1370 1318 tempore
1386 1240 1483 1296 trans

503 1326 673 1400 Rhenum
696 1332 795 1422 potiti
813 1343 896 1399 sunt
909 1330 998 1398 urbe
1016 1327 1267 1411 Trevirorum,
1293 1342 1327 1398 et
1343 1328 1483 1416 longius

504 1432 541 1496 in
560 1429 724 1501 Celticam
742 1430 829 1500 etin
847 1429 1028 1517 Belgicam
1046 1430 1218 1518 progressi
1236 1441 1329 1497 sunt.

603 1530 777 1601 Scribitur
798 1544 914 1600 autem
938 1524 1003 1596 bac
1020 1531 1200 1597 occasione
1218 1542 1359 1597 vocatos
1375 1550 1481 1598 essea

502 1629 678 1714 Treviris,
712 1632 794 1721 quia
825 1651 959 1718 praeses
983 1626 1136 1722 llonorii
1155 1628 1288 1698 Lucius
1317 1641 1481 1718 rapuerat

502 1754 645 1828 eruorem
669 1732 737 1798 riri
761 1730 902 1798 nobilis.
955 1728 1004 1798 Ut
1025 1729 1132 1817 igitur
1152 1730 1365 1799 libidinosus
1379 1753 1480 1817 prae-

501 1851 552 1897 ses
576 1831 827 1920 expelleretur,
860 1829 1022 1898 accersita
1044 1846 1125 1901 sunt
1148 1830 1276 1899 auxilia
1301 1827 1480 1912 Francica,

499 1932 587 2002 sicut
603 1953 705 2020 saepe
722 1944 864 2020 propter
883 1929 1049 1998 libidines
1072 1953 1197 2018 magna
1218 1952 1324 2018 regna
1345 1942 1476 1999 mutata

499 2045 591 2100 sunt.
644 2030 802 2098 Primum
825 2044 940 2099 autem
962 2053 1078 2117 regem
1098 2027 1226 2098 Franci
1249 2043 1328 2121 post
1351 2031 1479 2099 transi-

498 2142 575 2197 tum
591 2132 630 2196 in
640 2127 1075 2199 GalliamWarmundum
1090 2131 1288 2202 nominant.
1339 2128 1397 2198 Ab
1411 2125 1477 2198 hoc

499 2230 601 2298 initia
624 2226 852 2319 pulcherrimi
868 2229 966 2318 regni
982 2228 1161 2318 Francici‚
1188 2233 1281 2322 quod
1297 2226 1478 2313 Celticam,

498 2327 678 2415 Belgicam
712 2344 746 2398 et
788 2352 949 2418 magnam
979 2328 1191 2398 Germaniae
1226 2343 1358 2420 partem
1395 2342 1478 2401 tunc

499 2428 718 2518 complexum
745 2443 813 2514 est,
839 2443 1083 2518 recensentur,
1110 2442 1150 2498 ut
1172 2443 1292 2519 postea
1313 2430 1379 2500 sub
1401 2429 1476 2499 Ho-

498 2528 602 2597 norio
618 2530 764 2601 dicetur.
814 2529 918 2597 Nunc
934 2530 977 2597 ad
994 2529 1117 2596 serie'm
1135 2544 1331 2620 temporum
1347 2532 1464 2602 redeo.

1318 2632 1419 2703 allica
1443 2645 1477 2702 et

498 2726 685 2814 Francica,
726 2741 858 2818 septem
893 2753 1005 2798 annos
1041 2731 1156 2801 tenuit
1195 2733 1403 2823 imperium,
1443 2747 1476 2802 et

498 2853 598 2920 saepe
627 2830 712 2899 ricit
741 2828 910 2897 exercitus
934 2828 1103 2904 Gallieni.
1169 2831 1329 2902 Tandem
1352 2834 1476 2903 fraude

497 2931 701 2999 interfectus
718 2942 788 3013 est,
812 2928 967 2997 Lolliani
986 2932 1084 3000 ducis
1100 2933 1258 3013 insidiis,
1285 2958 1389 3026 quem
1405 2946 1475 3002 sta·

496 3031 560 3097 tim
576 3030 782 3099 Victorinus
798 3052 935 3120 praeses
948 3028 1120 3101 Coloniae
1132 3034 1351 3124 Agrippinae
1365 3037 1476 3104 inter-

495 3132 590 3199 fecit.
646 3130 849 3200 Gallienum
874 3147 992 3220 postea
1016 3134 1189 3203 interfecit
1210 3158 1318 3225 prope
1335 3134 1476 3204 Medio-

495 3230 616 3298 lanum
639 3228 828 3322 Cecropius
849 3228 1021 3304 Dalmata.
1079 3231 1269 3325 Multiplex
1292 3236 1386 3303 enim
1409 3237 1476 3303 du-

496 3355 574 3400 cum
597 3334 690 3402 iuter
712 3355 803 3415 sese,
831 3333 893 3426 qui
917 3348 1001 3404 tune
1025 3335 1254 3424 imperatores
1268 3336 1338 3406 dici
1353 3336 1475 3406 volue-

495 3447 600 3519 runt,
624 3434 764 3504 laniena
782 3434 861 3503 fuit.

545 3632 652 3704 Anno
668 3639 792 3706 mnndi
809 3651 933 3732 quater
946 3638 1134 3707 millesimo
1152 3638 1391 3707 ducentesimo
1409 3637 1476 3707 tri-

700 3738 828 3806 cesimo
844 3740 956 3808 tertio.
1034 3798 1050 3823 ,

544 3831 652 3904 Anno
667 3835 804 3907 Romae
818 3837 1005 3906 millesimo
1022 3838 1188 3906 vicesimo
1204 3839 1331 3927 primo.

545 3937 652 4005 Anno
669 3932 804 4008 Christi
819 3939 1057 4008 ducentesimo
1071 3940 1322 4032 septuagesimo
1337 3937 1464 4027 primo.

756 4088 945 4158 Flavius
971 4076 1208 4159 Claudius.

596 4230 756 4307 Flavius
778 4229 966 4308 Claudias
993 4239 1184 4330 imperator
1215 4239 1326 4307 factus
1357 4249 1408 4304 est
1430 4237 1475 4304 ab

497 4338 647 4403 exercitu
667 4341 714 4428 ¹ad
738 4336 1011 4421 Mediolanum,
1044 4340 1142 4407 cuins
1162 4337 1332 4406 iudicium
1357 4349 1475 4424 postea

497 4437 740 4521 comprobavit
751 4435 910 4511 Senatus.
961 4435 1136 4523 Regnavit
1157 4459 1291 4504 annum
1313 4459 1425 4504 unum
1442 4450 1475 4505 et

497 4557 634 4602 menses
657 4559 794 4607 novem.
846 4538 988 4629 Quanta
1012 4538 1118 4606 luerit
1140 4537 1249 4628 ipsius
1268 4536 1401 4621 virtus,
1435 4561 1474 4606 ex

498 4635 649 4706 Senatus
675 4635 876 4709 testimonio
907 4651 1068 4730 apparet,
1097 4638 1134 4704 in
1164 4661 1235 4730 quo
1261 4633 1345 4706 haec
1368 4638 1473 4706 verba

495 4737 638 4805 recitata
654 4749 753 4805 sunt:
779 4729 920 4808 Claudi
932 4736 1094 4834 Auguste
1108 4747 1147 4806 tu
1162 4731 1318 4817 Frater,
1343 4747 1382 4805 ta
1397 4731 1472 4806 Pa-

496 4844 567 4918 ter,
591 4845 630 4905 tu
652 4835 811 4916 amicus,
834 4846 872 4905 tu
889 4839 1002 4911 boans
1017 4837 1192 4923 Senator,
1218 4847 1257 4907 tu
1274 4861 1349 4907 vere
1363 4832 1475 4907 Pria·

498 4957 586 5029 ceps.
653 4937 749 5007 Haec
788 4943 972 5029 praeconia
999 4941 1127 5012 multas
1156 4939 1300 5009 eximias
1329 4941 1476 5010 virtutes

497 5037 789 5125 complectuntur.
841 5036 936 5107 Dum
952 5056 1066 5111 autem
1084 5039 1270 5111 Gallienus
1287 5041 1326 5106 in
1341 5041 1426 5110 luxu
1443 5053 1476 5108 et

496 5138 640 5227 popinis
661 5140 768 5224 vivit,
792 5153 826 5210 et
847 5164 910 5231 per
931 5141 1118 5212 seditiones
1141 5141 1244 5211 multi
1267 5140 1475 5232 seimpera-

497 5255 592 5307 tores
614 5240 823 5323 nominant,
849 5255 883 5311 et
904 5241 999 5308 inter
1019 5264 1090 5310 sese
1106 5243 1297 5325 dimicant,
1321 5253 1475 5311 trecenta

494 5340 609 5408 millia
627 5338 818 5410 Gottorum
840 5355 874 5411 et
886 5340 1102 5410 Herulorirm
1120 5347 1164 5412 ad
1179 5343 1328 5414 fluvium
1343 5340 1477 5435 Tyram

497 5441 653 5526 collecta,
681 5442 900 5512 transierunt
911 5441 1039 5533 partim
1055 5441 1267 5534 inMysiam,
1294 5443 1420 5532 partim
1437 5442 1477 5509 in

497 5539 764 5627 Macedoniam,
790 5556 826 5613 et
846 5545 915 5613 late
936 5540 1079 5631 gressui
1103 5555 1186 5612 snnt
1202 5546 1333 5637 rapinis
1351 5556 1384 5613 et
1402 5566 1478 5612 cae-

500 5639 614 5710 dibus.
667 5641 898 5714 Obsederunt
922 5643 1026 5712 etiam
1052 5662 1195 5729 magnas
1214 5648 1339 5729 urbes,
1364 5639 1478 5712 Thes·

500 5741 690 5811 salonicam
714 5759 749 5816 et
769 5743 1031 5815 Cassandream.
1083 5740 1262 5812 Adversus
1284 5742 1348 5814 bos
1371 5743 1478 5817 Clau-

551 5838 737 5912 Mrnerrn.
764 5850 870 5917 Orrn.
894 5850 978 5917 vor..
1003 5845 1083 5914 ΧΠ.

1536 1224 1685 1293 Senatus
1703 1218 1852 1293 honoris
1869 1225 1979 1315 ipsius
1996 1250 2098 1296 eausa
2114 1231 2275 1323 clypeum
2292 1260 2455 1329 aureum,
2478 1251 2519 1318 in

1535 1350 1605 1417 quo
1626 1326 1741 1413 imago
1763 1326 1837 1394 eius
1860 1348 2017 1415 expressa
2042 1328 2128 1414 tuit,
2154 1332 2192 1399 in
2208 1332 2384 1426 Capitolio
2406 1347 2518 1416 collo-

1534 1428 1635 1497 cavit.

1585 1632 1692 1707 Anno
1721 1641 1845 1708 mundi
1885 1658 2009 1733 quater
2043 1644 2232 1719 millesimo
2273 1653 2512 1730 ducentesimo

1734 1740 1909 1808 tricesimo
1925 1744 2061 1833 quinto.

1582 1834 1690 1908 Anno
1708 1837 1844 1909 Rornae
1861 1840 2047 1912 millesimo
2066 1843 2363 1923 vicesimotertio.

1583 1938 1692 2009 Anno
1703 1934 1837 2009 Christi
1852 1939 2092 2011 ducentesimo
2106 1953 2359 2039 septuagesimo
2374 1958 2489 2028 tertio.

1743 2098 1967 2170 Valerius
1999 2100 2303 2180 Aurelianus.

1636 2260 1813 2335 Valerius
1836 2256 2079 2343 Aurelianae,
2116 2279 2218 2335 natus
2245 2270 2283 2337 iu
2306 2272 2447 2365 syrmio
2473 2282 2511 2350 in

1528 2366 1663 2437 familia
1681 2364 1850 2454 ignobili,
1876 2376 1988 2433 matre
2003 2364 2196 2435 sacrificata
2211 2364 2323 2454 Solis,
2349 2399 2428 2444 cnm
2445 2384 2511 2452 sub

1529 2467 1680 2539 Claudio
1710 2466 1919 2557 praecipuus
1946 2466 2017 2533 dux
2041 2477 2129 2534 esset
2152 2480 2273 2536 contra
2297 2467 2444 2559 Gottos,
2476 2494 2511 2549 et

1529 2572 1656 2641 ductor
1678 2568 1854 2659 equitum,
1880 2579 1959 2653 post
1981 2588 2060 2634 eum
2085 2567 2129 2634 ab
2154 2569 2306 2639 exercitu
2319 2572 2511 2663 imperator

1528 2674 1641 2740 tactus
1669 2682 1735 2752 est,
1767 2667 1868 2737 cuius
1890 2666 2062 2734 iudicium
2082 2670 2324 2756 comprobarit
2346 2671 2508 2753 Senatus.

1528 2770 1705 2858 Regnavit
1731 2791 1844 2836 annos
1875 2788 1943 2833 ser.
1994 2763 2146 2835 Militari
2175 2768 2306 2840 virtute
2336 2778 2510 2866 excelluit,

1528 2874 1589 2942 sed
1606 2881 1748 2960 propter
1765 2866 2007 2937 crudelitatem
2026 2867 2122 2935 venit
2139 2867 2176 2933 in
2193 2870 2327 2941 odium.

1629 2986 1714 3055 Fuit
1734 2996 1848 3052 autem
1873 2983 1978 3068 digna
2000 2981 2104 3051 laude
2126 2986 2291 3056 severitas
2311 2989 2386 3058 eius
2402 2991 2438 3060 in
2454 3018 2510 3064 re-

1528 3089 1640 3179 genda
1662 3083 1858 3173 disciplina.
1912 3078 1953 3147 ln
1976 3104 2088 3171 poena
2111 3083 2235 3154 militis
2252 3088 2315 3179 qui
2332 3086 2508 3181 hospitam

1528 3186 1684 3281 pervim
1709 3196 1976 3271 compresserat,
2002 3182 2159 3254 imitatus
2183 3198 2234 3254 est
2251 3185 2350 3258 Bessi
2372 3196 2509 3284 suppli-

1528 3292 1639 3362 cium:
1679 3282 1819 3352 intlexis
1852 3283 1989 3352 duabus
2017 3283 2204 3354 arboribus
2231 3310 2311 3357 eum
2341 3292 2510 3382 alligavit,

1529 3415 1617 3486 quae
1633 3412 1711 3457 cum
1723 3406 1846 3455 rursus
1862 3383 2099 3472 erigerentur,
2124 3387 2225 3456 miles
2239 3390 2434 3483 discerptus
2448 3404 2510 3468 est.

1631 3503 1831 3595 Antequam
1860 3502 1973 3570 faetus
1997 3515 2048 3572 est
2071 3502 2262 3593 imperator
2284 3502 2509 3600 Aurelianus,

1528 3607 1698 3702 pugnavit
1712 3628 1791 3674 eum
1802 3601 1948 3672 Francis
1962 3601 2004 3668 ad
2017 3599 2260 3690 Moguntiam,
2286 3609 2349 3676 nbi
2364 3612 2510 3703 triginta

1527 3711 1639 3780 millia
1655 3706 1875 3777 Francorum
1890 3702 2062 3772 trucidata
2080 3726 2154 3774 esse
2168 3706 2345 3782 scribitur.

1629 3824 1819 3914 Postquam
1836 3833 1951 3890 autem
1967 3819 2130 3890 successit
2147 3817 2314 3906 Claudio,
2340 3829 2508 3902 terribilis

1528 3928 1702 4019 expeditio
1724 3922 2063 3994 Marcomannorum
2089 3934 2126 3989 et
2143 3919 2340 3994 Suevorum
2364 3933 2509 4002 retraxit

1529 4054 1608 4101 eum
1636 4029 1674 4096 in
1698 4025 1855 4103 ltaliam,
1888 4020 1949 4111 qui
1973 4021 2042 4086 iam
2067 4016 2311 4091 Mediolanum
2334 4043 2508 4116 ceperant,

1528 4145 1563 4202 et
1585 4144 1753 4199 terrorem
1777 4119 1860 4187 urbi
1874 4115 2009 4186 Romae
2028 4116 2178 4186 similem
2193 4119 2371 4195 Cimbrico
2388 4128 2507 4198 incus-

1528 4242 1656 4301 serant.
1711 4217 1851 4291 Munito
1875 4217 1983 4303 igitur
1999 4215 2112 4286 limite
2129 4220 2287 4311 imperii,
2315 4249 2507 4318 properans

1527 4334 1565 4402 iri
1590 4327 1749 4405 ltaliam,
1775 4320 1868 4410 apud
1892 4316 2105 4386 Placentiam
2129 4319 2260 4389 delevit
2281 4323 2508 4396 Marcoman·

1527 4454 1592 4503 nos
1608 4442 1643 4498 et
1656 4426 1809 4505 Suevos,
1836 4420 1895 4488 sed
1911 4440 2037 4506 magna
2051 4418 2149 4488 clade
2164 4418 2319 4490 Romani
2336 4430 2508 4498 exercitus

1527 4534 1625 4623 prius
1648 4537 1797 4613 accepta.
1849 4519 2010 4589 Fuerunt
2029 4530 2145 4587 autem
2162 4517 2408 4594 Marcomanni
2424 4551 2507 4618 par·

1526 4637 1590 4706 tim
1604 4625 1762 4710 Boiemi,
1786 4621 1914 4711 partim
1932 4618 2072 4688 Morari
2090 4634 2125 4689 et
2141 4617 2334 4708 Austriaci,
2358 4639 2398 4696 ut
2412 4651 2508 4699 nune

1527 4733 1752 4805 nominemus
1782 4722 1891 4796 Suevi
1920 4715 2071 4810 Alpibus
2098 4720 2225 4802 vicini,
2271 4726 2333 4816 qui
2363 4749 2400 4796 se
2427 4752 2506 4799 cum

1529 4827 1792 4906 Marcomannis
1824 4822 2088 4893 coniunxerant.
2156 4818 2281 4893 Pacata
2306 4823 2407 4897 ltalia
2431 4826 2508 4902 Ro.

1528 4960 1621 5006 mam
1637 4930 1811 5024 protectus
1825 4920 2056 5005 Aurelianus,
2079 4921 2269 4993 seditiones
2282 4928 2436 4998 urbanas
2452 4954 2508 4999 se-

1528 5037 1642 5119 davit,
1667 5047 1701 5101 et
1717 5025 1839 5096 multis
1854 5024 1990 5091 civibus
2011 5020 2220 5106 interfectis,
2252 5039 2430 5121 uteunque
2446 5029 2507 5101 lu·

1528 5137 1620 5207 dicia
1647 5127 1818 5207 restituit,
1851 5135 1886 5191 et
1915 5121 2104 5190 constituto
2135 5124 2233 5193 urbis
2262 5138 2373 5214 statu,
2406 5134 2507 5201 duxit

1529 5233 1718 5307 exercitum
1746 5226 1912 5297 adversus
1943 5219 2158 5307 Zenobiam,
2191 5248 2280 5316 quae
2303 5226 2440 5322 Syriam
2472 5249 2506 5303 et

1528 5338 1645 5406 vicina
1681 5332 1757 5400 loca
1790 5324 1949 5405 tenebat,
1987 5333 2022 5390 et
2055 5320 2136 5392 liliis
2170 5346 2275 5412 regna
2306 5332 2505 5420 quaerebat.

1528 5439 1625 5509 llaec
1647 5432 1766 5521 regina
1789 5428 1886 5495 velut
1908 5421 2113 5494 Semiramis
2137 5425 2236 5496 duxit
2260 5432 2447 5512 exercitus,
2471 5446 2507 5502 et

1529 5551 1629 5608 antea
1642 5534 1781 5603 fortiter
1794 5525 1926 5618 repulit
1938 5521 2071 5593 Persas.
2112 5521 2248 5611 Postea,
2273 5552 2351 5596 cum
2367 5529 2506 5620 Syriam

1528 5635 1703 5710 Romanis
1731 5634 1929 5719 ademptam
1954 5625 2091 5695 tradere
2112 5624 2195 5694 tiliis
2216 5639 2418 5712 conaretur,
2449 5655 2506 5699 re·

1528 5737 1662 5833 petenti
1683 5758 1758 5806 eam
1773 5727 1988 5806 Aureliano,
2014 5745 2187 5829 cessuram
2210 5750 2246 5794 se
2269 5747 2341 5795 esse
2357 5732 2507 5819 negavit.

1826 5831 1872 5903 61
