6025 6775
507 561 583 635 009
1185 551 1214 625 t.
1265 545 1561 629 cunomcou
1592 547 1841 629 canrotus.

2456 585 2533 664 810

507 734 575 804 hus
597 743 631 801 et
646 728 782 800 ultimis
799 724 922 819 poenis
940 722 1190 817 opprimuntur
1205 720 1248 801 ii,
1274 722 1338 815 qui
1359 720 1490 794 iniusta
1540 743 1621 792 cum
1635 716 1693 792 his
1709 724 1804 796 bona
1821 725 2089 819 damnatorum,
2110 747 2146 808 et
2161 738 2354 815 multorum
2376 741 2548 831 aliorum..
2587 789 2589 796 ·
2631 731 2636 742 ⁸

506 832 600 904 bella
624 842 831 914 moverunt,
857 851 915 898 seu
939 827 1022 896 odio
1046 846 1106 892 sen
1129 822 1321 911 cupiditate
1344 822 1490 892 maioris
1540 823 1795 912 partiebantur.

503 932 693 1026 potentiae.
727 928 873 1000 Initium
888 924 994 998 buius
1008 923 1093 993 belli
1107 921 1306 993 tritonum
1321 920 1490 992 abAthe-
1556 1001 1559 1008 ‚
1639 921 1729 997 Erat
1753 926 1847 998 inter
1869 923 1935 1001 hos
1957 933 2101 1024 triginta
2115 929 2381 1036 Theramenes,
2406 956 2468 1047 qui
2483 973 2523 1031 us

504 1033 709 1115 aiensibus,
734 1031 795 1123 qui
820 1027 992 1100 adiunctis
1006 1023 1189 1118 Corcyreis
1212 1023 1406 1113 potentiam
1422 1048 1487 1094 au·
1539 1034 1614 1092 erat
1628 1038 1775 1113 astutus,
1801 1043 1948 1103 etantea
1962 1036 2178 1110 mutationes
2190 1050 2361 1135 quasdam
2377 1073 2522 1145 rexerat,

504 1133 584 1224 g'ere
617 1132 855 1209 conabantur,
890 1138 923 1196 et
951 1123 1250 1195 Lacedaemonios
1281 1137 1487 1194 contemne·
1538 1135 1573 1193 et
1583 1137 1659 1195 arte
1674 1127 1867 1201 deduxerat
1882 1155 1957 1202 rem
1973 1137 2016 1206 ad
2030 1137 2268 1231 deditionem,
2286 1162 2328 1221 ut
2343 1154 2429 1225 urbs
2445 1180 2520 1229 ser.

502 1236 603 1306 bant.
655 1228 808 1302 Accessit
823 1241 856 1297 et
873 1227 995 1297 odium
1014 1226 1052 1294 in
1069 1223 1204 1294 Pericle
1221 1224 1389 1294 adversus
1405 1223 1486 1295 Me·
1537 1221 1690 1300 vacetur.
1740 1225 1811 1299 Hir
1828 1233 1995 1325 cogitans,
2021 1231 2115 1310 haue
2127 1244 2312 1318 saeviciam
2328 1275 2401 1323 non
2417 1279 2520 1346 posse

502 1355 675 1425 garenses.
708 1328 814 1398 Venit
827 1328 937 1418 igitur
950 1327 990 1395 in
1004 1327 1138 1396 tristem
1153 1324 1356 1395 servitutem
1366 1320 1486 1398 Attica
1536 1325 1742 1398 diuturnam
1757 1352 1855 1413 esse,
1875 1346 1909 1407 et
1931 1335 2044 1407 sciens
2059 1346 2307 1431 praestantiam
2322 1352 2465 1429 virtutis
2478 1362 2517 1433 in

503 1436 635 1505 civitas.
683 1426 731 1499 Et
746 1441 786 1498 ut
803 1428 956 1517 intelligi
972 1439 1109 1518 posset,
1134 1425 1307 1514 singulari
1324 1426 1483 1519 exemplo
1535 1422 1760 1523 Thrasybulo
1789 1433 1912 1514 exule,
1959 1436 2028 1508 fuit
2061 1433 2221 1514 hortator
2252 1452 2505 1532 moderationis

502 1531 701 1625 superbiam
729 1529 894 1623 punitam
922 1550 1014 1611 esse,
1048 1529 1094 1597 ad
1125 1540 1268 1597 cantum
1294 1525 1483 1598 Tibiarum
1534 1522 1700 1597 Metuens
1717 1531 1980 1622 igiturCritias,
2004 1540 2066 1631 qui
2082 1541 2175 1614 inter
2187 1546 2332 1637 triginta
2346 1515 2519 1632 crudelis:

501 1632 595 1705 muri
608 1630 720 1701 eversi
736 1642 837 1714 sunt,
862 1641 897 1699 et
911 1649 1019 1697 naves
1032 1641 1216 1701 crematae.
1534 1625 1644 1695 simus
1661 1644 1752 1716 erat,
1772 1656 1835 1719 ne,
1860 1649 1900 1707 ut
1914 1650 1988 1708 erat
2004 1642 2129 1712 artifex
2149 1641 2407 1743 Theramenes,
2427 1683 2516 1732 con.

599 1730 797 1823 Scriptores
817 1728 1006 1799 nominant
1026 1723 1118 1799 hanc
1138 1721 1361 1799 Athenarum
1382 1728 1484 1798 dedi-

497 1835 634 1907 tionem
663 1833 769 1903 finem
798 1832 886 1901 belli
907 1827 1218 1922 Peloponnesiaci,
1251 1829 1335 1922 quia
1355 1829 1485 1899 caeteri

499 1933 629 2006 Graeci
658 1933 913 2026 aliquantisper
941 1932 1170 2024 quieverunt,
1211 1952 1291 1999 cum
1324 1930 1482 2021 potentia

498 2033 861 2106 Lacedaemoniorum
891 2031 1128 2103 formidabilis
1158 2044 1265 2115 esset,
1300 2046 1334 2103 et
1360 2055 1481 2122 aspera

498 2147 614 2206 essent
630 2134 789 2225 imperia.
839 2131 911 2204 Nec
925 2133 1038 2203 multo
1059 2143 1139 2223 post
1151 2123 1335 2220 Agesilaus
1350 2132 1481 2201 exerci-

496 2250 573 2307 tum
591 2236 630 2304 in
645 2232 766 2305 Asiam
783 2235 893 2304 duxit.
926 2228 1125 2303 Atticarum
1142 2255 1225 2300 vero
1240 2230 1480 2303 calamitatum

497 2336 659 2408 nondum
673 2335 754 2405 finis
766 2334 845 2405 fuit.
892 2331 982 2404 Nam
1000 2334 1143 2422 triginta
1160 2333 1315 2425 tyranni,
1340 2333 1384 2402 de
1400 2333 1481 2427 qui-

498 2440 567 2509 hus
587 2461 669 2505 mox
691 2436 846 2517 dicetur,
872 2435 992 2526 plures
1014 2433 1108 2502 cives
1127 2432 1220 2502 intra
1244 2446 1322 2503 octo
1344 2457 1479 2504 menses

497 2536 731 2621 trucidarunt,
756 2560 863 2630 qnam
878 2533 1050 2603 decennio
1066 2536 1112 2604 ab
1127 2528 1290 2604 hostibus
1304 2534 1479 2606 interlecti

471 2643 476 2652 “
495 2639 653 2717 fuerant,
676 2650 719 2707 ut
735 2649 856 2706 narrat
873 2629 1086 2724 Xenophon.
1119 2631 1245 2704 Postea
1259 2636 1478 2727 recuperatio

494 2737 668 2809 libertatis
692 2737 871 2809 mirabiles
887 2757 986 2805 casus
1002 2730 1120 2809 habet.
1169 2731 1273 2806 Nunc
1286 2758 1399 2807 annos
1414 2760 1479 2809 an-

492 2838 706 2912 notabimus.

774 2985 904 3079 Captae
922 2999 1004 3058 sunt
1017 2981 1195 3058 Athenae:

597 3127 634 3195 Ω.
657 3118 766 3192 Anuo
782 3114 986 3190 Artaxerxis
1002 3116 1219 3191 Mnemonis.

598 3222 660 3295 27.
684 3222 814 3305 Anno,
837 3240 960 3288 mense
978 3233 1094 3306 sexto,
1119 3221 1165 3290 ab
1183 3218 1289 3291 initio
1309 3219 1395 3291 belli
1409 3219 1478 3293 Pe-

1534 1737 1587 1795 tra
1611 1722 1707 1798 hunc
1727 1743 1856 1803 statum
1878 1735 2016 1832 aliquid
2044 1742 2249 1833 moliretur,
2275 1770 2411 1828 accusat
2432 1784 2513 1834 eum

1534 1829 1629 1919 apud
1654 1829 1825 1921 collegas,
1850 1847 1886 1904 et
1902 1839 1989 1926 petit
2003 1865 2082 1912 eum
2106 1843 2266 1920 interfici.
2316 1850 2514 1935 Therame-

1532 1949 1596 1998 nes
1608 1951 1644 1999 se
1661 1945 1812 2017 excusat,
1830 1946 1866 2004 et
1880 1942 2077 2027 respondet,
2100 1967 2161 2016 sua
2177 1950 2323 2023 consilia
2338 1978 2413 2028 non
2428 1984 2515 2034 con-

1532 2027 1640 2147 traria
1662 2026 1744 2101 huic
1766 2033 1889 2119 statui,
1916 2038 1977 2106 sed
2000 2042 2117 2128 potius
2132 2048 2299 2123 salutaria
2313 2078 2405 2143 esse,
2429 2065 2513 2155 quia

1532 2145 1663 2210 rnrusta
1678 2132 1825 2203 saevicia
1840 2157 1914 2203 non
1929 2138 2038 2226 possit
2053 2162 2127 2211 esse
2141 2147 2322 2228 diuturna.
2347 2152 2395 2229 Et
2410 2184 2511 2235 nosse

1531 2252 1567 2300 se
1589 2229 1707 2324 inquit
1725 2236 2006 2324 magnitudinem
2029 2240 2142 2314 animi
2164 2258 2199 2318 et
2226 2253 2366 2324 consilii
2391 2260 2429 2329 in
2452 2286 2512 2336 ex-

1530 2330 1632 2422 pulso
1650 2328 1897 2431 Thrasybulo,
1922 2338 1984 2431 qui
2004 2355 2128 2412 nactus
2148 2348 2289 2420 exulum
2310 2358 2513 2435 multitudi-

1529 2453 1630 2550 nem,
1661 2456 1737 2503 non
1770 2436 1817 2508 sit
1846 2438 2042 2511 omissuros
2072 2446 2221 2517 consilia
2250 2466 2511 2544 recuperandae

1528 2545 1674 2625 patriae.

1629 2631 1795 2727 Denique
1816 2634 1873 2705 lex
1897 2640 2064 2711 tuebatur
2086 2637 2365 2740 Theramenem,
2390 2679 2511 2735 recens

1529 2733 1616 2803 lata:
1649 2732 1703 2804 Ne
1717 2735 1890 2827 collegae,
1913 2740 2063 2826 ausilii,
2088 2745 2204 2836 quiin
2219 2752 2375 2842 catalogo
2392 2764 2511 2855 scripti

1528 2846 1649 2918 erant,
1674 2835 1750 2903 sine
1773 2835 1907 2907 iudicio
1930 2839 2221 2921 interficerentur.
2270 2849 2321 2924 At
2344 2875 2427 2944 ego,
2452 2863 2511 2933 in-

1529 2933 1607 3027 quit
1628 2931 1777 3019 Critias,
1801 2958 1847 3005 ne
1870 2930 1929 3007 hic
1951 2940 2028 3029 lege
2051 2964 2089 3011 se
2111 2946 2202 3016 tueri
2225 2952 2354 3039 possit,
2378 2980 2510 3033 nomen

1530 3035 1605 3103 eius
1620 3034 1743 3120 deleo,
1771 3049 1805 3105 et
1826 3059 1907 3106 eum
1929 3042 2140 3115 condemno.
2190 3042 2326 3122 Tacent
2346 3055 2500 3150 collegae

1530 3134 1613 3229 quia
1629 3135 1753 3205 vident
1767 3149 1921 3207 armatos
1933 3161 1976 3208 ex
1999 3142 2156 3233 catalogo
2175 3145 2410 3224 circumstare.
2461 3118 2512 3236 Ei

1530 3258 1610 3306 cum
1637 3238 1683 3306 ad
1714 3258 1812 3305 aram
1837 3239 2041 3329 confugeret
2065 3239 2327 3337 Theramenes,
2359 3253 2512 3347 imperat

696 3319 951 3416 loponnesiaci.

595 3427 658 3498 77.
684 3420 792 3496 Anno
807 3446 827 3492 a
841 3419 1034 3493 Salaminia
1053 3421 1212 3496 victoria.

597 3526 657 3596 19.
681 3524 789 3596 Anno
812 3536 894 3594 ante
913 3543 975 3613 cap
1070 3520 1223 3594 Romam
1242 3546 1264 3595 a
1280 3520 1413 3609 Gallis,
1437 3535 1479 3594 ut

696 3622 868 3718 Polybius
884 3622 977 3693 scrib

598 3721 707 3799 Anno
727 3726 853 3797 muudi
871 3721 983 3799 3565.

1494 3354 1499 3364 ·
1528 3336 1715 3408 lictoribus
1730 3333 1878 3419 Critias,
1904 3352 1946 3412 ut
1969 3364 2050 3414 eum
2075 3344 2121 3415 ab
2144 3368 2204 3417 ara
2229 3349 2454 3446 abstrahant,
2476 3377 2512 3437 et

1529 3437 1752 3513 interficiant.
1801 3435 2011 3513 Abstractus
2025 3445 2169 3518 ducitur
2180 3451 2225 3519 ad
2240 3451 2436 3530 bibendum
2452 3488 2515 3535 ve-

1529 3561 1681 3623 nenum,
1707 3540 1802 3630 quod
1826 3562 1908 3609 cum
1933 3536 2169 3635 exhausisset,
2193 3565 2230 3621 et
2250 3552 2511 3649 aliquantulum

1529 3638 1626 3731 quod
1657 3639 1834 3732 reliquum
1867 3655 1960 3729 erat,
1991 3643 2191 3733 effudisset,
2223 3652 2343 3726 iocans
2376 3658 2512 3754 inquit:

1529 3738 1609 3858 H.⁰⁰
1632 3736 1956 3860 propinoCritiae.
2006 3741 2077 3816 Hic
2102 3749 2214 3821 exitus
2238 3765 2291 3824 est
2316 3752 2512 3836 Therame-

686 3919 755 3990 De
789 3918 999 4012 triginta
1036 3919 1279 4009 Tyrannia.
1528 3841 1807 4015 ἲέἰζῑῖῑῖθήωῃ
1823 3862 1974 3916 mm
1996 3845 2152 3938 mmm
2173 3864 2510 3944 ‘’mmmmm''

592 4053 643 4130 Ut
663 4068 783 4127 autem
799 4051 948 4122 victores
965 4049 1237 4121 Lacedaemonii
1254 4049 1388 4143 ubique
1410 4073 1477 4142 po·
1629 4039 1758 4113 Fuerat
1773 4052 1890 4113 autem
1912 4056 1946 4114 et
1960 4058 2064 4117 antea
2080 4048 2317 4125 mutationum
2335 4056 2374 4129 in
2389 4059 2513 4157 Repu.

489 4159 635 4236 tentiam
658 4155 774 4249 plebis
797 4152 1061 4232 diminuehant,
1087 4164 1122 4224 et
1145 4144 1369 4242 Oligarchias
1391 4174 1477 4221 con-
1528 4142 1620 4214 blica
1646 4155 1681 4214 et
1702 4152 1805 4211 autor
1828 4155 1864 4211 et
1884 4142 2077 4215 dissolutor
2096 4152 2264 4238 callidus,
2288 4178 2348 4228 seu
2367 4173 2408 4230 ut
2421 4161 2511 4236 Rei.

492 4261 697 4333 stituebant:
736 4258 785 4328 ita
809 4267 843 4323 et
864 4248 1017 4322 Athenis
1038 4253 1187 4323 fonnem
1211 4251 1477 4342 gubernationis
1527 4242 1709 4335 publicae,
1734 4262 1795 4310 sen
1810 4253 1851 4313 ut
1865 4237 1934 4311 sibi
1951 4246 2166 4332 consuleret,
2192 4266 2234 4326 ut
2254 4255 2295 4325 in
2308 4254 2510 4339 Comoediis

493 4371 693 4439 mutarunt,
726 4371 761 4429 et
783 4353 929 4443 triginta
954 4351 1041 4421 viris
1065 4348 1346 4423 Atheniensibus
1369 4353 1476 4422 dede-
1527 4342 1741 4430 exagitatur,
1772 4342 1868 4434 qnod
1891 4357 1967 4414 arte
1990 4345 2116 4418 solitus
2136 4350 2183 4421 sit
2204 4377 2241 4424 se
2271 4377 2313 4427 ex
2343 4362 2510 4451 periculis

495 4471 582 4531 runt
597 4480 769 4527 summam
791 4463 1018 4548 potestatem,
1041 4464 1076 4522 et
1092 4451 1307 4522 addiderunt
1322 4450 1477 4522 Laconi-
1527 4444 1704 4529 evolvere,
1730 4454 1764 4514 et
1780 4465 1817 4512 se
1831 4444 1877 4513 ad
1891 4444 2091 4518 occasiones
2114 4449 2305 4528 inflectere.
2357 4458 2462 4535 Unda
2475 4481 2509 4540 ey

495 4582 579 4633 eum
599 4556 822 4649 praesidium.
874 4552 924 4624 Hi
945 4550 1089 4641 triginta
1111 4552 1217 4622 initio
1236 4573 1300 4623 suo
1314 4553 1476 4640 consilio,
1526 4539 1733 4618 Cothumus
1764 4545 1970 4616 nominatus
2000 4562 2062 4623 est.
2117 4545 2167 4622 Et
2187 4550 2445 4649 Aristophanes
2469 4564 2509 4638 in

495 4662 573 4733 sine
588 4656 802 4747 cognitione,
822 4656 1046 4730 turbulentos
1063 4653 1167 4740 cives,
1194 4675 1283 4746 quos
1296 4653 1405 4725 fuisse
1420 4679 1475 4726 se-
1525 4644 1640 4720 Ranis
1654 4648 1714 4731 ait,
1738 4668 1819 4717 cum
1834 4646 1986 4717 venitin
2005 4649 2204 4739 discrimen,
2230 4646 2305 4727 arte
2317 4660 2509 4739 eluctatum

494 4762 673 4835 ditionum
687 4770 826 4828 autores
836 4772 960 4831 uotum
977 4769 1069 4840 erat,
1090 4754 1351 4825 interfecerunt.
1401 4753 1475 4828 Nec
1527 4769 1617 4819 esset
1654 4745 1859 4820 Ht'mwm
1886 4743 1955 4829 ἔξω
1983 4751 2112 4824 κακῶν
2125 4749 2172 4824 ori
2188 4755 2271 4848 χῖος
2291 4753 2383 4835 ἀλλὰ
2398 4768 2508 4860 κῶος,

494 4864 535 4933 id
546 4882 650 4951 aegre
663 4857 746 4930 tulit
761 4858 923 4948 populns,
947 4858 1032 4952 quia
1048 4879 1154 4926 nemo
1170 4855 1356 4945 ignorabat
1368 4857 1475 4928 luisse
1526 4850 1687 4921 alludens
1706 4850 1750 4919 ad
1775 4847 1901 4918 ludum
1921 4848 2094 4938 salomen,
2117 4873 2193 4922 non
2214 4857 2351 4947 unitas,
2372 4867 2435 4936 sed
2453 4890 2509 4939 se.

495 4961 699 5044 seditiosos,
723 4972 758 5030 et
771 4978 908 5028 necesso
922 4973 1007 5045 erat,
1033 4957 1151 5050 palam
1166 4954 1350 5028 seditiosos
1366 4979 1385 5026 e
1399 4982 1475 5030 me-
1525 4951 1587 5021 nio
1605 4950 1728 5024 victor.
1761 4943 1904 5021 Accidit
1918 4964 2035 5023 antem
2051 4946 2174 5024 hocin
2192 4956 2358 5033 civilibus
2369 4965 2508 5039 dissen-

494 5061 720 5139 (1101011215
772 5056 845 5130 sed
871 5057 1099 5132 immodestia
1129 5056 1285 5150 potentia
1313 5079 1388 5127 non
1411 5059 1475 5130 aliu
1525 5050 1704 5130 sionibus,
1729 5061 1769 5119 ut
1790 5050 1967 5122 moderati
1990 5075 2010 5122 a
2032 5046 2359 5134 vehementioribus
2382 5072 2509 5164 oppfi.

491 5177 614 5237 manet
634 5162 729 5232 intra
750 5159 861 5230 iustas
880 5170 997 5231 metas.
1045 5157 1241 5254 Aliquanto
1264 5171 1344 5249 post
1366 5156 1475 5249 igitur
1524 5162 1688 5235 matur»
1712 5146 1848 5219 11ῑᾶἶᾶ
1872 5150 1978 5219 ³⁰¹2&
2011 5149 2126 5250 ”Opts
2148 5150 2199 5230 ἂν
2211 5153 2265 5254 μὴ
2282 5155 2387 5264 φάγῃ
2406 5167 2509 5266 ὅφιν,

491 5263 535 5339 hi
547 5262 694 5356 triginta
709 5259 780 5331 viri
794 5258 900 5331 etiam
917 5253 1081 5330 honestos
1098 5262 1208 5345 cives,
1233 5281 1322 5352 quos
1338 5272 1473 5332 metue-
1523 5243 1576 5348 μή
1590 5274 1678 5323 ποτε
1691 5243 1884 5348 γενήσεται
1898 5241 2064 5346 δράκων.

490 5369 581 5442 haut
602 5379 664 5438 aut
680 5364 850 5446 oderant,
874 5356 1081 5449 expulerunt
1100 5361 1260 5447 civitate,
1286 5372 1348 5430 aut
1361 5359 1474 5432 inter·
2129 5417 2142 5448 ,

490 5470 662 5542 iecerunt.
689 5459 738 5535 Et
751 5475 792 5533 ut
807 5484 843 5532 se
858 5456 1040 5530 munirent
1053 5461 1186 5533 maiore
1201 5460 1389 5553 praesidio,
1414 5485 1473 5532 ca·
1635 5420 1703 5492 ”⁶
1731 5413 2023 5513 mmmm
2058 5429 2103 5496 θ’
2136 5422 2398 5528 Ammi·

492 5570 651 5660 talogum
665 5564 899 5657 scripserunt,
924 5557 993 5629 tria
1008 5555 1121 5628 millia
1132 5560 1283 5645 civium,
1309 5585 1398 5655 quos
1411 5564 1485 5633 de·-
1624 5547 1704 5624 Elsi
1727 5564 1844 5623 aulem
1866 5564 1946 5644 post
1975 5546 2069 5626 hanc
2100 5556 2236 5630 cladem
2258 5585 2325 5632 uec
2351 5568 2509 5655 potentia

493 5670 603 5741 lectos
623 5692 666 5740 ex
686 5664 831 5738 caeteris
846 5659 1093 5734 existimabant
1105 5657 1174 5730 sibi
1189 5663 1264 5736 lore
1277 5663 1415 5752 fideles,
1439 5676 1475 5737 et
1525 5655 1629 5751 prior
1644 5648 1888 5743 Athenarum,
1913 5676 1979 5724 nec
1999 5655 2112 5731 virtus
2131 5683 2196 5732 nec
2217 5662 2386 5734 autoritas
2407 5671 2511 5755 resti·

544 5772 723 5841 assises.
749 5771 852 5843 Orsa.
878 5768 961 5840 vor.
975 5759 1055 5833 ΧΠ.
1948 5750 2000 5830 52
