6025 6775
1198 663 1352 743 668

1217 832 1412 913 trahi
1450 846 1721 906 mentes
1761 852 1801 901 a
1845 825 2041 912 Deo,
2119 836 2189 895 et
2244 821 2398 893 veri
2460 818 2780 907 dolores,
2858 823 2929 892 et
2988 840 3196 891 verae
3249 881 3250 884 ,

1225 936 1752 1014 consolationes
1789 929 2208 1013 discernunt
2238 924 2398 1017 pios
2427 924 2520 994 ab
2546 917 2960 1019 hypocritis.

2748 635 3715 745 msrtJTA‘rtonEs

3305 934 3530 1032 prima
3607 932 3704 1007 de
3786 937 4100 1007 iusticia
4179 931 4390 1033 fidei.

5129 657 5288 733 664

3353 813 3711 910 (Lxxl.)
3802 764 4816 896 DISPUTATIONES
4874 818 5238 921 DUAE,

4520 933 4856 1015 Secunda
4918 944 5013 1018 de
5074 947 5290 1023 bonis

1431 1052 1558 1127 29.
1618 1047 1774 1119 Hac
1803 1047 1882 1116 in
1911 1046 2059 1116 vita
2090 1063 2301 1128 usum
2331 1034 2639 1123 habent,
2705 1053 2776 1112 et
2819 1063 2860 1110 a
2902 1038 3043 1131 piis
3084 1035 3201 1107 in·
3309 1035 3680 1134 operibus.
3798 1034 4109 1109 Habitae
4162 1058 4207 1110 a
4258 1038 4828 1120 Bernhardo
4875 1052 5286 1147 Ζίρῑενο,

1227 1155 1451 1245 telligi
1508 1162 1845 1243 possunt,
1922 1148 2012 1217 ad
2057 1167 2367 1239 quorum
2404 1142 2669 1214 iudicia
2712 1160 3201 1234 provocamus.

1231 1258 1437 1331 Sicut
1480 1255 1692 1323 docet
1733 1246 2089 1319 Psalmus:
2163 1240 2551 1338 Expectavi
2592 1241 3015 1319 Dominum.
3119 1239 3205 1311 ln

1234 1358 1458 1430 verbo
1485 1354 1638 1424 eius
1669 1348 1966 1442 speravi.

1326 1518 1335 1530 ·
1445 1471 1570 1542 80.
1635 1469 1956 1541 Haerent
1984 1464 2066 1538 in
2099 1464 2426 1539 omnium
2470 1463 2730 1535 animis
2771 1431 3215 1535 tristissimae
3269 1549 3270 1553 Ἰ

1228 1572 1722 1649 Δᾶιιὶιὶιειίοιιιεσ
1741 1624 1764 1657 ,
1829 1566 2092 1664 quibus
2125 1591 2287 1638 -non
2329 1588 2726 1661 repugnare
2769 1578 2876 1637 est
2913 1565 3219 1658 profun-

1243 1679 1419 1748 dum
1446 1688 1519 1745 et
1542 1695 1875 1763 magnum
1904 1682 2264 1763 peccatum
2281 1721 2305 1754 ,
2356 1669 2547 1764 quod
2577 1666 2802 1759 gignit
2833 1679 3051 1737 tetros
3077 1666 3219 1736 l're-

1244 1778 1464 1848 mitus
1489 1776 1824 1845 adversus
1850 1768 2123 1859 Deum,
2171 1769 2300 1864 qui
2327 1770 2464 1840 tela
2497 1768 2720 1859 ignita
2747 1765 3221 1841 Diabolorum

1248 1878 1596 1960 invitant,
1654 1886 1901 1945 contra
1947 1894 2128 1966 quae
2167 1870 2364 1943 iubet
2400 1867 2594 1942 Deus
2638 1869 2907 1966 opponi
2952 1869 3225 1958 cogita-

1256 1980 1531 2050 tionem
1577 1975 1780 2046 verbi
1823 1986 1892 2044 et
1931 1972 2446 2065 precationem,
2505 1971 2693 2042 sicut
2732 1969 2810 2041 in
2842 1969 3227 2042 Salomone

1255 2079 1554 2150 dicitur:
1609 2072 1871 2148 Omnis
1905 2095 2136 2143 sermo
2160 2068 2299 2144 Dei
2325 2072 2592 2166 clipeus
2622 2084 2727 2144 est
2768 2071 2924 2164 igni
2964 2092 3231 2164 purga-

1257 2198 1376 2252 tus
1405 2177 1851 2271 sperantibus
1879 2188 2170 2266 propter
2203 2173 2468 2266 ipsum.
2574 2170 2787 2243 Item:
2840 2169 3101 2257 Orate,
3141 2192 3231 2239 ne

1260 2278 1546 2351 intretis
1585 2277 1666 2348 in
1716 2275 2203 2348 tentationem.
2323 2271 2519 2344 Haec
2559 2274 2748 2346 lucta
2791 2273 2885 2345 sit
2929 2272 3236 2356 assidua,

1267 2403 1543 2472 semper
1579 2378 1659 2448 in
1705 2390 2083 2467 conspectu
2123 2374 2270 2446 sint
2322 2374 2514 2446 dicta
2557 2390 2745 2448 certa
2791 2387 2863 2446 et
2907 2373 3236 2453 illustria,

1191 2572 1195 2576 ⁵
1263 2495 1337 2554 et
1366 2482 1749 2552 misceatur
1773 2476 2122 2569 precatio,
2175 2489 2259 2548 ut
2285 2471 2644 2549 Dominus
2672 2475 2942 2571 inquit:
2991 2471 3236 2568 Opor-

1266 2597 1371 2654 tet
1401 2603 1678 2674 semper
1711 2602 1937 2650 orare.

1474 2699 1598 2770 81.
1649 2694 2204 2768 Tentationihus
2235 2697 2325 2768 de
2353 2694 2778 2785 indignitate
2811 2697 3236 2792 opponenda

1272 2815 1381 2873 est
1405 2798 1729 2872 doctrina
1767 2798 1858 2867 de
1899 2797 2202 2887 gratuita
2252 2796 2854 2874 reconciliatione.
2968 2795 3240 2868 Tenta-

1270 2902 1593 2976 tionibus
1625 2921 1794 2969 vero
1824 2898 1914 2968 de
1946 2898 2286 2970 electione
2320 2907 2784 2990 opponantur
2824 2899 3241 2991 promissio-

1269 3025 1401 3075 nes
1427 2999 1864 3074 universales
1881 3053 1903 3085 ,
1951 3021 2083 3071 nec
2112 3000 2608 3071 labefactemns
2632 3000 2799 3070 fidei
2830 3000 3039 3071 initia
3068 3000 3244 3071 alie-

1272 3106 1390 3176 nis
1460 3101 2064 3194 disputationibus
2128 3125 2277 3171 non
2335 3101 2685 3172 mandatis
2744 3124 2786 3170 a
2844 3098 3040 3187 Deo,
3120 3101 3240 3170 sed

1274 3208 1500 3278 simus
1541 3226 1897 3274 memores
1936 3202 2111 3273 dicti
2147 3200 2561 3298 Syracidae:
2631 3198 2837 3289 Quae
2875 3199 3071 3272 Deus
3110 3201 3244 3272 tibi

1275 3306 1669 3403 praecepit,
1728 3316 1968 3375 sancte
2016 3304 2269 3394 cogita.
2381 3300 2550 3373 Non
2590 3301 2735 3393 agit
2771 3302 3069 3374 verbum
3109 3299 3245 3374 Dei

1281 3411 1438 3483 sine
1468 3406 1931 3498 cogitatione,
1977 3419 2062 3478 ut
2093 3407 2276 3479 fiunt
2300 3402 2611 3495 magicae
2638 3403 2970 3480 actiones.

1489 3522 1614 3593 82.
1677 3519 2053 3592 Horrenda
2087 3521 2409 3613 impietas
2438 3533 2540 3590 est
2572 3516 2925 3593 pontificii
2954 3522 3248 3611 dogma-

1283 3624 1418 3707 tis,
1467 3625 1659 3716 quod
1709 3623 1910 3695 iubet
1953 3622 2282 3694 dubitare
2330 3623 2421 3690 de
2467 3620 2882 3691 remissione
2925 3635 3248 3713 peccato-

1279 3747 1444 3795 rum
1463 3777 1485 3809 ,
1528 3723 1708 3797 sicut
1732 3736 1805 3796 et
1833 3723 2167 3821 Synodus
2191 3720 2615 3792 Tridentina
2647 3723 2977 3799 decrevit.

1486 3841 1605 3916 88.
1668 3840 1945 3914 Multae
1987 3837 2502 3911 controversiae
2533 3838 2912 3911 diiudicari
2954 3851 3252 3933 possunt

1284 3941 1862 4017 exGrammatica
1894 3942 2173 4031 cognita
2205 3934 2473 4033 phrasi.
2573 3938 2841 4012 Hosius
2872 3964 3252 4032 argumen-

1276 4059 1473 4119 tatur
1499 4047 1589 4116 de
1627 4042 2002 4114 sacrificio:
2072 4038 2328 4112 Graeci
2373 4036 2752 4115 nominant
2795 4043 3252 4115 administra-

1277 4148 1551 4219 tionem
1582 4166 1842 4237 coenae
1873 4140 2172 4215 Domini
2202 4139 2712 4241 λειτουργίαν,
2759 4144 2978 4236 igitur
3006 4158 3112 4217 est
3140 4167 3252 4215 sa-

1214 4251 1221 4256 ’
1277 4247 1648 4320 crificinm.
1752 4243 1849 4316 At
1875 4241 2294 4343 λειτουργία
2323 4246 2672 4336 significat
2713 4247 3002 4339 proprie
3031 4245 3252 4317 mini·-

1277 4349 1573 4422 sterium
1609 4346 2010 4441 publicum,
2060 4360 2128 4417 et
2159 4347 2465 4417 maxime
2498 4349 2925 4420 conveniens
2958 4371 3252 4432 nomen,

1277 4466 1385 4525 cst
1411 4453 1501 4522 ad
1533 4463 1936 4522 nostrarum
1968 4442 2445 4518 Ecclesiamm
2480 4450 3104 4532 consuetudinem,
3172 4450 3248 4518 in

1279 4576 1421 4646 qua
1450 4553 1779 4623 minister
1808 4547 2093 4642 p'ublice
2124 4543 2411 4619 exhibet
2442 4550 2908 4621 sumentibus.

1487 4667 1610 4744 s4.
1655 4666 1932 4758 Regula
1967 4665 2369 4736 firmissima
2408 4677 2548 4749 est,
2599 4660 2802 4735 Nihil
2841 4661 3099 4739 habere
3132 4692 3252 4739 ra-

1283 4767 1554 4838 tionem
1596 4766 2038 4838 sacramenti
2062 4779 2276 4845 extra
2321 4788 2530 4836 usum
2576 4765 3019 4852 institutum,
3080 4770 3248 4864 qnia

1279 4867 1485 4939 nulla
1528 4877 1850 4939 creatura
1893 4861 2111 4938 habet
2153 4867 2605 4939 autoritatem
2633 4866 3066 4941 instituendi
3117 4869 3252 4944 Sa-

1279 4982 1661 5045 cramenta.
1761 4960 1955 5060 Ergo
1985 4966 2388 5059 pontificiae
2432 4968 2880 5040 adorationes
2921 4971 2998 5041 in
3048 4974 3248 5044 obla-

1283 5072 1481 5142 tione
1540 5087 1611 5145 et
1663 5069 2323 5163 circumgestatione
2368 5083 2537 5143 sunt
2584 5070 2947 5165 idolorum
2989 5075 3248 5148 cultus.

1270 5167 1373 5246 Et
1396 5174 1642 5264 regula
1669 5175 1975 5246 tenenda
2009 5186 2146 5245 est:
2197 5170 2451 5265 Fugite
2492 5173 2709 5246 idola.
2807 5173 3103 5249 Necesse
3146 5192 3252 5252 est

1274 5288 1516 5347 autem
1548 5290 1616 5348 et
1644 5299 1852 5347 veros
1882 5299 2051 5346 usus
2076 5274 2381 5363 discere,
2435 5275 2607 5345 etin
2641 5277 3000 5378 sumtione
3023 5302 3248 5371 agno-

1276 5491 1347 5550 et
1390 5501 1558 5551 vere
1615 5475 1989 5570 participes
2035 5496 2184 5545 esse
2233 5496 2675 5546 summorum
2711 5479 3248 5572 beneficiorum,

1270 5603 1455 5675 quae
1496 5575 1856 5653 Ecclesiae
1898 5573 2203 5661 meruit,
2266 5586 2340 5646 et
2382 5597 2515 5667 pro
2563 5577 2663 5648 eis
2704 5581 2968 5670 gratias
3019 5606 3244 5676 agere.

1236 5679 1439 5802 ldeo
1509 5683 1780 5758 dictum
1845 5689 1987 5754 est:
2059 5671 2221 5752 Hoc
2282 5675 2494 5750 facite
2558 5676 2637 5750 in
2699 5681 2843 5753 mei
2911 5689 3244 5760 recorda.

1261 5797 1554 5865 nonem.
1626 5858 1633 5865 ,

4000 1136 4090 1210 D.
4135 1134 4599 1240 Theologiae.

3713 1323 4389 1415 Disputatio
4465 1336 4879 1423 prima:

3919 1461 4045 1534 De
4096 1464 4414 1536 iusticia
4456 1460 4665 1563 fidei.

3317 1610 3565 1697 Huius
3610 1622 4158 1716 propositionis:
4232 1624 4416 1699 Fide
4479 1629 4973 1722 imtifioemur,
5027 1570 5299 1718 *vari-ae

3321 1726 3763 1819 corruptelae
3820 1749 3972 1798 non
4024 1726 4258 1799 solum
4301 1724 4440 1800 hoc
4481 1743 4833 1826 tempore,
4898 1739 5024 1808 sed
5077 1742 5301 1811 etiam

3322 1830 3496 1902 olim
3530 1826 3955 1917 excogitatae
3986 1843 4190 1916 sunt,
4248 1854 4429 1924 quae
4471 1858 4725 1925 magna
4763 1837 5129 1928 vigilantia
5174 1866 5304 1912 ca-P

3329 1930 3599 2000 vendae
3655 1940 3726 1999 et
3785 1928 4199 2000 refutandae
4263 1930 4470 2019 sun't,
4562 1960 4657 2007 ne
4717 1938 5115 2030 praestigiis
5179 1965 5305 2011 so-

3327 2027 3762 2123 phismatum
3792 2027 4225 2102 inducantur
4268 2033 4606 2108 tenebrae
4647 2039 4956 2132 simplici
4996 2043 5306 2127 veritati,

3328 2146 3401 2204 et
3427 2132 3846 2203 obscuretur
3872 2130 4095 2221 gloria
4122 2131 4255 2203 filii
4273 2128 4450 2221 Dei,
4512 2150 4584 2209 et
4609 2162 4774 2212 vera
4796 2164 4878 2212 ac
4908 2144 5304 2214 necessaria

3329 2231 3729 2306 consolatio
3762 2232 4212 2305 conscientiis
4241 2235 4607 2326 eripiatur.
5304 2299 5310 2306 .

3536 2330 3630 2404 ll.
3716 2328 3902 2404 Cum
3944 2346 4177 2405 autem
4225 2336 4315 2404 de
4358 2333 4862 2414 lustificatione
4907 2343 5305 2436 loquimur,

3333 2457 3613 2506 necesse
3641 2447 3746 2506 est
3776 2429 3950 2506 haec
3986 2435 4123 2506 tria
4158 2437 4561 2527 complecti,
4610 2443 5103 2515 remissionem
5136 2468 5310 2537 pec-

3335 2552 3691 2616 catorum,
3745 2548 3819 2628 et
3865 2535 4402 2629 imputationem
4444 2540 4802 2630 iusticiae,
4853 2558 4926 2617 et
4972 2545 5312 2618 donatio..

3337 2664 3500 2709 nem
3546 2636 3861 2728 Spiritus
3906 2638 4177 2720 sancti,
4256 2638 4669 2715 vivificantis
4711 2647 4928 2715 corda
4971 2647 5150 2731 fide,
5227 2646 5312 2717 id

3339 2753 3479 2826 est,
3524 2739 3782 2809 fiducia
3816 2738 4264 2823 mediatoris,
4317 2739 4394 2808 in
4421 2764 4562 2833 quo
4589 2758 4788 2817 motu
4830 2770 4995 2817 vere
5042 2749 5119 2818 fit
5166 2742 5317 2818 hoc

3340 2843 3420 2911 in
3470 2840 3722 2925 nobis,
3787 2839 3980 2932 quod
4024 2839 4199 2912 dicit
4240 2834 4605 2914 Christus:
4669 2843 4974 2938 Spiritus
5016 2862 5316 2918 sanctus

3340 2940 3763 3035 glorificabit
3805 2963 3942 3014 me.
4045 2937 4257 3011 Tunc
4297 2964 4462 3023 vere
4511 2947 4909 3034 agnoscitur
4935 2950 5319 3029 mediator,

3342 3058 3412 3116 et
3449 3042 3662 3114 simul
3687 3042 3767 3112 fit
3798 3035 4158 3113 inchoatio
4188 3064 4416 3113 novae
4438 3042 4905 3124 obedientiae.

3546 3142 3681 3219 111.
3747 3139 4166 3234 Perspicua,
4213 3156 4499 3216 aeterna
4530 3159 4602 3217 et
4627 3146 5317 3243 immotaEvangelii

3344 3245 3692 3317 sententia
3723 3256 3849 3329 est,
3895 3238 4295 3333 Agentibus
4313 3244 4829 3337 poenitentiam
4852 3251 5115 3323 remitti
5149 3277 5317 3345 pec-

3345 3361 3531 3435 cata,
3581 3368 3732 3418 non
3762 3358 4053 3438 propter
4078 3346 4366 3440 propria
4407 3347 4808 3440 benefacta,
4847 3354 4980 3426 sed
5022 3370 5319 3448 propter

3304 3450 3573 3523 ¹lilium
3642 3445 3777 3519 Dei
3835 3447 4055 3538 gratis
4112 3472 4237 3541 per
4298 3448 4548 3537 fidem,
4643 3475 4787 3546 qua
4854 3469 4925 3528 et
4977 3457 5315 3528 articulos

3349 3573 3596 3622 omnes
3634 3549 3802 3622 fidei
3832 3549 4168 3635 credunt,
4233 3562 4306 3621 et
4346 3551 4486 3622 sibi
4535 3556 4898 3646 applicant
4936 3558 5315 3632 articulum

3349 3653 3440 3723 de
3484 3651 3964 3747 remissione,¹
3999 3672 4081 3721 ac
4127 3650 4268 3722 sibi
4309 3652 4486 3745 ipsis
4525 3658 4798 3730 remitti
4835 3675 5119 3752 peccata
5162 3682 5314 3732 cre-

3348 3755 3555 3827 duna
5301 3756 5308 3763 ⁰

3554 3847 3685 3923 IV.
3733 3845 3976 3920 Actor.
4008 3848 4127 3918 10.
4155 3848 4451 3924 dicitur:
4501 3850 4698 3929 Huic
4724 3880 4969 3936 omnes
4996 3859 5322 3956 Prophe-

3350 3970 3463 4028 tae
3492 3951 3980 4027 testimonium
4010 3944 4429 4043 perhibent,
4478 3959 4798 4051 accipere
4827 3964 5320 4046 remissionem

3353 4069 3796 4149 peccatorum
3841 4077 3973 4146 per
4010 4066 4277 4124 nomen
4322 4056 4476 4130 eius
4501 4057 4815 4149 omnes,
4856 4067 4980 4158 qui
5019 4068 5323 4140 credunt

3353 4160 3431 4230 in
3460 4181 3644 4231 eum.
3719 4150 3821 4224 Et
3848 4156 3938 4226 ad
3954 4152 4265 4228 Roman.
4294 4156 4403 4234 8.;
4453 4157 4917 4234 Iustifieamur
4939 4167 5163 4255 gratis
5198 4192 5325 4261 per

3352 4258 3648 4353 gratiam
3709 4254 3970 4363 ipsius,
4048 4261 4179 4348 per
4211 4261 4727 4353 ⁸redemtionem
4749 4313 4773 4347 ,
4803 4287 5035 4357 -·.quae
5080 4281 5198 4340 est
5248 4271 5323 4341 in

3351 4358 3640 4435 Christo
3672 4355 3829 4429 lesu
3845 4411 3868 4445 ,
3909 4380 4122 4452 quem
4155 4362 4522 4453 proposuit
4547 4358 4740 4432 Deus
4764 4365 5321 4459 propiciatorem

3354 4488 3483 4558 per
3510 4463 3718 4533 fidem
3752 4459 3833 4529 in
3867 4459 4213 4551 sanguine
4241 4464 4410 4533 eius.
4860 4538 4870 4551 ⁴
5103 4477 5107 4480 ’

3558 4561 3651 4633 V.
3710 4557 3858 4632 Nec
3885 4560 4185 4634 obscura
4207 4575 4375 4634 sunt
4400 4556 4575 4634 haec
4622 4563 5090 4663 intelligenti,
5146 4573 5320 4668 qnid

3355 4619 3449 4739 sit
3490 4662 4006 4754 Evangelium,
4079 4676 4154 4739 et
4211 4663 4426 4760 quod,
4465 4664 4563 4737 sit
4611 4666 4992 4743 discrimen
5032 4673 5215 4765 legis
5255 4690 5322 4748 et

3293 4855 3296 4860 ἢ
3351 4763 3753 4856 Evangelii.

3556 4864 3687 4943 Vl.
3747 4862 3932 4938 Cum
3961 4858 4193 4938 Adam
4227 4877 4299 4937 et
4327 4859 4481 4940 Eva
4526 4869 4705 4964 lapsi
4747 4885 5011 4960 essent,
5059 4892 5324 4949 norant

3353 4971 3615 5064 legem,
3658 4983 3728 5040 et
3758 4969 3927 5038 inde
3961 4965 4591 5059 ratiocinabantur,
4639 4995 4717 5043 se
4748 4974 5121 5048 damnatos
5149 5000 5326 5051 esset

3356 5071 3641 5146 iusticia
3672 5067 3811 5141 Dei
3831 5082 3947 5140 ‘est
3977 5069 4485 5158 immutabilis,
4535 5074 4862 5146 damnari
4889 5077 5329 5151 inobedien-

3353 5189 3457 5248 tes
3494 5190 3599 5248 est
3626 5171 3906 5245 iusticia
3936 5167 4116 5259 Dei,
4178 5193 4346 5264 ergo
4375 5195 4526 5245 non
4552 5178 4950 5284 mutabitur
4970 5185 5328 5256 sententia

3308 5273 3309 5278 ’
3353 5279 3444 5350 de
3468 5275 3948 5351 damnatione.
4023 5325 4027 5329 ·

1274 5397 1468 5448 scere
1512 5398 1647 5449 nos
1674 5370 1960 5448 Christo
2006 5375 2258 5446 insitos
2298 5396 2484 5455 esse,
2508 5383 2513 5386 ’
2533 5387 2873 5469 tanquam
2924 5383 3248 5454 surculos
3381 5422 3386 5427 ·

3559 5375 3725 5448 vu.
3805 5374 3968 5447 Hoc
4025 5389 4521 5468 argumentum
4569 5379 4770 5451 nulla
4814 5393 5135 5451 creatura
5184 5386 5332 5455 sol·

3353 5502 3520 5549 vere
3541 5477 3813 5572 potuit,
3861 5478 3987 5547 sed
4016 5477 4208 5551 filius
4241 5475 4378 5549 Dei
4407 5480 4874 5554 inenarrabili
4902 5482 5215 5557 consilio
5268 5499 5335 5557 et

3352 5579 3696 5652 immensa
3769 5577 4127 5666 bonitate,
4215 5593 4453 5652 motus
4506 5582 4994 5657 misericordia
5046 5588 5331 5678 generis

3348 5674 3686 5764 humani,
3736 5680 3964 5754 iactus
4003 5694 4108 5754 est
4150 5681 4598 5772 deprecator,
4640 5698 4716 5759 et
4753 5685 4864 5757 illi
4907 5703 5327 5785 argumento

3347 5782 3448 5854 sic
3493 5783 3897 5881 respondit,
3972 5795 4056 5856 ut
4097 5780 4598 5857 iusticiaeDei
4669 5787 5081 5879 satisfieret,
5161 5792 5326 5886 quia
