6025 6775
442 683 486 765 et
848 705 853 720 ·
995 676 1153 755 unca.
1196 676 1269 755 nu
1303 611 1576 760 smirna,
1609 649 1899 747 rnracrr'u.
2410 666 2461 738 es

440 875 475 932 et
495 854 719 946 diligentiam
741 858 930 942 praestent,
953 861 989 919 et
1011 849 1061 920 sic
1077 864 1197 939 regant
1218 872 1352 932 mores,
1376 871 1423 917 ne
1473 858 1645 917 sectarum
1675 843 1812 933 excerpi
1841 837 1909 912 hoc
1942 863 2088 931 agmen,
2121 838 2215 932 quod
2240 837 2378 905 fruetur
2400 834 2462 905 illa

440 962 564 1031 dolore
593 956 747 1024 alliciant
769 950 939 1040 Spiritum
966 964 1145 1036 sanctum,
1176 951 1237 1019 sed
1265 964 1306 1021 ut
1326 946 1422 1019 Deus
1473 946 1676 1017 dulcissima
1695 941 1762 1013 Dei
1785 944 1947 1013 societate
1969 944 2008 1010 in
2029 955 2102 1013 tota
2125 939 2349 1014 aeternitate,
2380 953 2460 1004 cum

440 1062 559 1129 faveat
575 1053 787 1123 discentibus
810 1063 844 1120 et
863 1061 987 1137 augeat
1005 1052 1117 1133 dona,
1142 1051 1233 1121 sicut
1254 1050 1423 1140 scriptum
1473 1043 1567 1117 hauc
1587 1045 1784 1115 doctrinam
1805 1042 1976 1112 divinitus
2002 1044 2168 1114 traditam
2193 1040 2310 1119 audit,
2346 1035 2461 1121 discit,

444 1173 514 1228 est:
549 1152 699 1223 Habenti
716 1148 870 1219 dabitur.
913 1148 1108 1235 Teautem,
1129 1152 1180 1219 fili
1197 1148 1265 1220 Dei
1280 1150 1423 1218 domine

445 1257 526 1327 lesu
534 1250 677 1334 Christe,
691 1249 855 1319 crucifixe
870 1271 936 1338 pro
952 1250 1057 1317 nobis
1071 1263 1106 1320 et
1119 1252 1332 1336 resuscitate,
1347 1272 1424 1334 oro,

450 1370 488 1427 ut
501 1376 560 1422 nos
574 1351 750 1440 gubernes
763 1363 798 1420 et
810 1370 940 1423 serves.
988 1345 1086 1424 Diri.

439 1716 506 1791 No.
528 1718 613 1792 159.

451 1812 623 1844 W

1231 1726 1280 1787 sn.
1303 1722 1399 1791 1554.

1209 1810 1420 1851 m

660 1923 736 2008 Dc
752 1922 955 2042 Sibylla,
983 1924 1215 2039 l'rincipc.

507 2097 657 2218 separatim
684 2096 800 2166 prodiit:
832 2096 929 2153 Oratio
950 2098 983 2152 de
1005 2096 1134 2169 Principe
1155 2095 1274 2169 Sibylla,
1308 2094 1426 2163 coniuge

555 2167 627 2221 lect.
646 2164 706 2219 Sar.
719 2164 777 2220 lolr.
791 2165 939 2233 Frideriei,
964 2165 1068 2225 recita
1084 2170 1126 2220 lo.
1139 2166 1277 2220 Forstero.
1312 2161 1426 2217 Witeb.

543 2235 619 2290 tata.
642 2234 667 2288 8.
684 2232 743 2316 Ul,
755 2233 793 2303 pl.
809 2261 845 2274 -·
878 2234 984 2290 liecusa
1002 2235 1030 2287 in
1049 2234 1143 2289 select.
1162 2234 1312 2288 Declamat.
1332 2228 1366 2283 Τ.
1379 2226 1427 2281 lll.

542 2320 569 2368 p.
579 2303 625 2356 ttt
635 2319 707 2374 sqq„
724 2307 839 2360 berrest.
849 2300 882 2358 Τ.
890 2301 938 2358 lll.
951 2321 978 2375 p.
987 2303 1046 2357 tat.
1056 2312 1084 2357 et
1095 2299 1224 2358 Ricbsrd.
1236 2299 1271 2355 Τ.
1283 2298 1318 2352 ΙΙ.
1332 2314 1358 2366 p.
1366 2295 1426 2352 756.

443 2415 569 2526 Oratio
592 2452 640 2524 de
664 2456 839 2547 Principe
858 2452 1042 2547 Sibylla
1048 2506 1064 2543 ,
1095 2462 1249 2554 coniuge
1271 2459 1426 2526 loannis

442 2554 631 2628 Friderr'cc‘
645 2557 846 2640 Electoris3
871 2561 1036 2626 recitato
1060 2578 1085 2626 c
1110 2562 1171 2627 Io.
1198 2560 1425 2637 Forstero,

441 2656 549 2729 Dect.
594 2653 719 2730 Tbcol.
752 2661 795 2729 io
825 2659 1110 2829 mogiane
1144 2655 1279 2751 publici
1316 2659 1425 2729 testi·

439 2905 484 2990 N
485 2942 532 2987 on
545 2940 640 3003 casu,
665 2939 739 2986 non
755 2940 796 2987 ex
811 2914 1005 2992 Democriti
1019 2921 1148 2993 atomis
1162 2915 1247 2991 baec
1261 2912 1424 3010 pulcher-

438 3021 528 3088 rima
544 3018 673 3089 mundi
694 3040 860 3110 corpora,
886 3034 921 3091 et
937 3022 1170 3095 animantium
1188 3034 1222 3091 et
1238 3016 1426 3090 hominum

438 3120 573 3186 formae
587 3118 853 3204 confluxerunt,
876 3123 937 3190 sed
953 3146 1034 3191 vere
1050 3145 1124 3192 esse
1145 3135 1299 3191 mentem
1314 3134 1425 3190 aeter-

439 3237 527 3282 nam
565 3209 897 3294 architectonicam,
947 3243 1037 3308 quae
1073 3222 1237 3288 mirando
1278 3219 1426 3285 consilio

441 3310 562 3379 omnia
577 3307 781 3395 fabricavit,
802 3312 964 3405 undique
981 3316 1136 3385 ostendit
1151 3338 1207 3384 ars
1224 3315 1366 3405 opificii.

540 3438 611 3510 Sed
627 3442 778 3512 maxime
799 3443 953 3516 illustria
973 3446 1171 3517 testimonia
1195 3459 1278 3517 sunt
1294 3448 1338 3516 de
1351 3445 1427 3516 Deo

439 3540 644 3622 conditore,
674 3565 753 3609 curu
780 3544 932 3611 noticiae
950 3567 1180 3611 numerorum
1204 3558 1310 3634 atque
1329 3545 1427 3610 ordi-

441 3645 519 3725 nis,
544 3653 579 3709 et
602 3640 692 3708 aliae
713 3639 838 3708 insitae
854 3635 1019 3709 humanis
1033 3642 1227 3725 mentibus,
1253 3654 1424 3711 tumvero

349 3818 357 3835 ⁸
439 3740 590 3814 noticiae
606 3739 688 3807 illae
703 3752 863 3828 regentes
877 3740 1003 3820 vitam,
1027 3740 1266 3811 discernentes
1279 3736 1426 3811 honesta

442 3857 478 3914 et
498 3840 634 3928 turpia,
656 3852 691 3909 et
706 3839 883 3910 vindicem
903 3838 1020 3910 Deum
1040 3855 1290 3926 monstrantes,
1315 3866 1425 3934 quum

441 3940 610 4014 horribili
643 3939 801 4010 curciatu
833 3940 1067 4010 conscientiae
1097 3943 1225 4010 scelera
1259 3943 1424 4032 puniunt.

442 4043 548 4114 Hunc
570 4040 733 4111 ordinem
759 4041 798 4109 in
821 4041 925 4110 nobis
948 4041 1051 4131 ipsis,
1090 4054 1125 4111 et
1147 4038 1215 4110 hoc
1236 4042 1426 4110 discrimen

442 4147 619 4214 bonarum
635 4164 755 4234 rerum
777 4141 1023 4225 etmalorum,
1049 4156 1084 4212 et
1105 4136 1319 4211 horrendam
1335 4143 1427 4210 lace-

443 4245 616 4314 rationem
634 4243 747 4313 nostri
762 4242 898 4322 cordis,
929 4265 1035 4335 quam
1056 4243 1226 4312 scelerum
1246 4243 1427 4312 conscien-

1473 1148 1544 1217 fide
1561 1146 1785 1238 amplectitur
1801 1155 1837 1213 et
1849 1144 1975 1214 retinet
1988 1143 2243 1232 incorruptam.

1572 1280 1651 1351 Hoc
1685 1280 1764 1350 vult
1794 1279 1933 1367 signum
1966 1300 2038 1346 esse
2070 1275 2219 1365 agminis
2253 1272 2326 1357 sui,
2360 1272 2458 1364 quod

1475 1381 1748 1451 discernendum
1777 1393 1870 1449 esta
1896 1377 2031 1469 reliqua
2062 1374 2289 1445 multitudine
2321 1371 2459 1459 generis

1474 1476 1634 1555 humani.
1686 1481 1728 1550 lu
1743 1475 1812 1548 hoc
1827 1478 1965 1567 agmine
1978 1476 2054 1543 vult
2069 1472 2162 1544 Deus
2184 1473 2337 1562 conspici
2356 1496 2459 1563 prae·

1476 1583 1623 1654 sentiam
1640 1604 1750 1665 suam,
1775 1593 1809 1649 et
1823 1578 1948 1648 tribuit
1961 1578 1992 1645 ei
2009 1576 2149 1667 proprie
2167 1573 2343 1655 beneficia,
2368 1593 2459 1664 qtrae

1476 1697 1559 1754 sunt
1572 1684 1713 1755 exordia
1729 1681 1826 1750 illius
1840 1692 1999 1748 aeternae
2012 1673 2197 1746 societatis.
2246 1672 2334 1743 Vult
2351 1672 2460 1758 igitur

1476 1807 1542 1853 nos
1561 1782 1827 1873 circumspicere
1841 1803 1929 1872 quae
1953 1791 1988 1848 et
2003 1777 2065 1846 ubi
2089 1776 2133 1844 sit
2151 1772 2320 1857 Ecclesia,
2342 1771 2458 1863 qualis

1477 1884 1585 1955 suerit
1599 1885 1673 1953 eius
1686 1882 1906 1973 gubernatio,
1925 1880 2010 1948 inde
2028 1899 2139 1969 usque
2154 1875 2199 1943 ab
2214 1871 2329 1955 initio,
2352 1894 2458 1963 quam

1478 1988 1522 2055 ad
1558 2009 1631 2054 rem
1670 2004 1808 2051 necesse
1848 1995 1899 2050 est
1930 2002 2033 2049 nosse
2063 1973 2248 2047 historiam
2280 1968 2457 2041 Ecclesiae

1478 2087 1640 2156 omnium
1663 2097 1881 2174 temporum,
1913 2094 1946 2149 et
1968 2081 2189 2149 considerare
2211 2077 2248 2142 in
2263 2097 2333 2166 quo
2356 2084 2458 2141 coetu

1478 2188 1585 2257 fuerit
1601 2210 1667 2254 vox
1683 2182 1864 2253 doctrinae
1879 2181 2094 2269 incorrupta.
2143 2176 2280 2245 Deinde
2297 2196 2385 2266 quae
2405 2172 2457 2240 ibi

1478 2287 1677 2359 testimonia
1694 2285 1827 2356 luerint
1846 2280 2061 2374 praesentiae
2077 2278 2165 2360 Dei,
2191 2298 2280 2370 quae
2295 2272 2458 2343 certami-

1478 2413 1541 2473 na,
1566 2389 1610 2456 de
1625 2387 1754 2477 quibus
1768 2384 1940 2465 materiis,
1965 2405 2054 2474 quae
2075 2379 2265 2458 confessio,
2290 2375 2352 2467 qui
2372 2395 2458 2443 con·

1477 2512 1600 2559 sensus
1613 2489 1775 2579 piorum,
1801 2508 1889 2577 quae
1906 2484 2036 2566 virtus,
2062 2481 2122 2574 qui
2139 2480 2269 2560 exitus,
2294 2498 2383 2567 quae
2401 2474 2458 2541 iu-

1478 2591 1570 2659 dicia
1592 2589 1791 2670 saniorum,
1816 2609 1905 2677 quae
1925 2584 2169 2664 liberationes,
2193 2589 2327 2655 aetola
2352 2573 2458 2641 series

1477 2705 1677 2784 temporum
1692 2689 1729 2757 in
1745 2672 1933 2777 colrspectu
1947 2684 2003 2754 sit.
2052 2681 2148 2751 llaec
2165 2675 2398 2751 consideratio
2414 2675 2459 2742 de

1478 2787 1600 2859 multis
1623 2789 1758 2878 magnis
1779 2788 1885 2856 rebus
1907 2809 1973 2854 nos
1992 2787 2114 2864 docet,
2141 2780 2293 2851 ostendit
2309 2776 2394 2869 quid
2413 2775 2459 2843 sit

1480 2889 1722 2979 probandum,
1747 2904 1780 2958 et
1796 2888 1980 2957 confirmat
1996 2884 2257 2967 adsensionem,
2282 2891 2315 2947 et
2331 2876 2459 2945 invitat

1478 2990 1525 3059 ad
1540 2987 1710 3057 virtutum
1725 2986 1851 3058 cilicia.

1579 3119 1671 3192 Cum
1693 3129 1811 3188 autem
1835 3128 1869 3186 et
1889 3113 1946 3184 his
1966 3116 2135 3204 proximis
2160 3115 2263 3185 annis
2290 3128 2366 3183 orta
2387 3115 2460 3184 sint

1479 3244 1607 3309 magua
1640 3217 1831 3289 certamina
1856 3216 1900 3283 de
1925 3214 2048 3284 multis
2077 3212 2257 3281 doctrinae
2290 3213 2461 3300 partibus,

1480 3343 1577 3389 nunc
1596 3317 1781 3411 praecipue
1802 3327 1944 3383 neeesse
1963 3329 2014 3384 est
2035 3312 2168 3405 inquiri
2183 3312 2379 3381 doctrinam
2402 3311 2461 3380 in-

1481 3434 1695 3509 corruptam,
1719 3438 1809 3507 quae
1824 3439 1903 3484 cum
1918 3414 2102 3483 adduxerit
2118 3436 2182 3482 nos
2197 3414 2242 3480 ad
2256 3434 2374 3482 veram
2389 3410 2460 3485 Ec·

1479 3519 1639 3601 clesiam,
1663 3516 1858 3584 videndum
1873 3529 1925 3584 est
1939 3514 2046 3584 etiam
2060 3514 2097 3580 in
2114 3520 2187 3597 hac,
2212 3537 2300 3606 quae
2317 3513 2389 3584 sint
2403 3528 2456 3584 te-

1477 3617 1645 3686 stimonia
1661 3614 1877 3707 praesentiae
1891 3613 1971 3697 Dei,
1994 3637 2083 3706 quae
2098 3614 2154 3704 pia
2170 3615 2339 3703 exempla.
2374 3613 2457 3686 Non

1478 3730 1530 3786 est
1551 3713 1707 3787 Ecclesia
1730 3712 1989 3785 Centaurorum
2013 3728 2072 3783 aut
2096 3712 2291 3807 Cyclopum
2321 3736 2459 3802 agmen,

1479 3831 1539 3887 aut
1552 3812 1684 3886 Bacchi
1700 3816 1889 3899 exercitus,
1913 3817 1975 3885 sed
1997 3812 2064 3900 est',
2090 3815 2183 3886 utin
2199 3810 2382 3905 Sophonia
2400 3817 2458 3884 di-

1479 3919 1591 4002 citur,
1614 3918 1768 4007 populus
1789 3911 1934 3986 humilis
1956 3931 1990 3987 et
2006 3939 2155 4007 pauper,
2178 3917 2357 3985 confidens
2370 3913 2459 4001 Deo,
2515 3978 2521 3990 .

1478 4033 1608 4089 etcum
1624 4018 1802 4088 invocans.
1853 4016 1980 4107 Fulget
2001 4017 2039 4084 in
2053 4013 2210 4086 Ecclesia
2231 4017 2363 4105 agnitio
2378 4012 2458 4101 Dei,

1480 4131 1513 4189 et
1526 4130 1577 4187 est
1591 4119 1630 4186 in
1646 4141 1684 4186 ea
1699 4118 1931 4187 consideratio
1945 4118 2139 4207 sapientiae
2151 4114 2229 4203 Dei,
2249 4118 2409 4188 doctrina
2424 4130 2458 4187 et

1478 4218 1677 4287 intellectus
1689 4240 1728 4286 ac
1742 4239 1843 4285 amor
1856 4218 2028 4287 virtutum
2048 4231 2082 4287 et
2096 4212 2264 4288 honestae
2278 4218 2458 4288 consocia-

1479 4318 1606 4400 tionis,
1635 4318 1716 4386 ideo
1745 4311 1912 4386 historiae
1943 4317 2078 4409 aliquot
2099 4320 2262 4389 recitatae
2291 4333 2392 4402 sunt,
2424 4329 2459 4387 et

443 4348 490 4417 tia
516 4345 644 4428 adfert,
677 4344 754 4413 vult
775 4340 870 4412 Deus
891 4343 1016 4433 aspici,
1046 4356 1087 4413 ut
1106 4344 1177 4413 sint
1191 4345 1428 4413 commonefa-

1479 4417 1686 4508 Principum
1705 4430 1739 4486 et
1754 4417 1926 4503 aliorum,
1949 4430 1989 4487 ut
2003 4417 2113 4487 sciant
2128 4420 2238 4488 exteri
2258 4433 2293 4488 et
2314 4417 2459 4508 posteri,

443 4448 575 4516 ctiones
590 4447 633 4512 de
648 4444 736 4534 ipso.
776 4441 846 4513 Sed
862 4467 940 4512 curn
956 4443 1124 4532 languida
1139 4445 1185 4514 sit
1200 4444 1353 4514 assensio
1369 4445 1426 4512 in-

443 4560 582 4618 tertam
598 4547 709 4615 multa
726 4543 943 4627 testimonia,
968 4545 1102 4634 prodiit
1118 4544 1193 4634 ipse
1208 4547 1371 4616 conditor
1386 4569 1427 4615 ex

443 4671 570 4716 arcana
585 4650 683 4730 sede,
708 4659 743 4714 et
765 4668 839 4714 sese
859 4646 961 4713 novis
982 4659 1016 4714 et
1032 4646 1254 4716 evidentibus
1270 4647 1427 4717 testimo-
1479 4620 1970 4711 ³¹¹¹P10¹⁰⁸e³⁸⁰d⁰⁶lfl¹¹³fflv
1994 4644 2099 4712 ‘imm
2116 4621 2323 4711 Pfflfilffllfli
2335 4615 2459 4690 Redi·

444 4749 515 4818 niis
540 4747 701 4838 patefecit
734 4759 829 4815 extra
862 4757 1008 4815 naturae
1035 4748 1216 4832 ordinem,
1253 4770 1293 4817 ac
1321 4747 1426 4818 initio
1479 4722 1551 4791 ⁸5³²
1576 4734 1732 4803 ¹¹⁰‘ll202
1763 4733 1803 4790 ¹¹²
1834 4722 1954 4838 Pl¹¹f⁶³
1987 4722 2101 4838 lsssuffl
2134 4722 2315 4792 d⁰cifl⁰³0
2348 4743 2457 4810 8θῦΰὸ

448 4849 559 4915 fitium
573 4849 680 4931 misi„
693 4871 757 4938 p„
771 4868 875 4939 quem
891 4847 1011 4918 docuit
1025 4871 1090 4916 „03
1103 4870 1184 4916 vm
1199 4871 1236 4917 ,e
1249 4849 1287 4916 5„
1302 4870 1427 4937 gene„
1479 4835 1703 4911 cognoscant,
1723 4834 1759 4891 et
1770 4835 1919 4909 cognatas
1933 4821 2092 4892 t'ontrbus
2106 4821 2358 4893 confirmentur
2372 4847 2459 4893 con-

450 4940 604 5014 humano
618 4950 780 5037 colligere
795 4943 1009 5032 Ecclesiam,
1033 4951 1090 5019 cui
1105 4950 1143 5017 in
1159 4949 1257 5018 omni
1276 4952 1428 5019 aeterni,
1478 4944 1585 4993 sensu
1614 4923 1739 5000 talium
1766 4916 1971 5007 hominum,
2004 4923 2193 5013 inquibus
2216 4947 2289 4992 non
2320 4923 2458 4993 fallacia

448 5057 523 5114 aare
552 5065 622 5113 aare
640 5049 753 5118 tutem
779 5070 897 5133 suam,
928 5050 1155 5139 ,apsenfiam
1193 5049 1366 5119 sufficiam
1394 5064 1428 5121 ,t
1480 5026 1578 5112 signa
1610 5035 1693 5093 sunt
1727 5044 1829 5091 verae
1861 5024 2016 5111 pietatis,
2044 5037 2079 5095 et
2110 5024 2305 5093 invitentur
2334 5049 2457 5096 eorum

446 5141 625 5215 laeticiam
648 5150 964 5221 communicaturus
992 5151 1054 5236 sit,
1086 5175 1125 5220 ac
1157 5151 1262 5219 simul
1295 5151 1429 5236 docuit,
1480 5123 1708 5214 ‘lefflpllstd
1723 5122 2098 5195 mUliifflmVirluluffl
2114 5124 2285 5196 exercista·

445 5246 630 5340 quomodo
655 5242 840 5318 Ecclesiam
872 5265 1048 5321 aeternam
1074 5275 1115 5321 ex
1147 5246 1213 5321 hac
1243 5250 1361 5339 fragili
1394 5266 1429 5323 et
1589 5253 1694 5323 Nunc
1726 5254 1834 5343 igitur
1864 5277 1972 5344 pauca
2003 5257 2118 5325 dicam
2149 5260 2192 5326 de
2227 5259 2461 5332 illustrissima

445 5345 592 5418 mortali
615 5369 728 5416 massa
752 5350 961 5420 collecturus·
981 5351 1039 5426 sit.
1089 5350 1192 5422 Hanc
1218 5351 1427 5441 sapientiam
1480 5353 1646 5446 Principe
1664 5353 1818 5449 Sibylla,
1842 5357 1990 5445 coniuge
2016 5356 2246 5430 illustrissimi
2268 5360 2377 5433 Ducis
2395 5361 2459 5430 Sa·

446 5447 670 5532 universam,
704 5456 739 5516 et
761 5442 845 5515 haec
862 5452 1017 5534 decreta,
1049 5476 1128 5523 cum
1150 5453 1260 5531 tilius,
1295 5453 1357 5544 qui
1378 5465 1429 5522 est
1480 5457 1607 5526 reniae
1636 5451 1806 5525 Iohannis
1829 5454 2020 5541 Friderici,
2051 5454 2246 5551 Electoris,
2277 5485 2390 5552 nuper
2417 5484 2459 5529 er

448 5571 516 5637 ang
575 5549 734 5639 smagni
757 5546 896 5616 consilii
915 5573 955 5619 ex
977 5554 1058 5623 sinu
1078 5553 1212 5623 aeterm
1234 5553 1343 5643 patris
1359 5569 1430 5626 sta·
1481 5553 1548 5628 ltac
1569 5557 1710 5627 mortali
1728 5557 1801 5627 vita
1824 5559 1869 5627 ad
1888 5559 2072 5628 coelestem
2095 5558 2288 5633 Ecclesiam
2312 5560 2460 5646 evocati,

447 5650 515 5720 tim
536 5649 587 5716 in‘
605 5650 639 5719 io
670 5647 879 5740 protulerit,
916 5643 1025 5748 λόγος
1046 5655 1268 5735 nominetur,
1302 5656 1364 5748 qui
1396 5669 1430 5727 et
1481 5658 1582 5729 cuius
1599 5653 1746 5728 historia
1761 5669 1794 5726 et
1808 5672 1952 5751 propter
1966 5656 2112 5730 honesta
2128 5662 2283 5751 exempla
2305 5658 2460 5747 prodest,

449 5748 600 5822 affirmat
619 5749 670 5822 sic
692 5773 734 5821 er
754 5743 926 5821 horribili
944 5753 1148 5828 confusione
1167 5755 1379 5849 opinionum
1395 5768 1430 5829 et
1482 5770 1517 5830 et
1543 5761 1625 5852 quia
1648 5758 1874 5832 manifestum
1899 5761 2139 5834 testimonium
2165 5774 2217 5832 est
2243 5760 2461 5848 praesentiae

1478 4519 1612 4589 multos
1638 4517 1812 4610 sapientes
1831 4534 1876 4590 'et
1898 4519 2029 4590 virtute
2056 4519 2263 4589 excellentes
2295 4516 2458 4589 homines
2566 4562 2568 4565 ·
