6025 6775
418 715 493 789 597
1064 706 1324 784 PHlLlPPl
1358 703 1803 786 MELANTHONIS.
2379 722 2455 801 590

411 893 480 961 lide
496 912 576 959 cum
594 888 780 977 eriguntur
795 885 918 967 corda,
943 895 977 953 et
994 905 1039 976 ,ex
1056 881 1181 953 dolore
1206 881 1404 951 inferorum
1430 893 1435 954 t
1456 893 1567 952 tuam.
1619 879 1672 952 Ita
1689 882 1801 955 sancti
1815 883 1985 955 accedunt
2003 886 2047 954 ad
2063 884 2198 966 Deum,
2224 910 2297 959 uon
2322 891 2449 969 fiducia

411 987 659 1074 retrahuntur,
685 987 780 1059 filius
795 987 860 1058 Dei
874 985 949 1073 ipse
966 983 1125 1055 vivificat
1140 986 1257 1067 corda,
1284 983 1406 1053 dicens
1455 1005 1541 1054 suae
1563 984 1754 1070 novitatis,
1796 999 1856 1056 aut
1887 985 2048 1056 iusticiae
2074 989 2270 1061 essentialis
2290 992 2329 1062 in
2352 995 2449 1086 ipsis,

412 1089 507 1163 hanc
546 1091 823 1161 consolationem
862 1086 900 1153 in
943 1086 1053 1156 nobis
1088 1109 1172 1155 voce
1208 1083 1405 1177 Evangelii,
1455 1087 1516 1156 sed
1535 1084 1664 1155 fiducia
1681 1088 1886 1159 mediatoris
1903 1100 1937 1158 et
1950 1092 2160 1174 sacerdotis,
2188 1094 2249 1186 qui
2264 1109 2446 1170 aeternnm

413 1195 605 1267 ostendens
619 1191 725 1284 patris
740 1187 1041 1272 misericordiam,
1068 1201 1102 1258 et
1119 1183 1257 1278 Spiritu
1282 1202 1404 1258 sancto
1453 1200 1589 1277 patrem
1607 1212 1670 1258 suo
1687 1190 1856 1259 sacrificiu
1878 1190 2049 1280 placavit,
2075 1207 2109 1263 et
2133 1194 2273 1265 assidue
2298 1222 2363 1289 pro
2379 1225 2447 1272 no·

413 1297 609 1367 accendens
631 1290 799 1362 laetitiam
822 1289 1103 1382 acquiescentem
1120 1288 1160 1356 in
1176 1285 1270 1373 Deo,
1296 1289 1402 1359 invo-
1454 1290 1509 1358 bis
1531 1289 1755 1381 interpellat,
1789 1306 1823 1361 et
1846 1290 1973 1361 elamat
1998 1295 2040 1362 ad
2073 1308 2257 1366 aeternum
2290 1313 2444 1391 patrem:

414 1399 607 1478 rationem,
630 1392 858 1463 dilectionem
873 1388 942 1458 Lei
957 1404 993 1460 et
1015 1390 1105 1459 alios
1126 1405 1255 1466 motus,

511 1494 574 1568 48.
607 1492 837 1588 Nequaquam
853 1486 1008 1561 humana
1021 1487 1238 1581 'cogitatione
1254 1502 1315 1561 aut
1330 1484 1401 1559 hu·

412 1597 524 1668 manis
548 1597 686 1666 viribus
711 1594 885 1664 liberatur
901 1588 1009 1663 bomo
1024 1617 1044 1664 a
1060 1610 1202 1686 peccato
1219 1607 1253 1664 et
1270 1615 1289 1660 a
1305 1615 1403 1660 mor-

408 1709 460 1784 te',
485 1701 547 1768 sed
571 1692 655 1768 haec
682 1694 846 1769 liberatio
862 1691 930 1764 Dei
944 1719 1034 1788 opus
1053 1711 1124 1780 est,
1151 1695 1213 1787 qai
1229 1719 1295 1763 nos
1310 1693 1403 1762 reci·

1455 1387 1610 1462 Dilectio
1635 1406 1695 1464 tua
1720 1416 1789 1486 qua
1805 1417 1861 1461 me
1875 1392 1993 1483 diligis
2009 1395 2053 1464 sit
2069 1395 2107 1464 in
2123 1398 2185 1469 eis.
2238 1396 2315 1470 Hac
2329 1403 2397 1474 lide
2410 1419 2445 1478 et

1452 1494 1617 1586 deinceps
1633 1499 1745 1566 sancti
1761 1508 1844 1565 sunt
1859 1494 1962 1579 insti,
1986 1495 2023 1563 id
2041 1511 2110 1578 est,
2135 1494 2305 1573 habentes
2320 1507 2444 1578 remis-

1454 1593 1613 1674 sionem,
1640 1598 1772 1688 accepti
1787 1594 1864 1668 Deo
1881 1618 1942 1666 seu
1962 1596 2147 1687 placentes.

1553 1690 1615 1765 51.
1657 1695 1945 1802 Quantacunque
1968 1713 2019 1768 est
2046 1702 2204 1786 novitas,
2239 1704 2440 1777 obedientia

406 1802 461 1894 pit
484 1813 629 1891 propter
650 1800 782 1879 tilium,
817 1809 931 1889 etper
952 1819 1033 1869 eum
1053 1821 1138 1867 voce
1154 1793 1341 1886 Evangelii
1365 1810 1400 1867 et
1454 1795 1659 1866 mediatoris
1692 1813 1726 1868 et
1762 1801 1983 1881 intercessio,
2025 1805 2250 1875 anteferenda
2284 1819 2334 1878 est
2368 1809 2441 1878 illis

408 1901 643 1994 datospiritu
659 1913 863 1972 sanctones
881 1899 1045 1972 vivificat.
1099 1898 1189 1968 'fres
1207 1899 1401 1989 enimper·
1451 1900 1536 1992 ipsis
1553 1899 1753 1970 actionibus
1767 1900 1836 1970 Dei
1852 1895 2046 1974 habitantis
2060 1905 2097 1973 in
2115 1919 2160 1976 te.
2452 1901 2454 1905 ’

410 2027 515 2074 sonas
529 2004 569 2072 in
583 2000 649 2074 bac
665 2002 908 2074 consolatione
921 2002 1055 2072 intueri
1072 2022 1137 2069 nos
1159 2014 1317 2092 oportet,
1346 1999 1398 2066 si·
1552 1996 1613 2073 62.
1649 1999 1722 2070 Nec
1748 2001 1934 2071 turbemur
1957 2006 2153 2097 praestigiis
2169 2002 2437 2103 sophismatum,

400 2113 468 2177 'cut
484 2103 617 2175 Paulus
632 2105 751 2200 inquit
769 2106 801 2178 1.
815 2097 977 2174 Corinth.
1000 2097 1075 2177 16.:
1103 2099 1258 2173 Aculeus
1274 2101 1418 2170 mortis·
1452 2123 1531 2171 cum
1553 2101 1768 2172 vociferatur
1792 2097 1992 2189 Osiander,
2025 2109 2150 2179 relatio
2175 2105 2270 2179 nibil
2294 2125 2346 2182 est
2369 2114 2439 2184 nisi

410 2221 589 2300 peccatum
608 2222 680 2292 est,
706 2206 862 2297 potentia
878 2206 1012 2294 peccati
1028 2206 1083 2275 lex
1100 2217 1163 2290 est,
1190 2205 1265 2273 lleo
1281 2215 1398 2272 autem
1451 2204 1639 2294 cogitatio,
1671 2218 1708 2274 at
1730 2204 1905 2273 iusticiam
1931 2219 2073 2297 oportet
2095 2232 2169 2278 rena
2194 2212 2349 2305 aliquam
2365 2238 2438 2286 esse

410 2310 540 2400 gratia,
561 2309 623 2401 qui
640 2311 702 2381 dst
718 2308 822 2377 nobis
837 2306 1024 2376 victoriam
1047 2306 1314 2396 perdominum
1332 2329 1399 2374 no·
1451 2306 1489 2373 in
1506 2307 1623 2377 nobis.
1675 2304 1787 2376 Plana
1804 2319 1839 2377 et
1857 2308 2041 2398 perspicua
2055 2312 2239 2401 responsio
2255 2326 2306 2384 est
2313 2365 2325 2398 ,
2352 2310 2439 2386 hor·

411 2425 522 2481 strum
542 2411 658 2481 lesum
674 2407 871 2481 Christum.
923 2404 970 2478 Et
984 2421 1079 2477 reete
1102 2408 1220 2501 inquit
1237 2401 1398 2476 Athana-

411 2513 502 2582 sius:
528 2511 828 2605 Quandoeunque
849 2508 957 2579 estin
983 2503 1129 2578 homine
1145 2509 1300 2600 Spiritus
1315 2529 1397 2610 san·

410 2627 506 2693 ctus,
540 2627 589 2685 est
611 2615 650 2684 in
675 2639 715 2684 eo
738 2637 803 2705 per
826 2613 995 2694 verbum,
1037 2633 1076 2680 ac
1100 2613 1144 2679 de
1166 2633 1318 2702 persona
1345 2610 1397 2678 lo-

408 2713 541 2810 quitur.
1124 2701 1130 2714 ⁸

512 2814 574 2890 49.
602 2816 645 2886 ln
663 2817 774 2885 verbo
790 2813 1002 2884 iustificandi
1020 2836 1159 2883 necesse
1176 2826 1228 2882 est
1245 2811 1397 2899 intelligi

409 2920 637 3003 relationem,
663 2919 795 2989 seilicet
812 2916 948 2986 absolvi
964 2940 984 2985 a
999 2917 1166 3008 peccatis,
1194 2937 1254 2983 seu
1271 2936 1395 2982 recon-

409 3022 523 3096 ciliari
545 3045 608 3092 seu
622 3018 699 3091 Deo
722 3033 902 3110 acceptum
925 3041 998 3087 esse
1013 3019 1055 3087 ad
1076 3019 1183 3087 vitam
1201 3029 1394 3086 aeternam.

409 3123 469 3198 Sic
497 3124 593 3194 enim
624 3121 759 3193 Paulus
788 3121 963 3214 loquitur:
1011 3118 1194 3191 iustificati
1231 3117 1299 3186 fide
1332 3139 1397 3208 pa·

410 3249 487 3296 cem
509 3219 683 3298 habemus
712 3224 805 3315 apud
831 3223 959 3297 Deam.
1011 3220 1099 3292 ltem
1123 3219 1230 3296 Rom.
1249 3216 1284 3289 6.
1312 3243 1395 3310 pro·

411 3326 544 3399 miscus
579 3327 694 3400 utitur
732 3324 849 3396 verbis
886 3321 1063 3395 iustificati
1096 3337 1131 3395 et
1165 3322 1397 3405 reconciliati,

409 3429 588 3503 iustificati
600 3430 772 3520 sanguine
788 3426 912 3517 ipsius.
964 3425 1071 3498 Item:
1094 3426 1312 3496 reconciliati
1334 3446 1396 3494 su·

409 3554 492 3601 mos
505 3530 582 3601 Deo
603 3555 666 3623 per
690 3544 852 3603 mortem.
903 3524 952 3598 Et
970 3531 1014 3597 de
1030 3525 1095 3598 bac
1109 3525 1394 3598 reconciliatione

412 3644 593 3722 anguntur
623 3632 888 3723 perterrefactae
922 3644 1078 3715 mentes,
1117 3631 1156 3698 in
1185 3652 1289 3698 sensu
1322 3629 1395 3697 irae

411 3733 501 3818 Dei,
533 3731 596 3803 ubi
621 3734 758 3806 etiamsi
772 3729 945 3804 haberent
959 3732 1135 3803 iusticiam
1159 3730 1395 3822 Angelorum,

410 3851 445 3907 et
468 3835 644 3907 nescirent
665 3861 702 3908 se
723 3838 851 3926 recipi,
885 3836 971 3929 quid
998 3836 1060 3905 illa
1083 3835 1221 3906 iusticia
1240 3834 1289 3904 eis
1309 3857 1392 3924 pro·

411 3938 548 4009 desset?
579 3936 663 4009 ldeo
683 3939 777 4009 edita
800 3954 852 4008 est
877 3962 943 4006 vox
956 3933 1163 4026 Evangelii,
1189 3937 1227 4006 in
1244 3959 1313 4030 qua
1330 3958 1395 4005 an·

411 4040 604 4117 nonciatur
630 4041 756 4133 gratia.
815 4037 863 4111 Et
888 4037 997 4110 Rom.
1020 4034 1055 4108 5.
1078 4039 1225 4110 dicitur:
1268 4034 1394 4107 Gratia

410 4140 477 4214 Dei
490 4156 527 4214 et
542 4145 679 4215 donum
696 4145 932 4235 pergratiam,
947 4165 1037 4233 quae
1056 4155 1107 4212 est
1120 4166 1183 4233 per
1199 4153 1311 4211 unum
1327 4132 1394 4206 ho·

410 4246 542 4315 minem
567 4244 680 4317 lesum
705 4241 906 4328 Christum,
949 4247 986 4312 in
1016 4245 1148 4315 multos
1179 4240 1396 4313 exuberavit.

331 4374 334 4382 ·
410 4343 512 4415 Hanc
537 4350 704 4435 gratiam,
729 4348 767 4417 id
792 4354 843 4416 e'st
865 4346 1053 4435 gratuitam
1070 4344 1394 4415 reconciliationem

413 4468 494 4513 cum
518 4446 586 4517 lide
607 4450 820 4544 accipimus,
847 4442 1019 4517 habemus
1034 4468 1154 4538 pacem
1172 4467 1251 4534 erga
1266 4441 1395 4523 Deum,

412 4545 448 4613 id
475 4558 545 4626 est,
579 4570 701 4621 sumus
723 4551 856 4646 accepti
877 4546 953 4619 Deo
982 4561 1127 4640 propter
1150 4546 1395 4625 mediatorem,

413 4647 521 4717 simul
543 4662 661 4719 autem
682 4656 858 4727 donamur
871 4675 935 4745 per
951 4651 1063 4721 filium
1079 4647 1148 4723 Dei
1160 4648 1299 4742 Spiritu
1314 4670 1397 4718 san·

415 4762 492 4832 cto,
517 4772 781 4840 regeneramur,
805 4755 1027 4828 vivificamur
1051 4765 1086 4823 et
1110 4752 1283 4822 efficimur
1307 4764 1396 4821 tem-

413 4847 470 4937 pla
487 4850 565 4919 Dei.
615 4860 618 4865 '

511 4949 581 5028 60.
620 4950 740 5026 Etiam
764 4972 949 5055 postquam
970 4957 1084 5028 renati
1106 4976 1247 5039 snmus,
1278 4966 1396 5024 tamen

415 5072 553 5140 semper
583 5058 722 5148 quaerit
748 5082 848 5129 mens
877 5063 1057 5157 quomodo
1081 5060 1217 5152 placeat
1239 5053 1335 5139 Deo,
1364 5067 1398 5124 et

416 5176 539 5223 omnes
563 5153 763 5249 Prophetae
785 5160 939 5234 fatentur
955 5189 993 5235 se
1008 5186 1082 5245 non
1101 5162 1238 5253 placere
1254 5168 1399 5249 propter

415 5257 597 5347 propriam
621 5261 833 5344 novitatem,
858 5264 947 5334 sicut
964 5264 1098 5335 Moises
1119 5262 1255 5357 inquit:
1288 5257 1399 5330 Inno-

414 5380 497 5426 cens
516 5384 591 5431 non
608 5376 661 5433 est
676 5362 847 5432 innocens
863 5386 979 5434 coram
993 5379 1036 5441 te.
1062 5363 1109 5438 Et
1119 5365 1185 5435 lob
1200 5364 1249 5434 ait
1263 5360 1399 5453 cap.9.:

417 5456 509 5530 Vere
530 5464 622 5551 seio,
644 5468 741 5557 qnod
766 5477 908 5535 nonest
925 5459 1031 5537 homo
1046 5469 1160 5542 iustus
1176 5488 1295 5539 coram
1311 5462 1399 5533 Deo.

414 5554 463 5632 Et
485 5587 626 5638 rursus:
668 5567 796 5638 Timeo
821 5586 944 5637 omnes
968 5567 1109 5640 dolores
1130 5594 1249 5654 meos,
1287 5567 1401 5638 sciens

416 5667 512 5753 quod
536 5693 610 5738 non
636 5670 777 5741 invenis
799 5669 1036 5738 innocentem.
1087 5667 1135 5742 Et
1156 5670 1291 5743 David:
1319 5667 1400 5739 Non

417 5760 669 5843 iustificabitur
700 5774 738 5843 in
771 5781 960 5863 conspectu
991 5782 1053 5839 tuo
1077 5774 1195 5843 omnis
1214 5771 1399 5842 vivens'in

416 5862 511 5938 Psal.
533 5867 584 5940 o:
616 5872 763 5948 Salvum
786 5874 921 5945 mefac
951 5884 1097 5965 propter
1122 5872 1401 5946 misericordiam

1450 2406 1557 2476 ribile
1572 2421 1624 2478 εει
1637 2407 1686 2478 its
1703 2408 1810 2478 abiici
1826 2409 1973 2497 gratiam
1990 2406 2076 2491 Dei,
2100 2436 2191 2506 quae
2207 2428 2300 2485 certe
2314 2431 2365 2486 est
2383 2442 2438 2488 re-

1450 2508 1557 2594 latio,
1598 2533 1664 2578 nec
1693 2511 1884 2581 dicendum
1912 2523 1964 2581 est
1994 2512 2203 2584 relationem
2231 2510 2324 2586 nihil
2352 2542 2437 2601 esse,

1448 2634 1530 2680 cum
1545 2610 1590 2680 sit
1605 2612 1796 2703 adplicatio
1811 2614 2035 2686 fundamenti
2050 2617 2094 2687 ad
2112 2617 2324 2702 terminum,
2350 2621 2434 2691 fon-

1448 2714 1653 2783 damentum
1662 2709 1770 2784 buius
1783 2716 1975 2807 imputatae
1991 2717 2149 2789 institiae
2166 2733 2228 2806 est,
2244 2720 2383 2792 iusticia
2397 2723 2436 2792 in

1447 2813 1522 2882 filio
1535 2810 1623 2899 Dei,
1650 2839 1740 2906 quae
1764 2829 1815 2887 est
1837 2816 1928 2886 velle
1945 2819 2090 2888 obedire
2106 2822 2215 2912 patri,
2242 2837 2282 2894 ut
2299 2823 2432 2895 dictum

1448 2927 1499 2985 est
1514 2912 1606 2985 Psal.
1622 2913 1700 2987 40.:
1728 2914 1771 2985 ln
1785 2940 1860 3008 cap.
1876 2916 1962 2987 libri
1976 2919 2146 3011 seriptum
2161 2935 2212 2990 est
2233 2925 2277 2992 de
2292 2948 2368 3008 me,
2394 2940 2436 2995 ut

1447 3017 1575 3088 faciam
1590 3017 1811 3088 voluntatem
1828 3032 1944 3103 tuam,
1969 3017 2065 3091 Deus
2088 3044 2188 3091 meus
2203 3023 2304 3107 volo,
2326 3038 2361 3094 et
2377 3024 2433 3096 lex

1447 3134 1507 3191 tua
1532 3115 1576 3186 in
1596 3118 1715 3189 medio
1739 3119 1856 3189 cordis
1876 3119 1959 3191 mei.
2010 3118 2059 3192 Et
2070 3117 2231 3193 Ebraeos
2247 3123 2322 3198 to:
2350 3121 2440 3216 Qua

1447 3222 1629 3292 voluntate
1649 3221 1857 3291 sanctificati
1880 3242 2002 3292 sumus
2025 3247 2090 3315 per
2111 3224 2329 3296 oblationem
2353 3251 2432 3298 cor·

1448 3322 1543 3415 poris
1557 3320 1636 3394 lesu
1651 3318 1783 3395 Christi
1801 3322 1920 3398 semel.
1971 3322 2123 3419 Propter
2144 3320 2237 3397 hane
2259 3327 2325 3398 filii
2347 3331 2432 3403 obe,-

1447 3424 1639 3507 dientiam,
1666 3449 1746 3494 curn
1763 3423 1860 3497 Deus
1875 3425 2023 3498 remittit
2040 3429 2107 3499 tihi
2127 3443 2290 3520 peccata,
2313 3446 2348 3503 ει
2364 3433 2433 3505 im-

1446 3539 1546 3620 putat
1566 3527 1759 3610 iusticiam,
1792 3529 1951 3598 remissio
1979 3543 2016 3600 et
2036 3528 2224 3623 imputatio
2251 3555 2325 3603 non
2348 3550 2434 3607 sunt

1446 3629 1583 3699 otiosae
1609 3628 1900 3720 imaginationes,
1922 3632 1983 3701 sed
2006 3644 2090 3702 sunt
2105 3634 2179 3724 ipse
2194 3633 2296 3705 Deus
2309 3636 2433 3707 remit·
2490 3671 2493 3677 Δ

1445 3747 1522 3802 ιειιε
1540 3744 1574 3801 ει
1592 3730 1772 3822 imputans
1788 3746 1932 3824 propter
1946 3732 2079 3819 filium,
2103 3748 2144 3804 ιιι
2169 3735 2339 3829 scriptum
2363 3752 2432 3811 est:

1445 3834 1550 3904 Pater
1574 3856 1673 3903 meus
1696 3833 1818 3923 diliget
1846 3857 1918 3909 eos.
1977 3832 2074 3905 Haec
2095 3837 2337 3910 misericordia
2363 3836 2433 3909 Dei

1446 3957 1527 4025 erga
1555 3957 1622 4003 nos
1645 3948 1790 4027 propter
1816 3935 1927 4005 filium
1954 3937 2146 4027 promissa,
2188 3940 2287 4030 prius
2320 3963 2433 4030 agno·

1446 4038 1575 4110 scenda
1592 4050 1657 4106 est.
1709 4035 1836 4106 Postea
1850 4036 2011 4132 sequitur
2028 4032 2096 4108 hoc
2112 4041 2207 4133 quod
2223 4039 2356 4112 Paulos
2372 4044 2431 4117 in·

1446 4140 1539 4232 quite
1566 4134 1711 4208 Retects
1729 4135 1819 4206 facie
1831 4137 2026 4208 claritatem
2036 4136 2183 4209 Domini
2201 4144 2432 4239 speculantes,

1446 4242 1483 4310 in
1499 4241 1647 4309 eandem
1663 4238 1851 4328 imaginem
1870 4238 2164 4311 transformamur
2178 4267 2198 4311 a
2215 4243 2373 4329 claritate
2392 4244 2431 4312 in

1445 4342 1640 4413 claritatem
1666 4352 1836 4434 tanquam
1859 4338 2042 4410 aDomini
2058 4341 2213 4433 Spiritu,
2240 4344 2364 4424 idest,
2392 4360 2431 4416 ut

1445 4443 1624 4515 Israelitae
1648 4465 1723 4512 non
1744 4443 1905 4513 ferebant
1926 4443 2099 4534 fulgorem
2120 4467 2279 4539 sparsum
2301 4471 2321 4516 a
2343 4447 2432 4517 facie

1446 4545 1576 4631 Moisi,
1601 4544 1651 4616 sic
1675 4557 1794 4616 nostra
1820 4546 1926 4615 corda
1947 4569 2020 4615 non
2045 4546 2163 4616 ferunt
2183 4547 2272 4615 iram
2288 4561 2322 4618 et
2339 4549 2433 4619 iudl-

1447 4649 1543 4719 cium
1560 4645 1651 4733 Dei,
1675 4648 1737 4718 sed
1761 4671 1841 4718 cum
1866 4647 2108 4717 misericordia
2133 4650 2263 4719 donata
2288 4665 2433 4742 propter

1447 4752 1562 4820 lilium
1587 4750 1789 4840 agnoscitur
1812 4762 1847 4819 et
1866 4748 1936 4819 fide
1958 4744 2255 4842 apprehenditur,
2281 4752 2350 4821 iam
2366 4754 2433 4823 bo·-

1449 4854 1542 4923 nitas
1556 4865 1590 4923 et
1603 4853 1800 4945 praesentia
1815 4850 1884 4922 Dei
1904 4851 1941 4920 in
1958 4876 1996 4922 ea
2012 4852 2254 4924 consolatione
2270 4856 2432 4939 sentitur,

1449 4970 1483 5026 et
1498 4956 1802 5038 transformamur,
1824 4967 1865 5025 ut
1884 4953 1929 5023 sit
1943 4954 1981 5023 in
1997 4955 2101 5025 nobis
2116 4979 2197 5025 vera
2214 4957 2344 5026 noticia
2353 4954 2433 5041 Dei,

1451 5073 1482 5126 et
1499 5058 1600 5125 firma
1616 5057 1791 5134 adsensio,
1818 5056 1918 5148 quasi
1934 5056 1994 5125 lux
2009 5081 2029 5126 a
2042 5056 2151 5125 verbo
2169 5059 2206 5127 in
2222 5082 2288 5129 nos
2303 5082 2434 5148 sparsa,

1450 5173 1483 5230 et
1504 5159 1743 5227 accendantur
1764 5153 2013 5247 perspiritum
2027 5171 2186 5227 sanctum
2206 5160 2349 5231 dilectio
2365 5158 2433 5231 Dei

1451 5274 1485 5330 et
1508 5259 1639 5329 laetitia
1661 5259 1700 5326 in
1717 5253 1792 5328 Deo
1816 5256 2058 5350 acquiescens,
2083 5273 2118 5330 et
2132 5260 2195 5331 alii
2210 5262 2297 5332 tales
2315 5276 2433 5333 motus

1450 5361 1566 5456 qualis
1589 5374 1641 5431 est
1660 5359 1734 5453 ipse
1750 5358 1905 5453 Spiritus
1928 5375 2081 5433 sanctus.
2134 5360 2231 5435 Haec
2252 5388 2326 5434 non
2343 5364 2433 5432 fiunt

1451 5463 1519 5534 nisi
1545 5463 1700 5555 primum
1720 5456 1938 5555 adprehensa
1967 5464 2208 5545 misericordia
2236 5465 2435 5557 perfidem,
2468 5532 2470 5537 .

1451 5590 1542 5661 quae
1555 5565 1682 5636 nititur
1697 5565 1890 5638 mediatore
1904 5563 1980 5635 Deo
2004 5580 2038 5637 et
2060 5562 2217 5641 bomine.

1555 5664 1615 5740 65.
1647 5666 1748 5739 Hanc
1773 5668 1971 5738 doctrinam
1995 5672 2040 5739 de
2060 5670 2134 5738 filio
2152 5666 2346 5738 mediatore
2360 5667 2437 5738 vult
2565 5712 2574 5725 -

1453 5768 1550 5843 Deus
1571 5794 1696 5843 sonare
1719 5772 1757 5839 in
1780 5766 1937 5841 Ecclesia
1962 5792 2042 5852 sua,
2081 5782 2118 5839 et
2142 5769 2219 5839 vult
2242 5765 2436 5839 Ecclesiam

1456 5898 1556 5948 suam
1573 5874 1726 5947 discerni
1743 5896 1763 5943 a
1780 5872 1925 5943 caeteris
1939 5865 2162 5951 hominibus,
2188 5893 2228 5942 ae
2243 5871 2320 5943 vult
2343 5886 2438 5944 certo

1752 5966 1832 6044 58*
