6025 6775
526 702 604 776 908
769 683 979 769 SCRIPTA
1000 680 1080 756 Pil.
1101 671 1223 755 MEL-
1247 669 1319 747 AD
1342 664 1471 745 mss.
1494 661 1641 743 PROF.
1661 661 1730 742 ET
1754 657 1948 744 mltos,
1971 658 2300 745 semmam
2328 697 2331 701 ·
2469 669 2556 756 904

580 867 712 943 inclusi
732 873 817 935 sunt
837 855 926 930 anni
948 854 1157 933 duodecim,
1181 843 1368 960 inquibus
1385 837 1516 914 babuit
1563 852 1653 911 stam
1681 832 1871 911 Rbeticam
1896 837 2113 932 porrigitur,
2158 835 2356 911 Tiroleusis
2384 840 2483 934 regio
2513 854 2551 912 et

583 971 754 1059 collegam
770 955 986 1033 Antonium.
1412 1021 1416 1029 ,
1565 939 1708 1013 ricinia.
1978 1036 1987 1056 ο
2018 1039 2028 1058 .

530 1091 625 1169 Cum
649 1098 767 1159 autem
789 1073 1006 1149 iucboautur
1025 1071 1113 1145 anui
1130 1064 1282 1158 Augusti
1303 1065 1349 1136 ab
1370 1060 1519 1134 interitu
1680 1040 1789 1110 Anno
1822 1031 1984 1131 Augusta
2015 1042 2244 1132 imperatoris
2283 1044 2551 1137 quadragesimo

586 1189 684 1273 Iulii,
698 1182 843 1255 initium
857 1178 928 1249 erit
942 1176 989 1247 ab
1004 1197 1100 1247 anuo
1113 1170 1215 1243 urbis
1229 1164 1369 1240 Romae
1383 1162 1520 1257 septin-
1569 1142 1724 1260 “⁰2⁶⁰
1747 1152 1852 1212 ”⁸²⁰⁸
1872 1152 1925 1212 etl
1948 1163 1990 1209 εἰ
2019 1141 2158 1232 virgine
2178 1139 2327 1259 Maria
2358 1146 2453 1264 lilius
2471 1142 2554 1264 Dei,

710 1286 720 1304 ·
914 1279 924 1298 ·
1569 1238 1747 1313 llumsuus
1768 1253 1890 1313 noster
1909 1235 1940 1310 l
1943 1262 2045 1311 esus
2069 1234 2317 1331 Cbrsstus,
2344 1248 2553 1339 qusestio-

539 1414 651 1481 Anno
664 1401 792 1475 muudi
808 1412 864 1471 ter
877 1393 1089 1478 millesimo,
1113 1384 1401 1478 nongentesimo,
1425 1379 1521 1452 vics-
1569 1366 1638 1516 (gi
1652 1354 1933 1537 ⁸³:333:ss
1955 1344 2164 1531 gtlt’fflllllelt
2177 1369 2325 1541 :1¹:313
2328 1348 2473 1518 medeci?
2476 1367 2556 1538 pp:

590 1502 814 1585 timutertio.
1009 1607 1020 1626 .
1223 1602 1232 1621 ·
1573 1566 1651 1615 mos
1666 1556 1998 1637 pauet,etsemper
2010 1544 2145 1634 colligit
2159 1542 2558 1631 aeternamEcclesiam,

539 1630 650 1699 'Auno
667 1609 1022 1696 amortelllexandrs
1035 1605 1206 1699 usquead
1222 1602 1446 1700 interiectum
1459 1595 1524 1670 1⁰·
1574 1658 1610 1716 et
1625 1644 1821 1737 adsumpsit
1834 1640 2028 1715 bumauam
2045 1659 2227 1732 naturam,
2249 1660 2290 1720 ut
2303 1660 2391 1720 esset
2405 1646 2558 1717 Media·

594 1729 707 1810 lium,
746 1736 788 1841 Ψ
808 1714 1034 1788 Pi⁰¹⁶m⁸ffl⁸
1061 1717 1245 1794 numu
1282 1697 1523 1774 “emmim
1575 1758 1650 1833 tor,
1679 1743 1903 1837 Redemptor
1923 1758 1958 1815 et
1975 1745 2160 1833 Salvator,
2189 1748 2315 1819 merito
2331 1761 2367 1819 et
2382 1748 2557 1830 efficacia,

594 1840 832 1936 ⁰0¹¹1269⁸¹¹⁰⁰
848 1812 1018 1885 ⁸⁸⁰⁰¹¹d⁰'
1184 1921 1194 1940 ‚
1238 1921 1248 1940 ‚
1388 1918 1398 1937 ,
1576 1848 1621 1916 de
1645 1869 1714 1939 qua
1733 1858 1805 1917 tota
1829 1846 1990 1917 doctrina
2013 1844 2201 1938 Evangelii
2221 1849 2464 1941 cognoscenda
2487 1861 2556 1925 est,

545 1950 653 2019 Anno
670 1951 751 2012 aute
759 1930 943 2038 Christum
957 1939 1082 2043 uatum
1099 1917 1421 2042 θῖῙΙΐδΙῐῑξΜΜ
1436 1937 1527 2012 ‘lm'
1576 1947 1667 2019 sicut
1682 1946 1854 2050 praecipit
1865 1959 2031 2018 aeternus
2046 1962 2174 2039 paterz,
2189 1947 2261 2020 Hic
2276 1963 2328 2023 est
2339 1951 2432 2020 tilius
2448 1971 2555 2017 meus

595 2040 795 2133 drisse⁸lm⁰
812 2014 969 2104 “mill
987 2026 1032 2097 ‘b
1046 2036 1196 2096 'mmm
1211 2022 1309 2093 ¹⁰¹¹¹·
1576 2048 1746 2134 dilectus,
1771 2072 1842 2141 quo
1857 2048 2033 2132 delector,
2058 2046 2167 2120 Hunc
2178 2050 2314 2124 audite.
2364 2047 2415 2121 Ut
2432 2062 2557 2122 autem

546 2159 685 2254 Estque
707 2156 898 2245 diligenter
918 2143 1201 2227 observandum,
1225 2139 1289 2211 ubl
1305 2137 1392 2209 ⁸³⁰5
1408 2134 1527 2210 Ᾰῦῑθ·
1576 2148 1797 2241 praedictum
1817 2149 1904 2233 fuit,
1924 2160 2030 2219 uatus
2050 2162 2101 2219 est
2116 2145 2284 2223 Cbristus
2299 2175 2342 2221 ex
2360 2149 2495 2240 virgine
2513 2150 2556 2216 iu

595 2262 651 2332 nii
663 2258 895 2330 includantur
913 2259 974 2319 aut
988 2268 1063 2315 non
1085 2242 1327 2315 includantur.
1576 2250 1647 2320 fine
1670 2248 1816 2341 politiae
1831 2246 2028 2331 Mosaicse,
2061 2274 2142 2320 cum
2166 2252 2239 2321 iam
2253 2241 2473 2343 'peregrinus
2494 2272 2557 2318 rex

650 2371 812 2447 Miraudi
834 2384 1013 2439 successus
1027 2359 1181 2451 Augusti
1203 2359 1472 2430 considerentur
1486 2354 1528 2425 iu
1577 2364 1667 2421 esset
1680 2344 1863 2434 Herodes,
1886 2348 1976 2419 sicut
1998 2351 2212 2441 praedictum
2236 2351 2321 2421 fuit:
2347 2349 2430 2419 Nou
2452 2350 2557 2418 aule·

546 2477 692 2570 integris
715 2469 893 2553 historiis,
932 2477 968 2535 et
990 2484 1095 2554 opera
1111 2458 1179 2531 Dei
1201 2482 1274 2529 esse
1295 2478 1529 2549 agnoscamus
1577 2466 1677 2523 retur
1698 2464 1874 2542 sceptrum
1892 2471 1913 2520 s
1934 2448 2042 2534 luda,
2069 2474 2134 2521 uec
2166 2450 2331 2539 magister
2360 2449 2558 2541 apedibus

515 2573 530 2582 '¹
547 2577 835 2654 constitutionem
860 2564 1003 2659 imperii
1026 2563 1064 2644 iu
1087 2557 1322 2632 horribilibus
1346 2558 1528 2630 conlusio-
1578 2553 1670 2638 eius,
1696 2553 1811 2621 donec
1831 2550 1970 2623 venerit
1984 2546 2077 2624 Silo.

551 2684 659 2754 „igue
700 2676 822 2772 quales
836 2685 923 2744 tuuc
938 2668 1103 2744 luerunt,
1128 2660 1261 2747 Bruto,
1286 2658 1429 2746 Cassio,
1451 2654 1530 2732 Do-
1680 2650 1724 2723 ln
1738 2652 1833 2722 dicto
1850 2649 1953 2722 Eliae
1976 2653 2083 2723 etiam
2097 2662 2253 2743 tempora
2269 2650 2396 2720 mundi
2413 2650 2464 2719 sic
2479 2651 2561 2719 dis-

550 2731 698 2864 labelli,
720 2775 887 2867 Lepido,
918 2766 962 2839 L.
981 2763 1162 2848 Antonio,
1191 2762 1232 2836 S.
1251 2757 1443 2854 Pompeio,
1474 2756 1530 2835 M.
1578 2753 1712 2826 tributa
1734 2765 1837 2838 sunt,
1869 2763 1909 2822 ut
1930 2753 2167 2842 significetur,
2192 2750 2356 2821 Mettium
2378 2773 2415 2819 se
2435 2764 2560 2822 osteu-

548 2879 712 2953 Antonio
738 2875 867 2970 passim
886 2868 983 2941 bella
1004 2864 1242 2939 moventibus.
1307 2861 1385 2934 Hos
1407 2882 1531 2950 omues
1577 2877 1703 2928 surum
1720 2876 1794 2925 esse
1811 2853 1944 2923 mundo
1961 2868 2042 2945 post
2058 2864 2212 2945 quatuor
2227 2850 2457 2921 millenarios.
2484 2849 2559 2921 Na·

549 2982 725 3056 divinitus
761 2971 935 3068 oppressit
969 2968 1168 3056 Augustus,
1208 2988 1291 3036 cum
1327 2964 1532 3035 adolescens
1579 2969 1638 3028 tus
1652 2968 1704 3028 est
1718 2950 1882 3025 Christus
1896 2976 1938 3023 ex
1948 2955 2086 3045 virgine
2106 2974 2202 3020 anno
2217 2951 2354 3041 ‘muudi
2372 2963 2423 3020 ter
2436 2952 2559 3021 mille-

548 3085 706 3180 primom
726 3076 863 3153 Consul
887 3073 1000 3145 lactus
1019 3067 1160 3154 luisset,
1198 3079 1305 3139 uatus
1335 3086 1448 3138 sunus
1474 3063 1532 3134 ri-
1580 3056 1692 3143 simo,
1717 3053 2005 3144 nongentesimo,
2028 3052 2376 3170 sexagesimorum
2423 3050 2478 3121 lta
2491 3075 2561 3170 ap.

550 3185 652 3278 giuti.
1176 3211 1187 3232 ·
1581 3169 1698 3249 paret,
1730 3155 1804 3225 lere
1824 3155 2016 3246 completos
2047 3175 2122 3225 esse
2150 3166 2306 3246 quatuor
2328 3152 2560 3224 millenarios.

1579 3252 1715 3350 Estque
1729 3250 1790 3325 bic
1809 3277 1926 3325 annus
1946 3279 1967 3326 a
1982 3268 2096 3328 morte
2113 3253 2328 3340 Alexandri,
2354 3277 2471 3325 annus
2489 3268 2560 3325 tre·

1580 3356 1792 3431 centesimus
1806 3355 1994 3429 vicesimus
2010 3368 2168 3453 quartus.
2217 3356 2345 3427 Annus
2365 3356 2469 3427 urbis
2482 3353 2558 3430 lto·

1582 3483 1660 3532 mae
1676 3458 2006 3552 septingentesimus
2027 3457 2340 3554 quinquagesimus
2360 3458 2510 3550 primus.

654 3317 798 3395 Nomen
806 3296 984 3383 Caesaris
997 3300 1126 3377 babuit
1137 3313 1285 3396 propter
1294 3298 1534 3393 adoptionem,

551 3423 635 3517 quia
656 3419 772 3490 lulius
794 3438 896 3494 eum,
929 3433 1010 3480 cum
1034 3418 1139 3476 natus
1160 3416 1250 3475 esset
1271 3428 1312 3474 ex
1330 3402 1437 3474 Accia
1458 3403 1534 3471 lilia

553 3521 685 3593 sororis
698 3519 795 3601 Iulii,
808 3511 990 3604 adoptavit
1005 3522 1040 3579 et
1056 3502 1244 3576 haeredem
1260 3504 1412 3597 scripsit.
1444 3501 1532 3574 ldeo

553 3622 624 3694 tuit
641 3615 753 3691 bostis
768 3615 1039 3686 inturlectorum
1054 3606 1150 3679 lulii.

674 3842 682 3855 ,
809 3756 918 3832 Iulia
1056 3747 1186 3822 Accius
1219 3747 1368 3824 Bulbus

760 3888 861 3938 soror
879 3856 976 3932 lulii.
1073 3855 1221 3924 maritus
1238 3852 1358 3927 lullae.
1686 3853 1783 3928 Dion
1799 3856 1939 3938 scribit,
1960 3857 2088 3950 quinto
2103 3855 2263 3949 Sulpicio
2283 3870 2317 3928 et
2333 3855 2481 3948 Puppeo
2501 3857 2561 3930 Sa-

719 3990 1371 4045 „wa
1584 3958 1671 4027 bino
1691 3955 1926 4044 Consulibus,
1949 3957 2143 4031 trucidatus
2160 3983 2234 4030 esse
2248 3957 2426 4032 Romanas
2449 3959 2563 4048 legio·

847 4044 958 4119 Attia
1012 4041 1084 4112 filla
1135 4039 1246 4112 ¹⁰¹5st
1585 4081 1648 4127 nes
1662 4057 1701 4126 in
1718 4056 1920 4143 Germania,
1945 4083 2097 4153 quarum
2111 4062 2185 4131 dux
2200 4054 2475 4144 fuitQuintilius
2489 4057 2566 4130 Va·

842 4163 879 4223 01
893 4145 992 4220 Aetli
1006 4141 1113 4214 Bilbi
1130 4154 1240 4234 ¹¹¹¹Pta
1584 4181 1657 4230 rus.
1708 4155 1838 4229 lncidit
1857 4171 1972 4228 autem
1996 4153 2125 4230 borum
2138 4158 2345 4231 Consulatus
2363 4153 2405 4222 in
2420 4177 2565 4230 annum

945 4242 1108 4316 0⁸¹⁸Vl0·
1548 4278 1550 4283 ’
1584 4259 1812 4332 undecimum
1833 4259 1957 4330 aetatis
1971 4254 2128 4349 Christi,
2158 4282 2226 4353 quo
2248 4270 2408 4347 tempore
2428 4253 2565 4331 Iudaea

1585 4360 1780 4455 tranquilla
1794 4374 1880 4436 erat.
1928 4358 2020 4433 Cum
2038 4362 2132 4432 enim
2144 4350 2347 4429 Archelaus
2363 4356 2434 4428 tria
2448 4360 2564 4432 millia

1586 4461 1732 4542 civium,
1756 4461 1820 4554 qui
1836 4461 1874 4531 in
1889 4463 2061 4556 templum
2075 4460 2317 4549 confugerant,
2331 4458 2373 4531 in
2390 4456 2563 4532 Pascbate

1586 4561 1837 4648 interfecisset,
1868 4575 1903 4633 et
1930 4585 2105 4635 summum
2136 4562 2376 4633 sacerdotium
2405 4564 2563 4633 traderet

1586 4675 1622 4733 et
1636 4661 1786 4754 eriperet
1809 4663 1938 4758 quibus
1960 4665 2083 4744 vellen
2108 4676 2143 4736 et
2157 4686 2286 4754 magna
2300 4660 2451 4733 saevicia
2466 4664 2563 4733 mul·

832 4852 835 4857 ¹
1586 4761 1965 4851 titudinemkritaret,
1987 4766 2083 4836 unde
2098 4766 2245 4836 crebrae
2262 4762 2450 4836 seditiones
2461 4765 2563 4834 orie-

657 4876 769 4951 Bcllis
806 4865 973 4944 civilibus
1010 4861 1140 4946 linitis,
1181 4858 1334 4931 extincto
1364 4853 1539 4949 Antonio,
1587 4866 1739 4956 bantur,
1771 4864 1952 4958 Augustus
1973 4880 2138 4939 vocatum
2153 4863 2309 4940 Rbmam
2329 4862 2500 4952 relegauit
2526 4867 2564 4934 iu

435 5027 442 5041 ·
555 4981 744 5078 praecipua
765 4973 860 5049 bella
877 4965 984 5062 gessit
997 4963 1179 5056 Augustus
1204 4984 1269 5056 per
1283 4957 1473 5032 Tiberium
1498 4964 1537 5034 iu
1588 4964 1765 5052 Galliam,
1804 4983 1840 5042 et
1858 4969 1958 5039 dedit
1979 4981 2151 5040 rectorem
2173 4965 2322 5039 ludaeae
2341 4956 2565 5060 Coponium.

556 5084 743 5157 Pannonia
767 5093 802 5151 et
818 5071 962 5146 Norico.
1013 5065 1104 5140 ltem
1126 5091 1189 5157 per
1211 5061 1369 5136 Drusum
1386 5061 1538 5136 Germa·
1587 5066 1640 5138 lta
1654 5079 1741 5139 tuuc
1755 5069 1908 5162 primum
1925 5068 1963 5136 in
1979 5069 2131 5142 formam
2144 5063 2487 5163 provinciaeludaea
2503 5089 2564 5135 re·

557 5186 678 5258 uicum
703 5184 741 5251 in
758 5173 889 5252 libetis
910 5186 945 5243 et
958 5168 1166 5241 Vindelicis.
1215 5163 1342 5236 Postea
1362 5190 1435 5236 nou
1453 5190 1538 5258 pro-
1585 5171 1689 5241 dacta
1702 5183 1767 5255 est,
1791 5190 1952 5241 concessa
1969 5183 2087 5244 nmen
2102 5171 2198 5262 genti
2215 5161 2421 5262 αὐτονομίᾳ
2436 5163 2565 5239 iulie-

556 5289 615 5362 cul
636 5277 859 5372 aMoguntia
881 5273 1020 5346 Drusus
1044 5291 1126 5338 cum
1150 5267 1188 5337 in
1208 5267 1343 5359 praelio
1370 5291 1450 5338 crus
1465 5270 1537 5339 sre-
1586 5270 1720 5361 ligione
1731 5284 1768 5342 et
1783 5267 2032 5344 lurisdictione
2046 5273 2225 5345 inferiore.
2274 5267 2354 5341 Hoc
2375 5268 2483 5338 modo
2500 5290 2565 5359 pa-

555 5392 681 5483 gisset,
705 5393 867 5452 mortuus
888 5387 951 5445 est.
1003 5369 1134 5442 Strabo
1156 5365 1274 5460 inquit
1295 5367 1359 5439 lib.
1383 5371 1418 5441 7.
1441 5369 1537 5441 inter
1585 5394 1662 5444 cem
1677 5368 1775 5445 Deus
1789 5367 1938 5443 ludaeae
1952 5373 2080 5447 tribuit
2094 5397 2159 5468 per
2170 5370 2356 5446 Romanos
2371 5366 2567 5460 Magistra·

554 5492 675 5568 Salam
691 5499 726 5556 et
737 5475 909 5555 Rhenum
924 5469 1157 5564 praeliantem
1172 5466 1306 5538 laecum
1328 5491 1414 5544 esse.
1463 5468 1537 5542 Su·
1585 5488 1661 5556 tus,
1692 5483 1734 5541 ut
1756 5465 1936 5548 Ecclesiae
1958 5476 2132 5571 reliquiae
2151 5485 2396 5558 servarentur,
2436 5483 2474 5541 et
2497 5469 2568 5541 Ze·

555 5620 619 5690 pra
639 5588 759 5664 autem
782 5583 827 5652 de
848 5571 973 5646 Norici
997 5583 1033 5641 et
1054 5562 1208 5641 Rbetiae
1236 5569 1537 5661 appellationibus
1584 5566 1740 5657 cberias,
1765 5569 1931 5665 Simeon,
1956 5571 2155 5665 lohannes,
2178 5571 2360 5661 Christus,
2384 5585 2421 5646 et
2434 5570 2569 5644 deiude

555 5699 690 5770 dictum
705 5701 770 5762 esc
820 5675 990 5754 Noricum
1005 5666 1383 5745 cstinfcriorstsria
1404 5685 1442 5744 es
1455 5673 1536 5747 Au·
1583 5672 1750 5764 Apostoli
1769 5674 2027 5772 aliqantisper
2045 5679 2166 5752 locum
2192 5676 2349 5749 dooendi
2380 5669 2571 5747 biberent.

554 5798 650 5898 sap-ia
701 5785 833 5864 Rhetia
854 5801 945 5880 quae
965 5776 1012 5849 ab
1028 5769 1183 5868 Alpibus
1203 5793 1315 5869 usque
1336 5773 1381 5843 sd
1407 5771 1536 5865 Augu·
1583 5770 1852 5879 Nem-Herodes
1872 5779 2006 5853 eteius
2027 5777 2160 5875 posteri
2174 5801 2249 5851 nou
2265 5775 2448 5852 sedebam
2460 5776 2574 5850 finem

1633 3696 1702 3769 De
1727 3697 1980 3769 Horminio
2012 3691 2132 3766 duce
2156 3690 2513 3768 Cheruscorum.

847 4509 1027 4591 Octavius
1049 4503 1238 4606 Augustus

847 4621 942 4717 filius
956 4610 1101 4732 Octavii
1124 4624 1159 4684 et
1174 4611 1246 4682 Ac·

1001 4737 1087 4787 cneo
