6025 6775
489 738 560 813 bbl

494 908 560 980 No.
582 904 665 975 172.

503 999 674 1032 w

604 1122 679 1206 Dc
711 1114 947 1205 Charilam
974 1100 1380 1217 appellationibus.

501 1265 503 1369 i
568 1318 598 1370 ln
619 1310 743 1366 Oratioa.
761 1304 796 1355 Τ.
811 1300 843 1353 V.
861 1317 887 1369 p.
899 1297 947 1351 tso
961 1312 1034 1366 sqq,
1058 1276 1130 1364 apud
1150 1291 1277 1346 Richard.
1295 1288 1329 1344 Τ.
1339 1288 1372 1345 ll.
1389 1287 1484 1370 pilo.

599 1394 625 1435 et
644 1380 670 1431 in
689 1370 868 1427 Orationibus
888 1362 1033 1437 postremis
1053 1380 1078 1433 p.
1092 1361 1152 1444 lSS.
1188 1359 1231 1414 Cl.
1251 1358 1302 1431 Ep.
1321 1356 1389 1415 Mel.
1409 1358 1436 1413 d.
1456 1358 1483 1413 d,

602 1448 643 1505 18.
658 1444 721 1498 Oct.
741 1442 766 1495 b.
787 1457 812 1494 a.

503 1641 630 1714 oratio
653 1631 700 1705 de
717 1628 911 1704 Charilam
927 1616 1261 1714 appellationibas3
1286 1621 1445 1687 recitato
1460 1638 1488 1688 a

526 1726 948 1826 Deounoplsilosoplts'co
974 1724 1174 1813 (Esrosoo
1200 1719 1460 1816 ltudtpero),

872 1828 930 1901 lo.
947 1827 1121 1921 Augusti.

501 1994 741 2086 iustissimum
756 2012 824 2082 est,
849 2019 935 2078 nos,
958 2016 1038 2064 cum
1054 1988 1221 2060 omnibus
1236 1986 1315 2057 aliis
1329 1981 1487 2056 honestis

504 2086 720 2186 arsionibus,
747 2115 821 2172 turn
844 2121 927 2166 vero
952 2095 991 2164 in
1011 2088 1068 2161 his
1085 2090 1328 2180 congressibus
1342 2086 1405 2180 qui
1422 2090 1488 2157 do-

503 2214 698 2285 ctrinarum
718 2225 819 2273 causa
841 2200 950 2280 finnt,
976 2193 1089 2265 ordiri
1112 2191 1308 2261 orationem
1323 2191 1369 2259 ab
1383 2188 1488 2257 invo-

506 2314 643 2384 catione
666 2304 754 2389 Dei,
786 2301 847 2396 qui
871 2300 952 2368 fons
975 2309 1026 2364 est
1049 2291 1240 2382 sapientiae
1261 2303 1295 2360 et
1318 2275 1488 2372 iusticiae,

506 2430 540 2485 ει
561 2426 601 2483 ut
625 2406 711 2479 haec
729 2428 792 2474 sua
816 2421 952 2470 summa
976 2398 1069 2463 hona
1090 2393 1129 2461 in
1150 2413 1216 2461 nos
1230 2403 1387 2482 spargat,
1412 2389 1489 2458 vult

506 2520 581 2606 ipse
603 2514 640 2582 in
662 2521 735 2580 tota
756 2499 960 2575 aeternitate
983 2497 1021 2563 in
1043 2492 1146 2563 nobis
1169 2492 1296 2562 lucere.
1345 2489 1489 2561 Mecum

506 2616 615 2705 igitur
638 2609 740 2681 initio
762 2612 961 2674 reverenter
983 2612 1016 2667 ει
1040 2594 1142 2666 castis
1165 2593 1344 2663 meatibus
1366 2604 1400 2662 ει
1420 2590 1490 2682 piis

505 2714 637 2804 linguis
655 2706 748 2779 hanc
765 2701 960 2775 orationem
979 2695 1132 2769 recitate.

609 2810 697 2880 Tibi
725 2804 949 2892 omnipotens
973 2795 1089 2881 Dens,
1127 2808 1268 2865 aeterne
1292 2790 1395 2861 Pater
1415 2791 1490 2862 Do-

557 2912 648 2984 mini
678 2907 792 2980 nostri
818 2894 1069 2981 lesu·Christi,
1102 2907 1238 2965 creator
1257 2894 1396 2981 generis
1421 2888 1490 2962 hu-

557 3012 673 3097 mani,
704 3030 775 3078 una
799 3026 878 3072 cum
901 3001 975 3069 filio
998 3012 1061 3068 tuo
1083 2993 1240 3065 Domino
1264 3006 1387 3063 nostro
1412 2991 1491 3062 lesu

557 3110 701 3187 Christo
717 3121 751 3178 ει
767 3102 904 3196 Spiritu
919 3115 980 3171 tuo
997 3110 1117 3167 sancto
1133 3094 1261 3184 gratias
1274 3093 1409 3179 agimus
1424 3116 1490 3183 pro

559 3215 726 3286 omnibus
747 3202 924 3277 beneficiis
941 3202 1030 3285 tuis,
1054 3198 1092 3266 in
1107 3197 1234 3289 quibus
1249 3207 1283 3264 ει
1299 3189 1385 3262 haec
1399 3206 1492 3278 sunt,

557 3320 619 3388 lux
642 3330 723 3385 tuae
743 3304 945 3387 doctrinae,
970 3314 1005 3371 et
1025 3324 1093 3369 vox
1109 3293 1337 3367 honestarum
1352 3295 1493 3379 artium,

561 3434 596 3490 ει
615 3412 723 3485 huius
740 3406 950 3479 Academiae
971 3399 1208 3482 conservatio,
1233 3411 1269 3468 et
1285 3398 1493 3468 ardentibus

559 3517 656 3587 voris
685 3530 891 3603 precamur,
922 3517 963 3574 nt
987 3502 1153 3593 deinceps
1176 3522 1317 3593 quoque
1338 3521 1403 3568 nos
1426 3500 1493 3568 do-

562 3639 658 3700 teas,
689 3612 863 3704 gubernes
889 3618 923 3675 ει
950 3617 1128 3694 protegas,
1158 3614 1193 3670 ει
1214 3598 1314 3668 omni
1335 3614 1493 3689 tempore

560 3724 654 3791 inter
694 3734 760 3784 nos
793 3709 859 3781 tibi
891 3720 1069 3777 aeternam
1107 3698 1302 3773 Ecclesiam
1338 3700 1493 3790 colligas,

562 3822 690 3892 Amen.

905 3945 1106 3964 Μ

612 4020 715 4092 Nunc
737 4038 806 4110 qua
823 4014 867 4084 de
883 4034 922 4101 re
936 4008 1096 4078 dicturos
1111 4008 1199 4093 sim,
1223 4020 1265 4078 ut
1276 4005 1493 4078 consuetudo

513 4125 684 4224 postulat,
710 4103 893 4210 exponam.
944 4107 1111 4179 Difficilis
1126 4106 1213 4180 mihi
1230 4113 1273 4180 da
1288 4119 1495 4198 argumento

514 4223 721 4303 deliberatio
751 4219 830 4292 fuit.
882 4212 973 4284 Nam
1002 4212 1039 4279 in
1066 4207 1132 4283 hos
1156 4233 1361 4302 congressus
1380 4208 1495 4278 oratio

513 4329 703 4405 adferenda
727 4334 778 4392 est
800 4342 865 4388 nec
888 4313 1005 4382 inanis
1024 4336 1090 4381 nec
1112 4317 1271 4388 molesta.
1321 4308 1397 4399 Ego
1412 4333 1496 4379 vero

512 4459 552 4505 re
568 4436 642 4525 ipsa
653 4422 808 4515 comperi
820 4440 941 4491 verum
951 4413 1121 4483 esseillud
1133 4411 1355 4482 Ennianum:
1382 4407 1497 4498 Aeger

515 4536 653 4605 animas
676 4549 812 4617 semper
832 4532 937 4590 errat.
988 4511 1079 4584 Cura
1103 4510 1193 4582 mihi
1210 4515 1252 4580 ad
1273 4534 1495 4581 commanem

513 4630 752 4714 moesticiam,
780 4646 886 4715 quam
901 4615 1045 4686 dissidia
1061 4628 1095 4685 et
1108 4613 1322 4683 calamitates
1337 4609 1498 4700 publicae

514 4730 681 4805 omnibus
703 4722 870 4796 modestis
892 4714 1098 4787 hominibus
1112 4714 1294 4793 adferunt,
1318 4709 1498 4778 accesserit

514 4837 640 4922 ingens
662 4825 766 4897 dolor
788 4819 1017 4895 domesticus,
1042 4812 1168 4882 accidit
1189 4805 1278 4880 mihi
1294 4810 1388 4902 quod
1406 4810 1497 4878 dici-

515 4950 593 5007 tur:
618 4925 714 5004 bosv
735 4917 841 5019 ἀλγεῖ
862 4917 935 4987 ἐκεῖ
951 4914 1059 5007 χεῖρα
1082 4911 1169 5006 ἔχει,
1194 4925 1236 4983 ut
1249 4911 1351 4981 etiam
1367 4911 1397 4979 si
1411 4923 1499 4979 esset

516 5029 634 5127 'aliqua
649 5031 689 5099 in
701 5023 769 5097 hoc
784 5040 911 5113 genere
925 5015 1070 5086 facultas
1085 5039 1173 5100 mea,
1198 5028 1317 5085 tamen
1331 5007 1499 5082 hoctem-

515 5155 603 5230 psre
629 5154 707 5201 meo
738 5127 782 5196 ad
813 5122 899 5193 tales
920 5116 1235 5189 commentationes
1252 5115 1402 5184 idoneus
1425 5136 1498 5183 esse

410 5239 417 5252 '
517 5260 592 5308 non
617 5253 762 5325 possem.
828 5221 1003 5294 Externos
1029 5214 1148 5289 hostes
1167 5212 1302 5286 habent
1321 5210 1498 5286 Ecclesiae

517 5351 658 5408 nostrae
672 5324 954 5406 crudelissimos,¹
974 5316 1342 5412 TyrannosTurcicos
1358 5329 1392 5384 et
1402 5315 1499 5387 Pon-

516 5420 652 5513 tificios.
702 5426 770 5498 His
782 5423 912 5494 relictis
926 5421 1135 5491 dimicamus
1148 5418 1241 5487 inter
1252 5439 1336 5502 nos,
1359 5414 1500 5488 utCad-

516 5540 586 5610 mei
609 5538 745 5606 iratres.
795 5519 935 5594 Dehas
957 5518 1153 5591 calamitate
1178 5542 1219 5588 eo
1242 5541 1317 5587 non
1339 5518 1426 5588 libet
1442 5519 1499 5588 di-

517 5656 612 5724 cere,
638 5634 720 5730 quia
744 5625 905 5698 dolorem
928 5633 1082 5690 vestrum
1104 5641 1229 5708 augere
1243 5620 1349 5704 nolo,
1371 5634 1405 5688 et
1419 5643 1498 5688 ma-

519 5741 668 5831 gnitudo
690 5729 776 5803 mali
794 5736 934 5816 superat
950 5719 1111 5793 omnium
1127 5715 1314 5792 hominum
1330 5720 1499 5811 eloquen-

516 5844 637 5923 tiam„
671 5836 783 5926 Saepe
808 5827 914 5920 igitur
935 5824 1100 5895 mandata
1122 5822 1262 5908 divina,
1292 5833 1326 5891 ct
1348 5821 1392 5889 de
1414 5843 1499 5890 con·

886 713 1045 792 DECL.
1086 705 1160 785 DE
1192 700 1513 783 CHARlTUM
1548 701 2118 786 APPELLATIONlBUS·

1315 906 1367 950 an.
1386 881 1482 947 1559.

2439 713 2516 788 382

1534 876 1677 959 cordia,
1708 891 1742 949 ει
1770 878 1815 947 de
1837 880 1944 949 modo
1966 880 2172 953 retinendae
2194 884 2403 955 concordiae
2422 886 2515 956 inter

1533 979 1685 1068 gemitus
1713 992 1748 1049 et
1777 979 1948 1074 lacrymas
1977 982 2104 1071 cogito.
2171 981 2271 1072 Quid
2300 984 2414 1075 potest
2442 986 2515 1055 diei

1535 1080 1650 1152 maius
1672 1074 1739 1150 hac
1762 1082 1966 1170 gravissima
1986 1107 2072 1153 voce
2093 1077 2279 1155 lobannis:
2305 1082 2403 1156 Deus
2424 1087 2515 1158 dile-

1535 1181 1605 1252 ctio
1627 1194 1697 1269 est,
1722 1182 1785 1274 qui
1808 1196 1925 1253 manet
1947 1183 1986 1250 in
2009 1183 2217 1268 dilectione,
2239 1186 2278 1254 in
2294 1183 2371 1256 Deo
2387 1201 2517 1266 manet,

1536 1295 1570 1353 et
1583 1279 1682 1351 Deus
1700 1280 1737 1350 in
1753 1282 1818 1351 eol
1864 1281 1956 1354 lade
1969 1283 2145 1355 iudicetur
2159 1285 2245 1379 qaid
2263 1287 2309 1355 de
2324 1288 2428 1357 iuriis
2444 1287 2518 1376 illis

1536 1384 1762 1453 sentiendam
1780 1385 1847 1466 sit,
1871 1407 1961 1477 quac
1975 1398 2037 1456 aut
2049 1386 2245 1478 praestigiis
2259 1382 2519 1477 sophismatum

1536 1498 1631 1555 recte
1651 1486 1779 1555 tradita
1795 1499 2051 1575 corrumpunt,
2080 1500 2141 1558 aut
2161 1490 2324 1559 ardentes
2346 1488 2438 1558 odiis
2461 1490 2520 1557 in·

1536 1586 1637 1655 firma
1664 1587 1819 1656 membra
1832 1600 2002 1657 tnrncare
2024 1611 2130 1680 qnam
2155 1611 2278 1658 sanare
2300 1588 2458 1669 malunt,
2484 1605 2520 1660 et

1538 1683 1594 1756 his
1610 1689 1750 1757 duobus
1766 1687 1881 1756 modis
1894 1685 2088 1758 Ecclesiam
2105 1685 2319 1761 distrahunt.
2369 1688 2520 1761 Pronus

1537 1790 1656 1860 abesse
1681 1789 1726 1858 ab
1753 1784 1910 1859 Ecclesia
1934 1784 2163 1880 sophisticam
2192 1790 2361 1884 oportuit.
2424 1789 2520 1863 Sim-

1524 1890 1633 1981 ples,
1660 1888 1862 1981 perspicua,
1889 1902 1923 1961 ει
1936 1891 2082 1963 immota
2097 1892 2225 1976 veritas
2238 1907 2305 1965 est:
2330 1889 2413 1963 Non
2423 1887 2522 1963 Deus

1538 1990 1661 2059 volens
1682 1991 1898 2082 impietatem
1921 2004 1960 2062 tu
1978 2016 2025 2063 es.
2075 1986 2248 2087 Adeoque
2264 1993 2455 2064 necesaria
2469 2008 2523 2066 est

1538 2091 1739 2162 obedientia
1754 2087 1831 2160 Deo
1854 2093 1973 2163 debita
1999 2095 2094 2164 iuxta
2115 2094 2227 2186 ipsius
2250 2095 2467 2167 voluntatem
2481 2095 2521 2163 in

1538 2191 1614 2280 lege
1638 2214 1853 2282 expressam,
1877 2206 1918 2263 ut
1941 2196 2094 2266 donatus
2114 2197 2161 2267 sit
2184 2190 2392 2266 hominibus
2415 2196 2521 2275 lilius,

1540 2293 1602 2385 qui
1616 2291 1715 2362 ficret
1729 2292 1881 2383 victima,
1908 2295 1991 2387 qnia
2005 2310 2125 2367 nostra
2140 2310 2266 2368 natura
2281 2297 2522 2367 obedientiam

1540 2392 1668 2462 amisit.
1717 2388 1792 2463 Cur
1813 2393 1907 2462 hlins
1929 2397 1967 2466 bt
1986 2396 2146 2484 victima,
2171 2398 2201 2475 si
2222 2398 2426 2468 obedientia
2447 2421 2523 2467 non

1541 2507 1593 2563 est
1606 2491 1826 2563 necessaria?
1876 2492 1920 2564 la
1938 2490 2004 2565 hac
2015 2498 2221 2590 quaestione
2237 2522 2318 2569 cum
2335 2498 2463 2568 veritas
2479 2498 2526 2566 sit

1541 2594 1735 2687 perspicua,
1759 2606 1878 2664 tamen
1894 2595 2118 2687 impudenter
2133 2620 2209 2669 eam
2223 2610 2432 2691 oppugnant
2443 2599 2526 2691 qui·

1541 2699 1623 2766 dam
1645 2696 1740 2766 ludis
1756 2692 1976 2786 sophisticis,
2002 2711 2041 2768 ut
2064 2698 2126 2792 qni
2144 2713 2234 2770 stare
2249 2701 2380 2785 solem,
2402 2711 2438 2768 ει
2454 2712 2527 2769 ter-

1541 2821 1617 2868 ram
1652 2796 1789 2866 moveri
1820 2797 2058 2888 disputarunt.
2125 2795 2175 2871 Et
2204 2824 2340 2891 possem
2368 2801 2526 2891 exempla

1542 2899 1645 2990 plura
1664 2921 1948 2968 commemorare.
1999 2898 2075 2970 Alii
2095 2924 2181 2971 vero
2201 2901 2366 2972 incensis
2381 2902 2528 2971 leviori·

1542 3002 1609 3067 hus
1624 3000 1708 3068 odio
1724 2998 1904 3085 serviunt,
1928 3024 2008 3070 curn
2023 3024 2165 3091 parcere
2179 3001 2330 3073 infirmis
2346 3003 2527 3077 deberent.

1541 3097 1635 3169 Sunt
1657 3099 1752 3170 enirn
1776 3113 1810 3171 ει
1831 3100 1871 3168 in
1893 3125 1975 3171 vera
1992 3098 2147 3173 Ecclesia
2169 3105 2298 3175 tenella
2315 3103 2471 3174 membra
2490 3119 2526 3173 ει

1542 3201 1703 3284 infirma,
1728 3202 1932 3290 praesertim
1955 3204 1993 3271 in
2016 3198 2082 3272 hac
2102 3204 2333 3294 opinionum,
2358 3218 2392 3277 et
2405 3205 2445 3274 in
2459 3200 2529 3275 hac

1543 3300 1752 3392 disciplinae
1783 3303 2002 3374 confusione.
2068 3302 2183 3375 Valde
2211 3309 2323 3378 mvrlta
2348 3308 2528 3387 accidunt,

1544 3425 1635 3495 quae
1654 3403 1783 3473 leniter
1804 3408 1960 3476 sananda
1984 3421 2094 3477 erant.
2145 3407 2281 3501 Siquis
2298 3432 2370 3479 aon
2387 3431 2529 3499 pugnax

1544 3504 1664 3575 induit
1684 3518 1813 3575 vestem
1838 3507 1992 3592 lineam,
2017 3532 2080 3578 cur
2105 3521 2273 3601 tanquam
2296 3508 2526 3602 parricidium

1546 3618 1580 3675 et
1595 3605 1752 3674 veritatis
1767 3608 2004 3695 proditionem
2023 3609 2198 3695 exagitas?

1646 3703 1749 3770 Talia
1762 3706 1871 3772 multa
1886 3729 1965 3772 cum
1981 3701 2048 3772 hoc
2061 3719 2220 3795 tempore
2232 3710 2441 3796 cogitarem,
2468 3734 2530 3781 vc·

1545 3815 1676 3873 nerunt
1699 3798 1789 3870 mihi
1813 3803 1851 3870 in
1867 3806 2017 3872 mentem
2035 3816 2150 3872 vetera
2167 3806 2261 3875 dicta
2277 3821 2311 3876 et
2326 3810 2416 3879 facta
2427 3815 2531 3880 ‘mul-

1546 3920 1600 3989 ta,
1624 3927 1715 3996 quae
1735 3916 1820 3974 sunt
1836 3903 2191 3974 commonefactiones
2207 3906 2250 3976 de
2263 3908 2472 3986 concordia,
2494 3923 2528 3978 et

1547 4009 1591 4076 de
1612 4005 1863 4076 coniunctione
1886 4005 2015 4075 civium
2039 4007 2181 4078 tuenda.
2233 4005 2366 4079 Scribit
2387 4004 2529 4079 Aristo-

1546 4109 1650 4190 teles,
1680 4106 1719 4174 in
1736 4107 1862 4176 mediis
1877 4107 2026 4176 urbibus
2043 4105 2149 4176 luisse
2166 4104 2371 4179 Gratiarum
2387 4111 2530 4201 templa,

1547 4224 1588 4280 nt
1616 4209 1709 4279 cives
1730 4209 2042 4278 commoneberent
2064 4211 2109 4277 de
2128 4223 2249 4280 mutua
2271 4211 2532 4296 benevolentia,

1548 4314 1593 4380 de
1615 4310 1863 4389 beneficentia,
1888 4311 1932 4379 de
1955 4309 2189 4398 gratitudine,
2212 4311 2256 4380 de
2270 4311 2532 4383 condonatione

1548 4412 1798 4482 offensionum.
1850 4408 1967 4481 Pauca
1990 4411 2097 4500 igitur
2119 4413 2164 4479 de
2180 4411 2356 4482 veteribus
2373 4415 2532 4505 appella·

1549 4513 1706 4582 tionibus
1725 4508 1910 4581 Charitum
1932 4513 2064 4597 dicam,
2089 4512 2171 4604 quia
2194 4508 2262 4583 hoc
2285 4529 2531 4603 argumentum

1549 4612 1683 4702 gratius
1697 4613 1771 4680 fore
1786 4613 1946 4684 existimo
1960 4612 2112 4705 querelis
2127 4625 2162 4682 ει
2177 4615 2470 4687 accusationibus.

1650 4707 1728 4782 Etsi
1743 4726 1860 4785 autem
1876 4711 2119 4789 commenticia
2133 4714 2281 4782 numina
2296 4712 2529 4788 Ethnicoram

1549 4815 1752 4884 detestanda
1775 4828 1877 4898 suast,
1900 4837 2051 4908 quorum
2073 4813 2184 4883 nana
2201 4839 2243 4883 ex
2257 4815 2434 4907 allegoriis
2450 4832 2532 4888 itata

1550 4927 1649 4999 sunt:
1675 4928 1794 4985 tamen
1808 4915 1893 5008 quid
1909 4914 2011 4983 initio
2027 4912 2260 5000 significatum
2274 4918 2334 5007 sit,
2354 4920 2533 4990 studiosos

1550 5011 1778 5088 historiarum
1794 5015 2017 5098 considerare
2030 5015 2138 5085 decet.
2181 5014 2294 5107 Leges
2305 5034 2452 5092 natrrrac
2466 5044 2532 5088 no·

1551 5119 1686 5188 hiscum
1710 5130 1921 5194 nascuntur,
1950 5109 2017 5183 hae
2038 5119 2229 5189 ostendunt
2252 5115 2415 5192 homines
2439 5121 2530 5187 inter

1550 5243 1587 5289 se
1611 5220 1794 5290 devinctos
1814 5238 1887 5284 esse
1908 5239 2029 5286 rerum
2052 5230 2087 5287 et
2107 5220 2303 5292 officiorum
2327 5242 2531 5310 compensa-

1551 5322 1670 5405 tione,
1699 5334 1734 5389 et
1765 5317 1885 5385 deberi
1915 5341 1980 5406 pro
2009 5319 2187 5391 mercibus
2215 5322 2373 5415 aequalia
2402 5318 2529 5410 precia.

1550 5420 1646 5491 Haec
1666 5418 1902 5507 compensatio
1924 5419 2061 5489 iusticia
2078 5423 2292 5492 nominatur.
2343 5418 2529 5508 Quaedam

1551 5545 1634 5590 vero
1648 5517 1815 5588 beneficia
1828 5533 1864 5590 ει
1878 5521 1992 5589 officia
2007 5523 2116 5609 gratis
2130 5522 2314 5592 tribuenda
2327 5543 2414 5601 esse,
2439 5545 2530 5614 qaae

1550 5619 1684 5690 etiamsi
1701 5619 1865 5711 privatim
1880 5621 1952 5691 illis
1966 5624 2096 5714 quibus
2110 5623 2327 5706 tribuuntur,
2355 5646 2430 5693 non
2447 5639 2532 5694 sunt

1550 5721 1688 5805 debita,
1721 5735 1839 5793 tamen
1860 5723 1998 5812 generis
2018 5717 2166 5794 humani
2185 5724 2446 5796 conservationi
2468 5726 2532 5795 dc-

1550 5822 1690 5899 beutur.
1755 5821 1851 5895 Haec
1883 5824 2156 5897 communicatio
2182 5824 2267 5898 alias
2289 5827 2534 5910 beneficentia,
