6025 6775
528 688 602 763 223
696 762 700 770 .
1087 662 1720 744 DECL.DEMED1C1NAE
1752 663 1864 739 USU
1898 683 1982 736 aro.
2463 670 2541 744 224

533 851 741 958 sympathia
760 864 795 921 et
808 843 1017 939 Antipathia
1037 841 1227 910 multarum
1243 860 1362 909 rerum
1384 837 1423 905 in
1444 859 1511 905 na·
1665 833 1839 924 Cognatio
1864 848 1980 906 autem
2009 836 2105 904 oleae
2132 847 2167 905 et
2195 834 2279 908 vitis
2308 838 2453 908 mirifica
2477 853 2539 911 est,

534 979 626 1035 ¹⁰12·
657 956 749 1027 sunl
763 952 857 1020 enlm
872 946 1069 1038 l>f⁰P⁰⁵l¹³e
1084 940 1264 1029 lffl³83⁰0⁸s
1278 954 1319 1010 ul
1333 961 1399 1007 110⁵
1416 961 1513 1007 com·
1565 936 1699 1007 Inserta
1715 937 1781 1005 viti
1798 939 1874 1005 olea
1891 937 2001 1024 gignit
2018 950 2052 1005 et
2066 958 2151 1004 uvas
2178 949 2213 1006 et
2236 938 2360 1012 olivas.
2396 937 2447 1008 lta
2463 962 2543 1009 cum

536 1058 772 1132 monefaciant
787 1051 913 1120 dehere
933 1042 1096 1114 homines
1112 1042 1191 1111 Deo
1208 1041 1407 1109 conformes
1428 1060 1515 1119 esse,
1566 1039 1653 1106 fides
1675 1038 1764 1124 regit
1789 1060 1913 1127 opera,
1944 1038 1984 1105 fit
2007 1036 2121 1104 dulcis
2143 1037 2290 1109 societas
2310 1036 2498 1129 Evangelii
2512 1053 2546 1109 et

538 1176 573 1233 et
595 1158 760 1228 inimicos
780 1148 932 1221 hostium
949 1144 1025 1215 Dei.
1079 1138 1133 1210 Ac
1148 1142 1342 1210 dolendum
1360 1152 1412 1207 est
1434 1160 1514 1206 cum
1566 1138 1664 1228 legis.
1713 1135 1762 1206 Et
1783 1139 1839 1205 lex
1856 1138 1895 1207 fit
1918 1138 2030 1206 multo
2051 1137 2278 1223 foecundior,
2305 1141 2476 1210 dulcescit
2496 1139 2550 1208 la-

540 1262 630 1334 aliae
664 1269 840 1328 creaturae
872 1257 1010 1315 servent
1044 1242 1225 1327 ordinem,
1260 1264 1330 1332 quo
1355 1238 1516 1308 conditae
1567 1241 1635 1309 bor
1651 1251 1685 1308 et
1696 1236 1772 1308 Deo
1787 1239 1910 1328 placet.
1961 1236 2054 1308 Sunt
2070 1251 2103 1307 et
2123 1235 2550 1331 antipathiaemultamm

540 1375 639 1434 sunt:
671 1349 888 1427 horribiliter
912 1344 1049 1417 turbari
1070 1337 1166 1413 hunc
1196 1343 1360 1413 ordinem
1381 1341 1426 1409 ab
1449 1334 1518 1408 ho·
1569 1364 1687 1409 rerum
1705 1339 1884 1411 mirificae.
1935 1337 2083 1426 Magnes
2098 1362 2179 1407 cum
2195 1340 2315 1409 allium
2336 1340 2369 1408 ei
2384 1340 2551 1427 illinitur,

539 1462 709 1533 minibus·
1570 1464 1645 1509 non
1660 1433 1768 1509 trahit
1785 1439 1930 1510 ferrum.
1981 1437 2110 1507 Graeci
2133 1440 2255 1509 allium
2275 1432 2458 1533 σκόροδον
2480 1464 2549 1509 no-

641 1558 812 1644 Perpetua
828 1562 878 1619 est
892 1545 1080 1618 concordia
1093 1540 1267 1637 magnetis
1284 1552 1318 1609 et
1332 1538 1437 1622 ferri,
1461 1537 1517 1605 vel
1571 1541 1727 1621 minant,
1750 1542 1847 1631 quod
1863 1540 1963 1608 aiunt
1979 1540 2131 1623 dictum,
2155 1540 2255 1632 quasi
2272 1537 2401 1612 σκαιὸν
2422 1533 2549 1633 ῥόδον,

541 1661 658 1755 P⁰fi⁰⁸
680 1652 851 1744 magne&
867 1650 910 1718 ad
927 1649 1048 1738 P⁰l¹¹m
1065 1644 1251 1725 wilelme
1277 1664 1365 1733 ‘luae
1380 1662 1521 1732 Syfflpa·
1571 1664 1650 1712 rosa
1666 1639 1806 1709 foetida.
1858 1638 1948 1711 Cum
1963 1640 2144 1709 doctrinae
2159 1641 2399 1710 infunduntur
2419 1640 2550 1711 foetida

541 1759 616 1835 thia
631 1753 832 1827 mirabilior
845 1763 908 1819 est.
945 1746 1020 1818 Cur
1033 1769 1099 1816 nos
1114 1740 1277 1814 homines
1290 1765 1365 1811 non
1380 1752 1522 1807 tuemur
1572 1737 1805 1832 sophismata,
1830 1740 1903 1808 vim
1922 1741 2076 1831 priorem
2093 1741 2239 1811 amittis:
2264 1755 2306 1812 us
2322 1765 2403 1810 vera
2419 1753 2453 1810 et
2469 1742 2550 1812 dul.

542 1857 767 1934 concordiam
790 1875 870 1922 cum
891 1850 990 1920 Deo?
1027 1871 1089 1917 cur
1110 1868 1184 1913 non
1210 1841 1391 1934 sequimur
1406 1837 1520 1909 Deum
1573 1843 1622 1911 cis
1642 1840 1833 1910 consolatio
1851 1854 1919 1923 est,
1942 1842 2058 1910 dicere
2079 1841 2150 1925 illi,
2175 1841 2334 1933 quivere
2357 1842 2553 1934 expavescit

542 1955 739 2034 trahentem
756 1976 821 2023 nos
837 1952 916 2019 luce
930 1948 1121 2038 sapientiae
1136 1966 1228 2026 suae,
1246 1955 1288 2010 ut
1302 1942 1434 2009 ferrum
1449 1954 1522 2009 tra·
1574 1942 1752 2032 agnitione
1777 1941 1848 2010 irae
1870 1941 1952 2011 Dei:
1988 1939 2168 2011 lustificati
2189 1942 2275 2026 fide,
2299 1965 2417 2032 pacem
2443 1938 2553 2011 habe-

543 2059 643 2133 hitur
665 2083 685 2127 a
711 2064 891 2143 magnete,
923 2050 1037 2117 multo
1060 2043 1264 2115 obscuriore
1286 2040 1412 2111 causa?
1448 2037 1523 2109 Cur
1573 2065 1663 2113 mus.
1714 2039 1811 2111 Haec
1825 2042 2026 2111 dulcissima
2042 2056 2075 2112 et
2091 2042 2270 2111 verissima
2285 2047 2354 2112 vox
2367 2043 2406 2113 fit
2424 2039 2554 2113 σκαιὸν

544 2153 898 2235 discedimusalleo,
927 2172 1006 2218 cum
1029 2168 1172 2235 magnes
1187 2165 1325 2231 semper
1341 2142 1384 2208 ad
1402 2140 1524 2229 polum
1574 2138 1708 2236 ῥόδον,
1743 2143 1774 2212 si
1797 2144 1877 2234 quis
1900 2142 2007 2231 fingat
2029 2165 2066 2211 se
2089 2143 2220 2212 iustum
2240 2166 2314 2212 esse
2334 2143 2423 2228 lide,
2449 2144 2576 2214 etiam.

544 2262 713 2335 &felleum
731 2280 767 2324 ὅθ
781 2248 986 2322 ⁶⁰⁰V²¹l³ii
1037 2245 1215 2334 Quasdam
1232 2242 1341 2331 igliur
1354 2240 1524 2329 imagines
1576 2266 1656 2314 cum
1676 2243 1835 2313 furenter
1856 2256 2054 2333 perseverat
2069 2234 2107 2311 in
2125 2244 2314 2312 sceleribus
2332 2258 2454 2313 contra
2468 2266 2555 2312 cou-

544 2347 784 2435 recitabimus:
808 2348 862 2421 Ac
879 2351 994 2441 prima
1009 2348 1066 2430 sit,
1088 2345 1131 2415 ln
1142 2343 1301 2411 maximis
1319 2342 1525 2431 corporibus
1576 2344 1768 2416 scientiam.
1819 2343 1972 2414 Dissidia
1986 2345 2104 2413 nativa
2118 2356 2200 2413 sunt
2214 2344 2403 2413 multarum
2418 2366 2552 2412 mum,

544 2460 708 2532 miranda
721 2453 903 2524 consensio
916 2463 977 2522 est.
1028 2446 1218 2517 Stellarum
1233 2456 1268 2512 et
1282 2442 1391 2522 airis,
1417 2464 1523 2533 quam
1576 2444 1714 2537 aquilae
1737 2457 1771 2513 et
1793 2444 1914 2537 cygni,
1939 2457 1979 2512 ut
2001 2467 2122 2533 regum
2137 2458 2172 2514 et
2187 2458 2379 2517 oratorum.
2427 2442 2550 2532 Lupo·

547 2564 577 2633 si
595 2560 674 2654 quis
690 2568 794 2645 negat
808 2575 891 2633 esse,
908 2548 1090 2617 manifeste
1103 2545 1221 2615 fuerit.
1247 2539 1337 2612 Cum
1346 2540 1408 2611 Sol
1423 2566 1442 2609 a
1459 2564 1527 2608 no-
1577 2567 1658 2614 rum
1674 2557 1709 2613 et
1725 2544 1863 2624 ovium,
1889 2558 1929 2614 ut
1943 2556 2176 2637 tyrannorum
2191 2559 2224 2615 et
2239 2541 2428 2616 Ecclesiae.
2466 2541 2558 2611 For-

547 2676 619 2733 stro
640 2658 769 2728 vertice
789 2650 956 2732 discedit,
981 2654 1040 2718 aer
1060 2647 1100 2716 lit
1120 2644 1300 2733 frigidior,
1331 2643 1414 2733 quia
1434 2641 1526 2710 radii
1579 2644 1685 2713 micas
1702 2644 1827 2714 metuit
1842 2667 1938 2722 mus,
1964 2660 2004 2715 ut
2019 2646 2159 2715 sedulos
2173 2658 2206 2714 et
2223 2658 2378 2713 amam„
2391 2645 2556 2714 laborum

546 2759 686 2852 obliqui
698 2769 781 2826 sunt
799 2749 1063 2821 imbecilliores:
1091 2770 1169 2815 cum
1188 2746 1230 2812 ad
1253 2766 1317 2812 nos
1333 2744 1436 2827 redit,
1451 2765 1528 2810 ma·
1579 2746 1704 2815 metuit
1718 2744 1786 2813 fur.
1836 2742 1986 2813 lnfestae
2000 2769 2080 2835 apes
2094 2746 2197 2830 fucis,
2220 2758 2260 2815 ut
2274 2757 2366 2815 recte
2382 2747 2560 2825 docentes,

547 2862 599 2953 gis
615 2857 728 2930 calefit
743 2856 819 2937 ae‘r,
845 2851 926 2944 quia
944 2849 998 2918 vis
1015 2862 1066 2916 est
1085 2845 1200 2913 maior
1215 2845 1255 2912 in
1269 2843 1378 2911 radiis
1401 2842 1529 2911 rectio·
1580 2845 1716 2934 ignavis
1737 2858 1773 2915 et
1794 2845 1896 2934 gulae
1916 2845 2193 2933 indulgentibus.
2246 2845 2438 2916 scarabeus
2456 2845 2559 2936 aqui-

548 2963 659 3033 ribus.
698 2954 790 3028 Cum
806 2964 889 3023 sunt
903 2970 1105 3037 congressus
1120 2946 1341 3034 planetarum
1356 2943 1528 3014 siccorum
1580 2947 1650 3014 lam
1669 2947 1760 3016 odit:
1791 2969 1871 3015 cum
1895 2945 1991 3014 enim
2007 2946 2125 3036 aquila
2149 2947 2289 3015 sorbeat
2305 2969 2371 3015 ova
2393 2945 2558 3029 scarabei,

548 3065 587 3132 in
603 3056 703 3129 siccis
718 3054 840 3145 signis,
864 3064 906 3121 ut
921 3050 1075 3118 vidimus
1089 3070 1183 3115 anno
1197 3043 1398 3127 millesimo,
1422 3044 1529 3136 quin·
1581 3045 1733 3115 vicissim
1756 3047 1938 3115 scarabeus
1958 3046 2157 3138 aquilarum
2173 3070 2238 3115 ova
2255 3047 2357 3116 celsis
2372 3046 2556 3116 arboribus

548 3160 759 3254 gentesimo,
785 3151 1070 3248 quadragesimo,
1105 3160 1221 3216 aestus
1243 3145 1281 3211 in
1304 3144 1403 3228 ae‘re,
1435 3155 1469 3211 et
1490 3144 1529 3209 in
1581 3147 1711 3220 deiicit.
1738 3144 1817 3233 Qua
1830 3170 1867 3215 re
1880 3146 2095 3235 significatur
2108 3146 2211 3215 etiam
2226 3148 2424 3237 potentium
2437 3160 2559 3241 tyran-

547 3277 642 3335 terra
664 3249 801 3329 siccitas
819 3252 933 3323 maior
948 3266 1010 3321 est.
1061 3246 1194 3318 Contra
1213 3269 1293 3327 cum
1312 3240 1532 3315 sunthumi-
1583 3271 1709 3317 norum
1728 3246 1963 3317 iniuggefacta
1980 3246 2171 3315 abinfimps
2188 3270 2287 3337 posse
2306 3248 2437 3340 puniri·
2490 3247 2564 3319 Sed

488 3430 494 3441 .
549 3366 676 3436 dorum
694 3375 899 3445 congressus
917 3352 955 3419 in
971 3349 1079 3438 signis
1097 3342 1275 3431 humidis,
1300 3346 1415 3418 maior
1430 3358 1482 3417 est
1497 3355 1532 3414 et
1582 3349 1719 3418 illustre
1742 3346 1982 3418 testimonium
2004 3360 2056 3417 est
2083 3347 2326 3439 providentiae
2347 3348 2430 3433 Dei,
2464 3349 2561 3442 quod

550 3462 644 3534 aiiris
667 3473 700 3527 et
722 3471 836 3526 terrae
862 3448 1068 3519 humiditas.
1583 3451 1631 3520 ita
1665 3450 1802 3539 plantas
1828 3449 2028 3531 distribuit,
2070 3462 2112 3519 ut
2142 3451 2239 3520 velut
2271 3451 2309 3518 in
2342 3450 2559 3527 oeconomia,

640 3556 712 3626 Nec
730 3552 880 3622 dubium
897 3562 948 3617 est
969 3544 1172 3615 coelestium
1195 3567 1383 3632 corporum
1407 3556 1441 3612 et
1462 3543 1533 3611 ele-
1584 3572 1711 3639 magno
1727 3549 1875 3619 consilio
1891 3549 1969 3617 aliis
1992 3549 2077 3618 alias
2092 3549 2184 3618 vires
2203 3551 2420 3622 attribuerit:
2442 3551 2482 3621 tit
2498 3573 2561 3641 pa-

550 3670 751 3731 mentorum
767 3648 991 3724 concordiam
1008 3644 1189 3714 mirificam
1207 3664 1290 3709 esse.
1322 3641 1482 3711 Debebat
1500 3657 1534 3711 et
1584 3650 1641 3717 nis
1660 3672 1702 3716 ex
1724 3649 1927 3733 frumentis,
1958 3651 2070 3725 farre,
2096 3649 2232 3727 tritico,
2267 3652 2367 3745 olyra
2388 3666 2424 3723 eg
2443 3651 2565 3744 pauet,

551 3755 734 3833 rationalis
765 3752 903 3821 animae
933 3772 1013 3817 cum
1039 3745 1115 3816 Deo
1146 3755 1313 3833 perpetua
1343 3741 1534 3810 concordia
1586 3746 2070 3840 aliis,quarumremm121;5
2087 3760 2290 3829 mmmm,
2309 3761 2350 3817 u,
2366 3752 2403 3816 in
2420 3755 2565 3839 sangui·
2656 3762 2665 3783 ,

552 3883 651 3944 esse,
668 3879 747 3925 cum
764 3849 908 3946 quidem
923 3844 1031 3917 homo
1045 3847 1091 3915 sit
1106 3844 1220 3931 imago
1235 3840 1322 3927 Dei,
1347 3855 1380 3910 et
1399 3841 1534 3911 intelli·
1585 3872 1666 3916 nem
1691 3872 1880 3939 corporum
1907 3860 2107 3919 nostrorum
2139 3848 2297 3918 conveni
2320 3849 2466 3938 possim.
2515 3847 2565 3918 Et

552 3970 610 4053 gat
633 3978 753 4028 causas
774 3949 1023 4022 consensionis.
1075 3943 1145 4014 Sed
1164 3944 1320 4013 dicamus
1343 3944 1386 4010 de
1404 3942 1535 4032 plantis
1586 3949 1705 4021 addita
1725 3962 1776 4019 est
1803 3951 1948 4040 rigatio,
1974 3971 2063 4041 quae
2086 3948 2241 4038 htpotu.
2291 3948 2383 4020 Nam
2398 3949 2493 4018 solas
2506 3970 2563 4016 res

552 4063 697 4154 aliquot.
747 4052 911 4123 Balsamo
927 4050 1061 4118 ferrum
1077 4046 1164 4114 adeo
1181 4042 1366 4112 inimicum
1390 4056 1459 4125 est,
1483 4055 1534 4122 ut,
1585 4050 1865 4120 sicoeeconveffi
1882 4050 2141 4138 Unguium
2157 4064 2395 4142 nonpossenL
2426 4049 2565 4119 Deinde

553 4186 634 4234 cum
651 4160 746 4228 ferro
762 4164 916 4230 secatur,
940 4173 1022 4218 mox
1036 4147 1167 4216 arefiat.
1218 4142 1405 4233 Unguibus
1427 4143 1536 4231 igitur
1586 4163 1621 4221 at
1634 4153 1842 4221 morborum
1857 4151 2024 4234 remedia,
2038 4174 2128 4243 quae
2144 4175 2218 4221 non
2233 4164 2379 4242 possunt
2393 4175 2465 4221 esse
2482 4149 2567 4234 cibi,

553 4265 593 4332 in
608 4257 797 4349 scalpendo
816 4264 850 4322 et
865 4252 1024 4342 putando
1045 4249 1217 4319 utendum
1234 4258 1296 4318 est.
1346 4242 1465 4333 lmago
1485 4256 1536 4312 est
1587 4253 1728 4322 condita
1745 4264 1847 4333 sunt,
1872 4263 1906 4320 et
1927 4262 2023 4321 tanta
2046 4265 2121 4322 arte
2137 4253 2347 4338 distributa,
2370 4265 2411 4323 ut
2426 4251 2566 4343 praevi-

552 4359 749 4443 Ecclesiae,
775 4377 865 4446 quae
887 4375 962 4420 non
982 4352 1076 4419 ferro
1099 4348 1250 4435 regenda
1271 4359 1342 4430 est,
1366 4348 1427 4414 sed
1450 4368 1536 4413 voce
1587 4355 1674 4422 dens
1695 4351 1855 4421 diverso,
1876 4353 2038 4431 morbos,
2064 4352 2134 4421 315,
2156 4355 2312 4423 remedia
2333 4354 2411 4423 aliis
2433 4350 2566 4422 morbis

434 4464 438 4476 '
555 4463 747 4532 doctrinae.
781 4453 937 4526 Balsami
955 4473 1058 4520 succo
1074 4449 1220 4516 aluntur
1235 4446 1385 4534 viperae,
1411 4460 1445 4516 et
1460 4468 1536 4512 ma·
1587 4452 1803 4543 opposuerit.
1852 4449 1935 4522 Alia
1957 4453 2083 4537 bilem,
2116 4453 2185 4522 alia
2215 4454 2379 4545 pituitam
2404 4449 2569 4537 flabunt,

556 4584 624 4650 gna
647 4561 785 4646 agmina
805 4557 1006 4644 viperarum
1037 4547 1200 4618 fruticem
1224 4546 1322 4614 velut
1349 4545 1536 4614 obsidione
1587 4553 1676 4622 aliae
1689 4548 1819 4623 herbae
1833 4553 2055 4644 opitulantur
2069 4556 2223 4631 cerebro,
2241 4556 2330 4623 aliae
2348 4556 2461 4640 cordi,
2478 4555 2569 4624 aliae

558 4661 724 4744 cingunt,
751 4656 969 4723 delectantur
983 4663 1018 4719 et
1033 4649 1159 4720 umbra
1174 4645 1354 4714 foliorum.
1404 4643 1537 4715 Soccus
1587 4653 1768 4743 pulmoni,
1788 4655 1878 4723 aliae
1902 4653 2054 4745 pectori,
2080 4653 2169 4722 aliae
2191 4655 2304 4743 epoti,
2330 4656 2420 4725 aliae
2441 4655 2567 4747 spleni,

557 4769 674 4827 autem
697 4753 846 4823 balsami
868 4751 1062 4820 remedium
1083 4761 1135 4816 est
1149 4757 1271 4814 contra
1287 4766 1421 4813 venena
1443 4746 1537 4837 opti·
1588 4755 1677 4823 aliae
1691 4754 1902 4843 ventriculo.

557 4879 667 4925 mum.
719 4850 779 4922 Sic
795 4850 940 4919 aluntur
953 4850 1131 4932 balsamo,
1158 4844 1282 4930 idest,
1306 4867 1391 4914 voce
1405 4846 1539 4914 doctri·
1689 4852 1785 4922 Haec
1810 4857 1993 4926 artificiosa
2014 4852 2216 4924 distributio
2240 4878 2463 4947 nequaquam
2488 4878 2570 4925 casu

558 4979 625 5026 nae
643 4950 811 5032 coelestis,
838 4962 977 5020 autores
994 4962 1028 5019 et
1044 4947 1244 5017 defensores
1259 4946 1432 5015 malorum
1450 4950 1539 5033 dog·
1589 4955 1677 5023 facts.
1697 4967 1766 5036 est,
1792 4958 1851 5023 sed
1868 4969 2013 5028 testatur
2027 4949 2123 5023 hunc
2144 4957 2318 5027 mundum
2339 4980 2470 5025 arcano
2485 4981 2573 5027 con·

560 5071 711 5136 matum,
750 5066 783 5123 et
809 5064 967 5122 mutatur
997 5050 1166 5140 pabulum
1202 5050 1240 5117 in
1263 5072 1410 5119 venena.
1467 5048 1538 5118 Sed
1590 5056 1669 5124 silio
1696 5057 1878 5125 conditum
1899 5079 1990 5136 esse,
2023 5055 2221 5147 etquidem
2245 5057 2312 5139 ita,
2341 5072 2382 5129 ut
2407 5059 2571 5150 adpareat

558 5159 752 5230 balsamum
775 5176 897 5223 rursus
919 5152 1113 5221 remedium
1136 5164 1197 5220 est.
1257 5145 1348 5220 Olea
1372 5148 1539 5219 formidat
1591 5157 1814 5227 conditorum
1828 5172 2004 5228 amantem
2019 5178 2093 5225 esse
2106 5151 2304 5237 hominum,
2330 5159 2413 5252 quia
2429 5182 2484 5229 res
2497 5171 2570 5227 tam

560 5279 746 5353 quercum,
773 5259 859 5320 adeo
881 5251 1415 5323 utmoriatnrcumvicinaest.
1467 5248 1540 5318 lm·
1591 5259 1722 5327 multae
1752 5259 1935 5349 praecipue
1964 5260 2010 5327 ad
2039 5252 2213 5326 humanos
2237 5281 2320 5327 usus
2344 5261 2454 5328 factae
2476 5269 2571 5328 sunt.

561 5359 656 5451 peria
682 5367 842 5443 premunt
861 5349 1072 5434 Ecclesiam,
1097 5375 1136 5419 ac
1155 5351 1357 5439 praesertim
1376 5375 1455 5418 cum
1479 5367 1541 5421 aut
1592 5355 1644 5426 Ac
1670 5355 1776 5429 huius
1800 5358 2060 5430 distributionis
2076 5358 2236 5427 doctrina
2254 5357 2322 5429 Dei
2343 5359 2509 5429 beneficio
2533 5356 2572 5424 in

561 5454 716 5528 centauri
734 5455 895 5538 dogmata
918 5453 1097 5531 condunt,
1122 5472 1183 5516 seu
1209 5449 1393 5516 inflectunt
1408 5452 1541 5521 doctri·
1592 5470 1666 5525 arte
1687 5475 1807 5529 nostra
1825 5475 1857 5531 et
1884 5459 2101 5554 quotidianis
2118 5461 2285 5548 exemplis
2307 5461 2409 5542 artis,
2434 5482 2575 5529 conser-

561 5583 643 5628 nam
666 5557 707 5625 ad
735 5577 814 5621 suas
838 5549 1119 5618 commoditates:
1146 5562 1206 5615 aut
1229 5550 1433 5633 dogmatum
1454 5576 1542 5620 con·
1592 5569 1706 5628 vatur.
1741 5557 1861 5646 Quare
1873 5576 1907 5631 et
1921 5574 2065 5654 propter
2080 5561 2284 5650 sapientiam
2300 5557 2365 5628 Dei
2382 5574 2415 5629 et
2432 5573 2577 5650 propter

561 5660 692 5729 ditores
724 5664 862 5724 armant
901 5671 937 5718 se
970 5645 1161 5718 tribunicia
1194 5659 1229 5716 et
1261 5650 1444 5753 tyrannica
1476 5676 1542 5743 po-
1593 5671 1748 5726 nostram
1789 5660 1979 5732 utilitatem
2022 5657 2109 5731 haec
2143 5659 2255 5730 studia
2294 5661 2576 5747 magnifacienda

564 5759 684 5827 tentia.
1594 5770 1688 5831 sunt.
1736 5755 1827 5879 Cupi
1845 5774 1962 5832 autem
1978 5756 2064 5831 haec
2078 5759 2192 5830 oratio
2205 5759 2273 5827 iam
2288 5753 2469 5845 habeatur,
2494 5785 2577 5831 cum
