6025 6775
516 580 587 653 165
1082 575 1241 655 DECL.
1284 575 1356 650 DE
1397 568 1628 650 SCHOLA
1671 567 1964 646 ROSTOCH.
2459 590 2530 659 165

511 752 575 821 ctis
600 749 728 840 copiis,
754 762 860 842 atque
885 748 1038 831 viribus,
1061 770 1198 817 summo
1222 747 1341 819 studio
1363 759 1498 815 etcon-
1549 765 1623 811 non
1653 736 1848 832 Epicureus
1878 743 1953 812 iure
1982 744 2192 820 offendatur.
2244 747 2331 819 Nam
2358 753 2420 821 ubi
2453 780 2524 826 non

511 851 638 920 stantia
662 852 951 939 aggrederentur,
978 849 1072 940 quod
1097 848 1285 918 coniuncta
1304 847 1497 917 multorum
1549 864 1675 931 magua
1698 838 1985 914 scholasticorum
2009 847 2223 938 frequentia,
2250 863 2284 919 et
2303 874 2376 919 non
2399 877 2526 943 parvus

511 951 702 1033 autoritas,
735 963 770 1018 et
799 950 909 1018 virtus
937 960 1204 1038 praeceptorum
1229 949 1269 1018 in
1292 948 1389 1019 vitiis
1414 970 1496 1016 suae
1547 943 1751 1011 docentium
1778 966 1961 1029 numerus,
1991 945 2042 1013 ibi
2068 948 2192 1016 ordine
2215 952 2382 1032 docendi,
2413 968 2448 1023 et
2469 957 2526 1024 di-

497 1046 654 1120 scholae
683 1049 894 1136 corrigendis
924 1060 1038 1137 potest
1064 1047 1300 1137 permultum,
1332 1062 1367 1119 at
1388 1048 1494 1118 unius
1546 1042 1669 1112 scendi
1691 1045 1883 1132 prudenter
1907 1046 2115 1128 constituto,
2140 1048 2243 1118 facile
2259 1053 2417 1122 omnium
2434 1057 2523 1127 ratio

509 1167 573 1221 aut
597 1149 741 1218 alterius
763 1149 812 1216 ris
836 1162 869 1217 et
885 1148 1048 1232 facultas,
1074 1149 1217 1217 caeteris
1232 1152 1277 1219 ab
1294 1151 1361 1221 isto
1377 1149 1493 1218 oslicio
1545 1143 1593 1212 ita
1617 1137 1739 1213 haberi
1762 1158 1895 1234 potest,
1916 1158 1957 1215 ut
1979 1146 2032 1213 illi
2056 1159 2147 1217 recte
2169 1150 2408 1244 foeliciterque
2421 1156 2523 1225 insti-

511 1249 745 1330 cessantibus,
770 1262 830 1316 aut
849 1249 966 1333 nulla,
992 1262 1053 1319 aut
1070 1272 1239 1341 perparva
1256 1251 1295 1320 in
1312 1274 1350 1320 ea
1366 1274 1404 1319 re
1421 1271 1493 1318 esse
1544 1256 1708 1327 tuantur,
1732 1257 1766 1313 et
1781 1245 1829 1313 sic
1844 1245 1987 1313 illorum
2002 1245 2128 1331 vitam,
2153 1261 2186 1318 et
2201 1274 2316 1320 mores
2328 1255 2521 1325 multorum

512 1350 615 1419 solet.
1544 1344 1641 1413 oculi·
1661 1342 1850 1435 speculari,
1876 1358 1914 1413 ut
1935 1345 2134 1415 aberrantes
2149 1350 2193 1415 de
2206 1350 2283 1435 via,
2308 1376 2373 1421 nec
2387 1355 2520 1426 diutius

614 1443 834 1535 Quapropter
869 1446 964 1538 quod
996 1448 1174 1532 muneris,
1215 1449 1310 1541 quod
1339 1449 1491 1519 sustine-
1543 1445 1670 1528 latere,
1700 1458 1735 1513 et
1761 1445 1800 1511 in
1829 1468 1905 1512 eam
1936 1445 2053 1514 statim
2082 1459 2157 1515 tum
2185 1448 2302 1538 legum
2322 1455 2520 1540 autoritate,

512 1568 604 1626 mus,
630 1543 772 1633 religio,
794 1542 1006 1630 etScholae,
1032 1550 1089 1616 cui
1104 1550 1340 1635 deseruimus,
1365 1545 1490 1632 honos,
1543 1557 1618 1613 tum
1647 1557 1910 1634 praeceptorum
1938 1568 2042 1636 opera
2066 1549 2222 1614 revocari
2244 1551 2388 1639 possint,
2451 1553 2519 1626 Et.

508 1660 542 1714 et
568 1645 779 1729 iuventutis,
812 1646 869 1715 cui
893 1659 1012 1716 nostra
1034 1649 1146 1717 officia
1172 1651 1365 1733 debentur,
1396 1651 1489 1718 salus
1542 1645 1635 1711 enim
1651 1667 1827 1713 summum
1839 1644 1961 1729 scelus,
1977 1646 2518 1740 ctdetestandaimpietasluerit,

504 1767 568 1814 sua
584 1744 650 1828 sit,
676 1756 711 1813 et
725 1746 856 1832 coligit,
879 1747 988 1816 secuti
1002 1770 1140 1831 sumus,
1166 1774 1206 1820 ac
1223 1750 1420 1819 societatem
1435 1749 1489 1817 la·
1541 1745 1699 1813 moribus
1731 1745 1922 1815 iuventutis
1950 1758 2132 1835 tantopere
2163 1746 2445 1823 incumbentibus
2470 1757 2515 1824 ad

503 1844 621 1921 boris,
647 1857 682 1913 et
694 1846 954 1931 molestiarum,
979 1872 1068 1940 quae
1081 1851 1364 1940 praeceptoribus
1378 1850 1416 1917 in
1432 1851 1487 1919 di·
1539 1865 1681 1913 omnem
1719 1844 1896 1914 levitatem
1923 1858 1957 1914 et
1991 1846 2100 1915 malas
2132 1858 2242 1930 artes,
2279 1869 2515 1942 praeceptores

505 1943 650 2036 scipulis
669 1957 746 2014 tum
768 1946 994 2026 erudiendis,
1021 1962 1095 2018 tum
1117 1952 1372 2039 gubernandis,
1404 1963 1487 2020 sunt
1539 1944 1703 2012 desistere
1732 1966 1752 2012 a
1779 1945 1895 2013 studio
1923 1945 2089 2014 medendi
2113 1947 2202 2016 male
2224 1943 2454 2041 habentibus,
2480 1968 2514 2025 et

503 2044 747 2135 suscipienda,
770 2046 934 2131 fecimus,
959 2048 995 2114 in
1012 2073 1079 2140 qua
1096 2052 1242 2119 colenda
1256 2052 1404 2144 quisque
1419 2075 1485 2119 no-
1538 2044 1704 2134 praebere
1726 2066 1762 2111 se
1784 2043 1915 2113 otiosos
1937 2058 2146 2135 spectatores
2168 2049 2256 2117 tanti
2271 2051 2352 2118 mali
2369 2072 2513 2123 suorum

503 2157 616 2213 strum
639 2144 803 2232 promisit
825 2167 859 2214 se
880 2147 1026 2217 decretis
1049 2150 1208 2238 religiose
1225 2152 1485 2241 obtemperatu-
1537 2143 1807 2232 discipulorum,
1833 2166 1893 2226 eo,
1920 2145 2015 2235 quod
2035 2156 2152 2212 tantae
2172 2143 2238 2215 hoc
2258 2162 2414 2241 tempore
2429 2153 2513 2222 libi·

502 2268 582 2314 rum
607 2266 695 2313 esse.
754 2239 928 2315 Ordinem
953 2261 988 2317 et
1008 2251 1180 2319 rationem
1202 2251 1394 2341 discipulos
1416 2274 1484 2317 no·
1537 2242 1637 2311 dines
1662 2256 1697 2313 et
1723 2243 1930 2333 cupiditates
1953 2243 2146 2313 iuventutis
2173 2246 2357 2333 videntur,
2386 2264 2427 2319 ut
2450 2256 2512 2322 de-

502 2357 594 2415 stros
623 2343 791 2424 docendi,
824 2359 857 2416 et
883 2352 1064 2418 exercendi
1087 2352 1251 2441 privatim
1274 2365 1308 2418 et
1331 2349 1482 2438 publice,
1534 2355 1693 2432 speretur
1723 2366 1799 2412 eam
1830 2343 1958 2412 adduci
1988 2366 2108 2434 posse,
2140 2358 2179 2414 ut
2199 2346 2271 2414 suis
2291 2352 2511 2424 curatoribus

501 2468 540 2514 re
557 2446 744 2534 diligenter
760 2444 968 2532 deliberata,
994 2450 1038 2519 de
1054 2450 1232 2519 communi
1251 2449 1361 2517 nostri
1376 2449 1482 2517 colle·
1535 2456 1673 2535 pareat,
1706 2456 1740 2512 et
1763 2443 1986 2537 obsequatur.
2039 2441 2109 2514 Hic
2133 2446 2201 2513 nisi
2225 2471 2282 2516 me
2305 2451 2422 2519 omnia
2443 2454 2510 2522 tat-

499 2545 550 2633 gii
570 2546 742 2614 sententia
764 2548 1032 2629 constituimus,
1058 2562 1092 2617 et
1115 2570 1238 2637 operas
1259 2543 1480 2619 scholasticas
1534 2546 1630 2623 lunt,
1656 2546 1693 2611 in
1718 2544 1834 2612 officio
1857 2537 2122 2637 praeceptorum
2145 2560 2195 2617 est
2211 2547 2331 2617 saltem
2348 2552 2510 2640 experiri,

499 2646 598 2713 iuxta
621 2646 804 2736 aequitatis
826 2671 988 2716 normam
1012 2648 1107 2718 inter
1127 2669 1192 2715 nos
1214 2647 1333 2738 partiti
1348 2672 1480 2734 sumus,
1533 2659 1566 2714 et
1581 2667 1684 2735 quam
1696 2644 1846 2712 maxime
1857 2644 2030 2731 laborare,
2050 2670 2129 2716 cum
2142 2660 2264 2737 agatur
2279 2650 2371 2720 salus
2385 2653 2510 2720 iuven-

503 2759 537 2812 εἰ
566 2743 676 2833 leges,
711 2768 799 2837 quac
820 2761 854 2818 et
877 2742 1027 2818 Scholae
1050 2748 1294 2818 constitutioni
1318 2753 1480 2832 tuendae,
1533 2745 1635 2826 tutis,
1668 2738 1780 2813 honos
1801 2740 2030 2832 Academiae,
2059 2760 2092 2817 et
2117 2772 2247 2817 nomen
2275 2749 2439 2837 illorum,
2469 2763 2530 2823 ut'

500 2857 535 2912 et
556 2845 713 2915 moribus
734 2845 987 2916 adolescentiae
1007 2848 1156 2918 rudibus
1179 2863 1271 2920 recte
1293 2849 1479 2938 lingendis,
1533 2841 1727 2932 periculum
1762 2865 1782 2910 a
1815 2846 1928 2935 capite
1963 2846 2239 2937 discipulorum,
2281 2850 2461 2920 infamiam
2488 2876 2508 2920 a

498 2957 535 3012 et
564 2945 665 3013 malis
690 2945 864 3014 foeliciter
896 2948 1111 3039 corrigendis
1144 2950 1246 3019 valde
1274 2949 1481 3017 viderentur
1532 2936 1681 3012 Scholae
1700 2940 1886 3026 dignitate,
1911 2958 1945 3012 et
1962 2960 2032 3014 tam
2046 2947 2185 3015 foedam
2202 2948 2427 3017 labemasuo
2443 2974 2510 3018 no·

498 3048 778 3114 accommodatae
801 3046 1038 3120 adiunximus.
1090 3047 1197 3137 Quod
1219 3075 1239 3118 a
1263 3050 1393 3119 teneris
1415 3071 1479 3116 ne-
1533 3040 1627 3108 mine
1648 3039 1843 3126 depellant,
1865 3045 2068 3127 praesertim
2094 3067 2173 3111 cum
2194 3044 2268 3133 ipse
2284 3047 2509 3116 officiicona.

495 3165 591 3211 cesse
613 3157 665 3214 est
686 3143 1029 3219 adulescentulorum
1051 3150 1192 3239 ingenia
1213 3150 1373 3219 doctrina
1393 3149 1477 3219 reli·
1532 3155 1605 3224 tus,
1630 3152 1664 3209 et
1679 3136 1755 3210 Deo
1777 3150 1895 3229 gratus
1910 3137 1973 3220 sit,
1996 3152 2031 3208 et
2043 3139 2144 3208 facile
2159 3140 2335 3208 bonorum
2349 3146 2508 3213 omnium

493 3242 633 3331 gionis,
658 3254 694 3309 et
715 3242 818 3309 bonis
838 3247 972 3314 artibus
992 3248 1068 3336 pie,
1092 3248 1356 3339 liberaliterque
1374 3244 1478 3317 'exco-
1532 3241 1665 3308 aulerat
1695 3237 2004 3329 approbationem,
2043 3248 2078 3310 et
2110 3237 2185 3307 sine
2215 3237 2333 3310 fructu
2361 3264 2435 3310 non
2463 3245 2509 3314 sit

493 3343 594 3418 lere,
627 3349 662 3406 et
689 3360 804 3405 mores
823 3343 864 3409 ad
887 3343 976 3412 hene
1002 3356 1037 3413 et
1057 3344 1264 3412 innocenter
1285 3345 1477 3412 vivendum
1530 3339 1682 3407 futurus.

491 3437 635 3523 legibus
652 3438 827 3525 sapienter
840 3441 989 3531 fingere,
1013 3466 1102 3535 quos
1115 3444 1200 3512 tales
1217 3442 1381 3512 volumus
1398 3433 1477 3510 e'va-
1635 3435 1874 3527 suscipiemus
1894 3436 2003 3526 igitur
2022 3429 2084 3504 has
2106 3436 2246 3506 virtutis
2261 3450 2293 3507 et
2309 3439 2413 3508 officii
2428 3463 2509 3530 par·

493 3537 598 3617 dere,
624 3550 665 3605 ut
679 3537 870 3629 aliquando
887 3543 943 3609 vel
952 3538 1128 3610 Ecclesiae
1143 3544 1328 3625 salutares,
1349 3559 1383 3614 et
1398 3543 1477 3610 ido·
1532 3550 1601 3619 tes,
1632 3538 1677 3603 ad
1698 3557 1784 3627 quas
1803 3548 1874 3604 tam
1896 3535 2017 3605 multis
2039 3536 2151 3605 causis
2174 3547 2210 3605 et
2230 3538 2428 3608 rationibus
2450 3541 2508 3609 in-

496 3635 557 3703 nei
584 3634 656 3704 sint
686 3636 857 3722 ministri,
888 3642 945 3707 vel
973 3639 1204 3726 Reipublicae
1237 3628 1477 3728 Magistratus,
1532 3636 1701 3721 vitamqr,
1724 3632 1783 3701 rel
1798 3633 1915 3724 potius
1930 3636 2109 3724 cogimur,
2134 3631 2209 3704 Deo
2223 3638 2310 3706 duce
2327 3652 2362 3707 et
2376 3654 2508 3716 autore.

497 3737 558 3826 qui
583 3734 622 3801 in
652 3758 716 3803 suo
747 3759 894 3805 munere
916 3762 995 3808 cum
1018 3738 1127 3824 gloria
1150 3734 1236 3819 Dei,
1267 3752 1301 3807 et
1323 3739 1476 3809 utilitate
1531 3731 1710 3822 Principio
1741 3727 1809 3802 hoc
1838 3734 1933 3803 inter
1955 3757 2078 3803 omnes
2102 3748 2259 3805 constare
2283 3738 2507 3822 arbitramur,

497 3835 674 3904 communi
689 3857 768 3902 vere
784 3849 1052 3928 constanterque
1067 3849 1262 3908 versentur.
1529 3827 1622 3900 nihil
1643 3833 1720 3902 sine
1741 3832 1886 3918 ordine,
1912 3847 1947 3904 et
1961 3848 2054 3905 certa
2069 3836 2225 3920 ratione,
2249 3860 2364 3929 neque
2380 3839 2418 3909 in
2433 3838 2508 3911 Re-

597 3933 688 4003 Nam
710 3936 773 4028 qui
793 3960 858 4006 nec
878 3937 1039 4008 doctrina
1063 3935 1202 4002 liberali
1223 3948 1476 4025 praeparantur
1530 3933 1689 4023 publica,
1714 3957 1830 4026 neque
1844 3933 1884 4002 in
1899 3956 1937 4002 re
1952 3935 2153 4020 domestica,
2177 3937 2353 4026 sapienter
2366 3939 2506 4030 suscipi,

499 4035 542 4104 ad
565 4048 656 4104 recte
677 4034 906 4106 iudicandum
929 4040 973 4105 de
995 4036 1100 4104 rebus
1124 4034 1229 4103 bonis
1248 4049 1282 4103 et
1299 4035 1418 4116 malis,
1442 4048 1476 4101 et
1528 4045 1564 4102 et
1589 4033 1760 4102 foeliciter
1788 4032 2044 4104 administrari:
2081 4036 2130 4104 sic
2157 4037 2261 4105 etiam
2286 4038 2324 4105 in
2349 4040 2506 4109 discendi

498 4147 653 4225 ternpore
681 4136 935 4207 adolescentiae
963 4147 1164 4207 assuescunt
1187 4133 1226 4201 in
1249 4133 1393 4201 vivendi
1418 4156 1475 4202 ra-
1527 4130 1683 4214 ratione,
1707 4144 1748 4200 ut
1761 4132 1857 4202 docti
1873 4133 2051 4216 iudicant,
2077 4147 2110 4202 et
2123 4135 2333 4225 experientia
2350 4151 2507 4223 testatur,

498 4234 594 4304 tione
611 4259 632 4304 a
652 4250 744 4306 recto
763 4239 959 4323 discedere,
984 4249 1019 4307 et
1034 4234 1249 4318 claudicare,
1269 4227 1309 4300 hi
1325 4234 1476 4302 maiores
1527 4252 1565 4299 se
1579 4251 1635 4299 res
1650 4225 1766 4300 habet.
1818 4228 2045 4321 Quapropter
2059 4229 2117 4300 hic
2132 4234 2240 4318 ordo,
2265 4250 2299 4306 et
2314 4231 2399 4307 haec
2415 4240 2505 4307 ratio

498 4334 598 4420 iacti,
629 4348 667 4404 ut
695 4341 781 4407 testa
811 4340 978 4421 odorem,
1006 4359 1077 4427 quo
1106 4355 1227 4402 recens
1255 4344 1306 4402 est
1329 4333 1477 4417 imbuta,
1529 4342 1650 4400 nostro
1673 4328 1838 4399 sodalitio
1857 4330 2006 4422 placuit,
2037 4354 2106 4424 qua
2128 4354 2306 4422 speramus
2329 4359 2394 4404 nos
2413 4337 2506 4405 obti-

498 4456 571 4503 non
593 4436 692 4504 facile
709 4437 870 4516 amittit,·
883 4438 934 4507 sic
949 4437 1054 4508 etiam
1070 4458 1089 4503 a
1104 4433 1359 4503 claudicatione
1373 4433 1475 4504 solita
1529 4453 1612 4498 nere
1625 4451 1744 4519 posse,
1765 4442 1817 4509 ut,
1838 4452 1878 4499 er
1891 4425 2019 4501 Schola
2035 4433 2225 4501 cessatione
2239 4434 2384 4518 sublata,
2409 4437 2506 4526 qnis-

499 4546 533 4604 et
557 4535 742 4621 familiari,
772 4559 873 4626 aegre
898 4551 933 4608 et
958 4535 1147 4606 difficulter
1172 4533 1353 4604 desistunt.
1408 4529 1476 4602 Cui
1529 4552 1597 4623 que
1611 4543 1727 4620 partes
1742 4530 1900 4598 discendi
1915 4530 1985 4600 sibi
2000 4533 2103 4601 utiles
2118 4546 2153 4602 ct
2167 4547 2416 4604 consentaneas
2430 4557 2507 4604 sus·

497 4633 548 4703 rei
575 4635 679 4704 fidem
707 4638 895 4722 maiorem,
926 4658 1034 4730 quam
1061 4635 1245 4723 volumus,
1279 4645 1315 4701 et
1335 4633 1475 4723 publica
1528 4631 1653 4722 cipiat‚
1674 4643 1708 4699 et
1729 4651 1787 4698 eas
1808 4630 2009 4720 diligentia,
2035 4645 2069 4702 et
2089 4634 2294 4720 constantia,
2315 4657 2419 4726 quam
2433 4635 2506 4705 vir-

497 4735 591 4804 salus
607 4737 758 4826 patitur,
781 4737 866 4808 vitia
881 4739 1076 4809 multorum
1090 4749 1166 4806 tum
1182 4729 1376 4813 Ecclesiae,
1401 4746 1475 4803 tum
1528 4745 1585 4801 tus
1599 4730 1766 4822 requirit,
1792 4726 1992 4823 exequatur.

494 4831 652 4922 Reipub.
683 4836 797 4923 civili,
838 4850 913 4908 turn
942 4834 1073 4909 scholis
1105 4833 1335 4905 servientium
1364 4834 1477 4902 facere
1629 4825 1863 4900 scholasticos
1891 4845 2031 4901 nostrae
2058 4827 2328 4925 Philosophicae
2359 4830 2508 4905 Scholae

493 4934 657 5025 quotidie
672 4939 878 5026 experimur.
1529 4930 1773 4999 distribuimus
1788 4931 1824 4997 in
1841 4932 2020 5000 auditores
2032 4930 2309 5016 Grammaticos,
2333 4934 2508 5004 studiosos

603 5027 674 5098 Nec
700 5049 813 5104 tamen
836 5060 901 5106 nos
922 5033 1072 5106 Scholae
1095 5033 1234 5117 ldeam,
1264 5031 1352 5099 sicut
1376 5029 1477 5099 Plato
1529 5028 1704 5112 Laureae,
1742 5045 1775 5099 et
1805 5031 1995 5116 magisterii
2025 5028 2263 5124 philosophici
2296 5035 2508 5104 candidatos.

450 5138 454 5145 '
497 5130 653 5202 civitatis
674 5131 837 5219 formam,
862 5138 916 5206 cui
933 5137 972 5204 in
990 5131 1056 5204 hac
1071 5136 1160 5214 vita,
1182 5145 1216 5200 et
1233 5131 1272 5198 in
1290 5126 1345 5198 his
1362 5126 1478 5199 homi·
1529 5125 1764 5199 Auditoribus
1780 5125 2047 5211 Grammaticis,
2074 5127 2171 5200 horis
2192 5147 2272 5201 ante
2293 5134 2509 5216 meridianis,

498 5254 584 5301 num
607 5231 770 5300 moribus
792 5231 881 5303 nihil
902 5238 971 5305 loci
994 5236 1232 5326 relinquatur,
1258 5231 1378 5301 animo
1394 5253 1478 5297 con·
1531 5230 1762 5319 proponimus
1799 5228 1981 5317 privatim:
2024 5228 2202 5322 Epistolas
2236 5228 2435 5319 Ciceronis,
2478 5249 2511 5304 et

498 5333 666 5422 cipimus,
698 5347 732 5402 et
754 5333 896 5403 llorenti
918 5336 1021 5404 aetati
1042 5335 1293 5427 proponimus,
1318 5331 1478 5400 sedeam
1530 5326 1976 5423 praeceptaEtymologiae.
2026 5328 2286 5401 Pomeridianis
2300 5346 2430 5417 autem,
2454 5334 2510 5402 vel

498 5456 587 5525 quae
614 5446 648 5503 et
671 5432 856 5523 discipulis
878 5433 917 5499 in
939 5434 1102 5504 discendo
1124 5431 1327 5516 commoda,
1359 5443 1396 5500 et
1416 5429 1480 5496 ad·
1531 5429 1706 5497 comedias
1724 5427 1903 5513 Terentii,
1929 5429 1986 5498 vel
2002 5428 2130 5501 Poiima
2151 5431 2317 5525 aliquod,
2342 5436 2414 5504 sive
2429 5434 2512 5502 Vir-

499 5534 646 5602 modum
675 5534 788 5605 facilis
812 5533 859 5603 sit
881 5533 1020 5617 futura,
1054 5547 1088 5603 et
1108 5532 1393 5625 praeceptoribus
1417 5551 1482 5598 nec
1531 5528 1627 5618 gilii,
1651 5530 1725 5599 sive
1738 5526 1884 5613 Ovidii,
1908 5542 1942 5600 et
1962 5543 2145 5624 praccepta
2156 5529 2350 5626 Syntaxeos
2376 5547 2407 5602 et
2423 5533 2512 5600 Pro-

499 5632 628 5718 oneris,
653 5657 717 5705 nec
730 5632 948 5707 difficultatis
959 5632 1095 5725 aliquid
1107 5633 1264 5719 allatura,
1288 5656 1360 5725 quo
1372 5627 1481 5701 homo
1532 5630 1662 5706 sodiae.
1727 5625 1881 5702 Antores
1912 5632 2073 5722 explicati
2102 5656 2182 5704 cum
2213 5633 2433 5706 auditoribus
2462 5630 2511 5698 ita

1837 5728 1921 5808 11*
