6025 6775
490 680 541 752 03
1048 655 1206 735 onon.
1238 654 1314 732 nn
1346 658 1621 753 smirna,
1653 659 1941 775 rnrncrrn
2452 685 2503 760 aa

492 845 583 931 Dei,
608 842 759 940 quieam
775 850 828 910 tot
844 857 956 908 annos
970 833 1009 903 in
1021 841 1119 900 tanto
1133 827 1245 915 luctu,
1270 852 1472 923 quanquam
1522 835 1621 906 urbis
1640 832 1778 908 Rornae
1799 838 2055 929 expugnatione
2078 844 2299 933 vulneratus,
2322 861 2402 920 cnm
2427 853 2503 923 ior·

492 963 620 1019 natura
647 944 717 1014 fuit
737 940 908 1011 imbecilli
931 953 1093 1023 corpore,
1128 943 1163 1002 et
1186 930 1270 1000 inde
1292 950 1403 1024 usqne
1427 930 1473 1000 ab
1522 938 1623 1007 tassia
1647 949 1681 1007 et
1707 959 1816 1026 genus
1845 939 1931 1008 belli
1963 964 2038 1010 non
2064 945 2247 1033 probaret,
2280 963 2399 1022 votum
2423 949 2500 1023 Deo

493 1046 728 1121 adolescentia
748 1041 873 1113 similis
895 1032 1172 1115 contabescenti,
1204 1031 1314 1101 erexit
1336 1031 1472 1122 Spiritu
1521 1035 1621 1118 lecit,
1646 1059 1683 1106 se
1705 1038 1870 1128 deinceps
1892 1033 2014 1111 relicto
2039 1037 2244 1129 bochello,
2267 1049 2500 1122 militaturum

495 1161 635 1233 ⁸³¹¹le
661 1159 694 1215 ⁸2
706 1159 777 1216 ²²¹⁰
793 1142 895 1224 ¹⁰¹¹ll⁸
910 1136 942 1203 ⁰5
958 1133 1049 1202 vitae
1073 1133 1190 1223 ⁸9³⁰st
1205 1133 1320 1216 dedit,
1343 1144 1384 1199 1¹1
1398 1155 1474 1201 mo·
1523 1160 1595 1207 esse
1619 1135 1695 1209 Deo
1725 1161 1789 1228 pro
1814 1140 2018 1211 defensione
2038 1139 2322 1214 Christianorum
2350 1153 2501 1241 populo-

493 1250 602 1321 ritum
617 1272 658 1317 ex
673 1248 777 1332 longo
793 1238 896 1308 exilio
913 1235 1078 1304 reducem
1095 1233 1184 1302 laeta
1199 1232 1352 1317 videret,
1377 1235 1471 1323 quod
1522 1262 1602 1308 rum
1619 1240 1787 1309 adversus
1802 1237 1995 1311 Saracenos
2010 1257 2044 1314 ct
2058 1242 2207 1318 ancos.
2256 1243 2381 1318 Postea
2394 1251 2503 1339 igitur

494 1350 571 1444 ipsa
584 1372 695 1420 unum
712 1369 732 1413 a
748 1340 824 1410 Deo
848 1336 916 1406 lide
934 1336 1120 1427 petiverat,
1146 1345 1181 1403 et
1201 1355 1257 1420 spe
1274 1346 1473 1403 constanter
1523 1362 1602 1407 cnm
1619 1362 1778 1409 reversus
1793 1354 1881 1411 esset
1896 1341 1935 1409 in
1948 1339 2147 1431 Belgicnm,
2172 1339 2332 1415 hortator
2344 1348 2412 1418 suit
2424 1351 2505 1420 διῇξε

495 1456 749 1542 expectarent,
786 1453 828 1509 ul
854 1451 936 1508 ante
969 1447 1118 1504 mortem
1143 1435 1298 1503 reddum
1324 1432 1472 1504 Domini
1522 1438 1699 1524 Ducibus,
1724 1452 1764 1509 ut
1786 1462 1850 1508 suo
1875 1443 2032 1533 exemplo
2055 1437 2146 1512 hanc
2167 1445 2329 1514 militiam
2348 1449 2504 1540 suscipe.

495 1557 661 1623 temerii·
1523 1553 1612 1611 rent.
1665 1537 1846 1610 Credibile
1868 1555 1919 1610 est
1947 1543 2060 1612 bonos
2086 1541 2269 1634 Principes
2292 1559 2331 1616 ut
2351 1548 2503 1620 vitarent

593 1644 671 1717 Etsi
693 1656 809 1713 aulem
832 1639 914 1724 alii,
938 1661 977 1707 ac
997 1633 1181 1726 praecipue
1196 1633 1252 1702 vir
1261 1632 1474 1703 clarissimus
1523 1640 1655 1708 bellum
1671 1640 1784 1725 civile,
1809 1640 1912 1709 aliam
1928 1636 2166 1713 honestiorem
2181 1645 2345 1715 militiam
2359 1663 2503 1737 praeru.

491 1748 677 1839 Stigelins‚
702 1741 845 1833 ingenio
868 1754 902 1809 et
918 1738 1047 1807 virtute
1064 1734 1253 1814 excellens,
1280 1758 1349 1827 qno
1365 1758 1470 1803 nemo
1522 1740 1620 1825 lisse,
1644 1754 1678 1809 et
1696 1742 1817 1809 eodem
1842 1755 1998 1830 tempore
2015 1744 2184 1811 auxilinm
2202 1742 2329 1815 Graeci
2346 1746 2500 1837 lmpera·

493 1849 616 1921 scribit
638 1843 706 1917 hoc
726 1859 883 1933 tempore
905 1839 1047 1908 'carmen
1070 1836 1211 1919 melius,
1238 1835 1474 1904 transmittent
1522 1854 1615 1911 tores
1644 1835 1850 1911 aRomano
1872 1838 2042 1912 Pontifice
2070 1844 2289 1934 petiverunt,
2323 1871 2401 1915 cum
2432 1848 2501 1915 iam

490 1956 537 2023 de
561 1952 636 2042 ipsa
656 1948 699 2017 ad
724 1959 882 2037 posteros
906 1936 1146 2032 splendidiora
1175 1936 1322 2025 scripta,
1354 1948 1472 2003 tamen
1522 1939 1687 2011 Saraceni
1702 1954 1736 2011 et
1750 1939 1861 2011 Tucci
1882 1963 1972 2032 pene
1987 1955 2095 2013 totam
2116 1943 2290 2013 minorem
2307 1943 2427 2016 Asiam
2442 1971 2502 2016 oc-

492 2050 641 2124 honesta
657 2044 811 2133 exempla
828 2052 977 2130 saepest
993 2037 1122 2106 multos
1138 2050 1292 2125 repetere
1307 2035 1394 2104 utile
1410 2048 1472 2114 est,
1522 2054 1719 2132 cupersani,

491 2178 534 2224 ac
554 2150 666 2221 nostri
688 2144 793 2216 oflicii
814 2155 866 2212 est
892 2137 1094 2208 iunioribus
1117 2159 1390 2204 commemorare
1417 2158 1473 2203 res
1622 2137 1713 2211 Cum
1735 2139 1844 2229 igitur
1862 2142 1900 2213 in
1919 2141 2065 2237 Synodo
2081 2143 2290 2215 deliberatio
2307 2160 2414 2232 esset,
2439 2150 2502 2217 de-

492 2254 616 2342 dlss¹¹³⁸
638 2244 828 2322 ¹⁰⁰¹¹¹⁰rl³2
863 2252 898 2309 εἴ
919 2235 1115 2308 h⁰r²⁰¹⁰ff⁵
1137 2258 1229 2319 ‘⁸⁸⁸2
1261 2247 1301 2304 ¹¹²
1324 2234 1473 2327 P⁰⁸l⁰fl⁸
1524 2239 1703 2310 mittendis
1717 2243 1855 2312 auxiliis
1869 2244 1908 2312 in
1924 2243 2057 2328 Asiam,
2081 2242 2297 2316 Godelridus
2312 2244 2503 2317 Lotharin-

492 2355 633 2426 tradant
654 2370 709 2418 res
723 2346 846 2432 dignas
870 2338 1087 2430 cognitione:
1120 2347 1213 2406 certe
1234 2338 1329 2405 bono
1354 2336 1472 2407 studio
1523 2338 1598 2428 giae
1622 2343 1711 2422 dux,
1744 2343 1871 2413 eteius
1893 2345 2003 2413 scater
2023 2341 2241 2426 Baldninus,
2266 2361 2300 2416 et
2322 2345 2502 2418 Rohenur

492 2452 658 2526 historias
672 2446 776 2518 utiles
793 2442 989 2514 recitamus.
1523 2438 1713 2510 Flandriac
1736 2466 1870 2527 comes,
1901 2456 1936 2514 et
1958 2442 2137 2517 liebertus
2158 2442 2398 2517 Normanniae
2419 2449 2503 2531 dux,

594 2551 769 2624 Usitatum
785 2556 836 2613 est
852 2554 969 2634 antem
984 2562 1064 2608 cnm
1081 2539 1125 2606 de
1140 2535 1367 2628 Principibus
1383 2533 1472 2602 dici·
1523 2541 1616 2609 lilius
1647 2543 1740 2629 regis
1766 2542 1926 2632 Anglici,
1958 2557 1993 2614 et
2023 2541 2251 2614 Boemnndns
2285 2545 2503 2616 'ferentinus

492 2675 570 2740 lut,
594 2651 712 2743 stirpis
732 2644 950 2715 ‘nemimem
971 2642 1102 2723 ficere,
1128 2652 1162 2707 θῑ
1184 2639 1356 2705 “mimum
1374 2657 1474 2722 ‘grt—
1522 2639 1706 2731 Princeps,
1731 2654 1765 2711 ct
1782 2641 1952 2725 Gnellns,
1975 2646 2084 2714 etalii
2097 2645 2308 2716 nobilissimi
2329 2661 2363 2716 et
2382 2647 2503 2718 sortis·

493 2761 550 2850 gia
568 2758 658 2826 lacta
680 2770 840 2827 narrare,
867 2742 948 2835 quia
969 2765 1048 2809 cum
1073 2738 1291 2807 verissimum
1317 2736 1364 2805 sit
1379 2734 1473 2801 divi·
1523 2742 1603 2810 simi
1624 2742 1692 2810 viri
1714 2764 1787 2811 sese
1809 2744 2088 2824 coniunxerunt,
2122 2769 2160 2814 ac
2183 2746 2439 2835 promiserunt,
2466 2768 2502 2814 se

492 2861 591 2931 nitus
611 2850 798 2923 hominum
828 2845 956 2935 gradus
980 2838 1163 2910 distinctos
1194 2861 1284 2921 esse,
1317 2837 1393 2904 laus
1423 2846 1473 2903 est
1523 2841 1594 2910 suis
1609 2842 1807 2931 sumptibus
1826 2843 1992 2912 ducturo,
2018 2868 2090 2914 egge
2105 2845 2292 2914 exercitum
2315 2846 2352 2913 in
2370 2846 2502 2915 Asiam·

492 2980 619 3047 magna
634 2946 848 3026 110bllilall⁸2
874 2942 956 3037 qula
972 2965 990 3010 ἢ
1007 2938 1084 3010 D0⁰
1101 2939 1245 3007 caeteris
1267 2932 1473 3007 hominibus
1523 2936 1692 3011 Ostendit
1711 2941 1816 3011 etiam
1838 2939 2020 3029 Pontifex,
2044 2967 2081 3013 se
2104 2944 2320 3015 indictorum
2343 2968 2414 3015 esse
2437 2945 2502 3016 tri-

491 3058 647 3132 samiliae
662 3050 866 3122 excellentes
881 3043 1054 3136 praelatae
1070 3052 1169 3124 sunt,
1193 3052 1228 3108 et
1242 3049 1385 3107 ornatae
1401 3035 1484 3104 eui-¹
1522 3043 1607 3112 bac,
1623 3044 1666 3111 ad
1683 3042 1829 3111 alendo,
1844 3044 2025 3118 exercitus·
2058 3042 2154 3113 Hm
2167 3044 2312 3115 consilia
2328 3041 2397 3116 hoc
2412 3058 2503 3116 ,em-

492 3152 791 3232 miisvirtutibus.
825 3146 1039 3237 Quanquam
1053 3153 1169 3212 antem
1185 3134 1327 3232 Physici
1340 3138 1474 3221 dicunt,
1524 3164 1608 3232 pore
1624 3142 1682 3211 vix
1698 3141 1882 3212 credibilia
1903 3157 2004 3229 sunt,
2029 3168 2108 3214 cnm
2125 3169 2191 3216 nec
2207 3157 2304 3216 tanta
2327 3144 2504 3216 estPrin-

391 3295 395 3302 ·
492 3261 626 3335 semina
641 3256 813 3325 virtutum
829 3244 1024 3339 propagari,
1041 3243 1135 3335 qnod
1151 3262 1224 3309 non
1240 3231 1473 3330 reprehendo,
1523 3243 1640 3334 cipum
1662 3242 1757 3312 inter
1781 3264 1854 3313 sese
1883 3244 2106 3330 coniunctio,
2138 3258 2179 3315 nt
2206 3246 2311 3317 multi
2332 3246 2408 3316 sine
2430 3270 2503 3316 uno

491 3379 611 3436 tamen
631 3354 719 3426 haec
739 3350 858 3441 potior
872 3368 972 3415 causa
995 3357 1062 3425 est,
1086 3354 1347 3433 propterquam
1362 3339 1401 3406 in
1421 3339 1473 3406 la·
1524 3341 1738 3435 Imperatore
1760 3344 1823 3414 din
1841 3348 2033 3416 concordes
2054 3368 2126 3417 esse
2147 3346 2301 3435 possint,
2326 3371 2390 3417 nec
2407 3359 2502 3417 tanta

492 3463 601 3534 millis
618 3453 769 3524 immitis
783 3446 892 3537 illqlfi
916 3442 1045 3533 ΡΟεῑεΐί
1063 3441 1253 3519 mellum,
1279 3440 1361 3531 quia
1377 3437 1474 3509 Deus
1523 3445 1655 3526 virtus,
1680 3457 1719 3512 ut
1735 3445 1881 3533 privatis
1901 3447 2125 3516 facultatibus
2139 3445 2369 3538 Reipublicae
2384 3447 2504 3537 opitu-

494 3568 569 3654 ipse
593 3550 847 3646 aliquantisper
878 3554 992 3611 servat
1015 3539 1219 3609 excellentes
1241 3541 1407 3618 familias,
1440 3549 1472 3604 et
1522 3543 1589 3609 lari
1603 3541 1724 3609 velint.
1775 3542 1939 3630 Denique
1954 3546 2064 3613 multa
2080 3561 2166 3613 sunt·
2180 3543 2245 3616 hoc
2261 3561 2416 3636 tempore
2430 3547 2504 3616 dis.

494 3664 633 3755 aliquos
667 3651 817 3723 subinde
850 3668 892 3713 ex
923 3642 1070 3734 posteris
1095 3656 1199 3712 ornat
1223 3639 1473 3710 excellentibus
1523 3639 1650 3710 similia
1666 3638 1719 3706 illi
1734 3633 1895 3707 heroicae
1910 3641 2025 3709 aetati.
2069 3641 2226 3709 Acmihi
2243 3647 2504 3733 quidamvide.

492 3762 607 3835 donit-
897 3822 902 3830 .
1522 3754 1581 3810 tur
1597 3737 1722 3807 similis
1747 3760 1820 3807 esse
1842 3733 1928 3808 haec
1949 3739 2124 3828 expeditio
2146 3741 2403 3830 argonauticae.
2455 3745 2503 3815 Ut

591 3857 681 3930 Nata
706 3865 758 3921 est
776 3846 931 3920 Domina
957 3842 1091 3937 Sibylla
1122 3866 1161 3910 ex
1189 3852 1288 3930 patre
1309 3836 1472 3924 Principe
1522 3839 1735 3909 nobilissimi
1762 3837 1946 3929 Principes
1974 3839 2011 3908 in
2035 3838 2183 3910 Graecia
2209 3866 2289 3910 cram
2313 3843 2436 3911 Iasone
2465 3843 2503 3911 in

429 3998 433 4005 ·
492 3958 678 4041 Clevensi,
705 3966 739 4022 et
757 3965 867 4020 matre
883 3935 1052 4036 Principe
1072 3940 1268 4011 luliacensi.
1320 3937 1396 4006 Hae
1420 3938 1472 4003 fa·
1522 3935 1722 4012 Colchicarn
1745 3940 1974 4029 navigarunt,
1999 3937 2188 4023 Aeacidae,
2222 3940 2364 4023 Peleus,
2397 3941 2503 4012 Tela-

492 4064 612 4136 miliae
634 4072 669 4129 et
693 4051 900 4145 cognatione
927 4062 962 4118 et
985 4044 1185 4116 foederibus
1210 4039 1365 4129 antiquis
1388 4059 1473 4105 con·
1523 4065 1627 4124 mon,
1651 4034 1788 4135 Tiphys
1804 4039 1912 4111 etalii
1929 4041 2031 4111 multi
2046 4042 2123 4112 sine
2138 4043 2232 4133 regio
2250 4043 2397 4134 imperio
2419 4068 2504 4112 con-

491 4170 634 4238 iunctae
648 4172 744 4241 sunt,
760 4168 793 4225 et
809 4151 957 4246 quaesit
972 4171 1090 4217 earum
1105 4141 1273 4234 potentia,
1299 4134 1368 4208 hoc
1383 4149 1473 4205 tem·
1524 4144 1657 4212 cordes,
1707 4138 1760 4209 112
1774 4135 1941 4211 hinogffi
1958 4137 2238 4230 Argonmaein
2260 4166 2361 4213 causa
2384 4145 2504 4213 iustis·

490 4290 578 4365 pore
600 4259 821 4333 notissimum
844 4265 906 4326 est.
958 4246 1068 4318 Ortae
1088 4257 1172 4315 sunt
1193 4254 1346 4312 autema
1366 4237 1474 4328 stirpe
1523 4243 1631 4322 rima,
1655 4261 1792 4310 summa
1813 4242 2003 4312 concordia
2020 4243 2142 4312 multis
2165 4245 2269 4314 „nnis
2283 4245 2388 4314 simul
2407 4246 2504 4313 min.

493 4362 682 4443 Godelridi
708 4355 863 4427 Bilionei
890 4367 922 4423 et
945 4348 1118 4421 Balduini
1148 4344 1283 4426 fratris,
1320 4363 1472 4435 quorum
1524 4353 1700 4414 taverunt,

493 4494 573 4542 curn
587 4465 695 4538 inerit
709 4458 881 4531 excellens
898 4455 1032 4534 virtus,
1057 4464 1097 4518 nt
1112 4459 1230 4536 postea
1247 4445 1375 4527 dicam,
1399 4464 1474 4508 ma·
1581 4450 1584 4455 '
1625 4439 1784 4512 Necluit
1809 4440 1946 4539 inutilis
1965 4445 2161 4534 expeditio,
2195 4460 2235 4515 ut
2261 4469 2357 4514 nunc
2387 4445 2504 4534 ignavi

492 4594 602 4662 gnum
617 4571 723 4635 decus
741 4575 794 4631 est
816 4558 901 4628 tales
922 4547 1087 4622 habuisse
1108 4544 1275 4626 maiores,
1299 4568 1379 4613 cnm
1394 4541 1475 4635 qni·
1525 4545 1724 4634 disputant,
1751 4566 1830 4611 cnm
1852 4543 1944 4610 enim
1961 4544 1998 4611 in
2014 4545 2099 4614 Asia
2113 4546 2384 4616 dominarentur
2398 4548 2506 4618 Sara·

492 4673 573 4740 dem
589 4664 658 4734 hoc
671 4684 794 4730 verum
810 4681 884 4727 esse
905 4653 1077 4734 iudicem,
1101 4647 1139 4714 in
1164 4644 1307 4712 familiis
1327 4641 1476 4712 illustri·
1526 4644 1606 4715 ceni
1627 4658 1661 4713 et
1676 4642 1806 4727 anci,
1830 4656 1864 4714 et
1878 4666 2020 4732 graccus
2039 4647 2232 4735 imperator
2247 4648 2304 4716 vix
2318 4649 2506 4717 defendere

492 4772 561 4840 bus
573 4763 681 4845 nasci,
703 4760 845 4828 initium
861 4753 1006 4848 aliquod
1023 4772 1094 4818 esse
1110 4744 1264 4825 virtutis,
1282 4743 1364 4835 quia
1379 4743 1476 4812 Dens
1526 4742 1705 4833 Europam
1724 4756 1854 4832 posset,
1879 4739 1918 4812 hi
1940 4745 2042 4814 latini
2057 4743 2257 4839 Principes,
2283 4762 2323 4820 ut
2340 4750 2505 4817 nomina.

493 4872 581 4942 tales
590 4861 742 4935 familias
757 4856 1005 4927 excellentibus
1022 4846 1213 4917 virtutibus
1229 4856 1342 4913 ornat.
1526 4848 1675 4925 bantur,
1701 4841 1822 4913 Asiam
1842 4859 2110 4935 recuperarunt,
2136 4871 2283 4943 eamque
2299 4847 2507 4940 lmperatori

595 4962 661 5038 Est
684 4976 800 5032 antem
822 4953 931 5027 hodie
953 4953 993 5021 in
1013 4947 1143 5020 vicinia
1158 4943 1314 5016 Traiecti
1335 4942 1373 5012 in
1391 4939 1476 5012 Bel·
1525 4969 1649 5036 gracco
1678 4943 1925 5029 restituerunt,
1957 4958 2076 5037 postea
2105 4950 2278 5040 progressi
2309 4947 2450 5044 Syriam
2474 4966 2508 5020 et

496 5069 574 5160 gico
595 5090 656 5137 arx
677 5062 819 5145 Bilion,
849 5070 885 5127 et
903 5054 1021 5126 vicina
1042 5052 1139 5142 regio
1162 5049 1207 5119 ab
1236 5068 1325 5128 arce,
1343 5068 1474 5113 nomen
1525 5045 1759 5118 Palaestinam
1774 5062 2012 5136 occuparunt,
2037 5071 2077 5118 ac
2090 5042 2238 5140 regnum
2252 5051 2291 5121 in
2308 5074 2350 5121 ea
2365 5053 2505 5141 regione

493 5167 640 5242 hahens.
690 5164 745 5234 lbi
767 5159 842 5233 nati
870 5170 953 5229 sunt
975 5151 1192 5226 Godefridus
1222 5162 1257 5221 et
1276 5145 1475 5218 Baldninus
1526 5172 1637 5241 usque
1659 5149 1703 5217 ad
1720 5141 1873 5218 Charras
1892 5149 2367 5237 constituerunt,·reniruri,
2384 5149 2504 5219 Eccle-

495 5273 635 5351 iratrcs,
659 5289 700 5333 ex
713 5263 920 5355 parentibus
934 5251 1280 5352 quorumvetusfuit
1296 5249 1476 5332 nobilitas,
1526 5250 1587 5321 siis
1608 5249 1647 5317 in
1665 5245 1768 5327 Asia,
1800 5245 1903 5342 Syria
1924 5261 1957 5318 et
1980 5247 2198 5334 Palaestina,
2231 5254 2339 5346 idque
2357 5268 2503 5335 regnum

495 5383 639 5465 propter
662 5386 767 5456 quam
789 5374 822 5429 et
839 5359 1056 5429 Godeiridns
1079 5378 1121 5424 ex
1138 5350 1248 5443 patria
1264 5353 1399 5421 ditione
1414 5372 1474 5418 ac·
1526 5362 1716 5425 tenuerunt
1734 5366 1847 5418 annos
1862 5349 2013 5438 amplius
2032 5352 2222 5440 octoginta.
2273 5351 2344 5420 Nec
2360 5346 2427 5433 ipsi
2444 5371 2504 5416 ac-

496 5470 643 5542 cersitus
656 5477 708 5533 est
724 5464 761 5529 in
775 5461 926 5528 vicinam
940 5453 1228 5538 Lotbaringiam,
1254 5452 1410 5522 etiactns
1425 5463 1476 5520 est
1526 5450 1672 5520 cusandi
1693 5461 1796 5532 sunt,
1828 5451 1923 5541 quod
1948 5450 2079 5541 posteri
2100 5475 2174 5523 non
2198 5450 2327 5520 diutius
2346 5449 2504 5517 retinue-

497 5573 543 5642 ab
573 5568 787 5658 lmperatore
812 5556 970 5627 Henrico
1001 5553 1083 5625 llll.
1107 5549 1188 5620 Dux
1214 5547 1481 5640 lotharingiae..
1525 5564 1629 5634 runt,
1668 5549 1730 5642 qni
1763 5550 1907 5621 leserunt
1939 5551 2115 5622 maiorum
2153 5547 2350 5621 dissimiles.
2413 5547 2503 5618 Nam

498 5669 629 5740 lncidit
653 5666 728 5736 eius
750 5673 845 5730 aetas
870 5658 910 5726 in
940 5654 1073 5725 bellurn
1103 5652 1207 5722 civile
1226 5649 1374 5721 Hencici
1393 5648 1477 5721 llll.
1525 5651 1683 5743 priorum
1711 5649 1852 5725 Ducum
1878 5651 2048 5744 sapientia
2091 5664 2126 5724 et
2148 5649 2363 5739 'magnitudo
2395 5651 2508 5720 animi

499 5772 591 5859 apud
606 5792 710 5862 quem
726 5762 829 5835 duxit
847 5757 1037 5831 exercitum
1060 5753 1099 5823 in
1112 5750 1234 5838 ltalia,
1258 5765 1294 5825 et
1307 5751 1344 5821 in
1366 5750 1477 5844 ipsius
1524 5764 1623 5827 tants
1638 5751 1726 5837 luit,
1749 5764 1791 5825 nt
1809 5772 2038 5827 communem
2055 5752 2201 5824 mem
2223 5764 2261 5823 ec
2279 5752 2505 5824 concor-diam
