6025 6775
509 675 585 747 err
1076 675 1104 749 1.
1143 655 1435 750 canonicor
1460 664 1709 750 caninius.
1759 672 1885 749 rans
1910 672 1959 749 11.
2273 777 2277 783 .
2456 643 2532 747 ‘91⁸
2656 785 2659 796 Ι

609 842 762 915 Neronis
801 858 959 936 tempore
987 844 1073 917 arsit
1101 846 1225 934 ingens
1255 841 1401 917 Cometa
1429 866 1488 912 sex
1638 842 1724 917 Post
1737 868 1817 915 eum
1833 847 2002 937 muliplex
2016 846 2159 916 laniena
2172 858 2320 940 sequuta
2335 860 2399 916 est.
2441 845 2525 916 Ser-

507 946 700 1026 mensibus,
726 948 954 1037 progrediens
968 946 1013 1015 ab
1028 958 1108 1016 ortu
1124 948 1167 1016 ad
1179 942 1368 1031 Occasum,
1395 968 1488 1013 nou-
1536 945 1632 1033 gium
1659 943 1811 1018 Galbam
1835 947 2009 1018 interlecit
2023 942 2125 1018 Otto.
2176 944 2315 1017 Deinde
2337 962 2522 1039 superatus

508 1041 601 1114 nihil
624 1046 813 1118 deflectens
832 1050 877 1116 ad
899 1045 1107 1128 Meridiem,
1141 1062 1181 1117 ut
1204 1047 1326 1116 scribit
1343 1044 1488 1128 Seneca,
1537 1042 1626 1116 Otto
1648 1050 1781 1139 praelio
1806 1072 1826 1117 a
1851 1046 2015 1133 Vitellio,
2041 1049 2105 1139 qui
2127 1063 2262 1119 rexerat
2279 1044 2523 1133 Germaniam,

508 1169 612 1237 quem
637 1148 763 1215 vellem
785 1161 941 1237 tempora
963 1147 1089 1217 certius
1111 1170 1420 1233 commemorasse,
1453 1159 1487 1216 et
1534 1148 1687 1239 seipsum
1727 1150 1867 1223 occidit.
1936 1148 2102 1220 Vitellius
2140 1149 2350 1219 adveniente
2387 1147 2521 1236 Vespa-

507 1247 656 1330 dixisse‚
691 1271 761 1338 quo
784 1248 820 1313 in
841 1248 937 1331 loco,
964 1270 1073 1339 prope
1087 1270 1174 1340 quas
1190 1248 1307 1317 stellas
1321 1270 1485 1318 accensus
1533 1247 1633 1318 siano
1659 1249 1797 1339 fugiens
1819 1275 1859 1320 ex
1872 1250 2026 1322 ‚latebris
2042 1262 2215 1321 extractus
2233 1272 2252 1318 a
2271 1248 2445 1319 militibus
2461 1250 2518 1317 in-

505 1359 607 1417 esset.
660 1345 755 1434 Quid
777 1347 1043 1434 significaverit,
1069 1361 1214 1416 eventus
1236 1350 1483 1419 ostenderunt:
1532 1352 1695 1422 terfectus
1710 1365 1779 1435 est,
1805 1365 1839 1421 et
1853 1353 2037 1421 cadavera
2052 1350 2198 1421 canibus
2215 1350 2405 1421 laceratum
2421 1362 2484 1422 est.

505 1448 698 1516 multorum
723 1446 853 1517 civium
878 1447 1040 1517 interitus
1064 1448 1104 1515 in
1124 1448 1319 1518 mutatione
1342 1448 1482 1542 imperii

502 1560 581 1636 post
602 1545 796 1631 Neronem,
829 1560 869 1617 ut
889 1563 1008 1638 postea
1028 1548 1195 1619 dicemus.
1250 1548 1407 1643 Sequuta
1431 1563 1483 1621 est
2040 1623 2049 1640 ,

501 1660 535 1716 et
552 1646 660 1718 totius
678 1645 827 1716 ludaeae
841 1647 1002 1717 vastatio.
1659 1683 1662 1689 ·
1850 1622 1965 1712 ΜΡ
1975 1641 2188 1694 “M'm

601 1742 690 1818 Erat
710 1759 826 1817 autem
844 1744 983 1818 Galliae
1005 1772 1142 1839 praeses
1158 1750 1214 1820 vir
1230 1751 1341 1821 iustus
1358 1765 1392 1822 et
1407 1755 1480 1823 lor·
1580 1783 1688 1857 Anno
1703 1787 1829 1856 mundi

500 1848 566 1930 tis,
597 1845 709 1917 Iulius
730 1845 892 1932 Vindex,
919 1849 980 1941 qui
999 1874 1080 1919 eum
1105 1874 1178 1919 non
1200 1853 1383 1923 toleranda
1407 1877 1481 1924 esse
1580 1886 1689 1958 Auno

498 1944 652 2015 Neronis
666 1948 794 2017 scelera
811 1948 926 2040 palam
942 1952 1151 2031 ostenderet,
1178 1956 1381 2039 praesertim
1397 1979 1478 2024 cum

1846 1800 1968 1878 quater
1981 1789 2170 1859 millesimo
2186 1789 2361 1860 tricesimo
2378 1793 2495 1866 tertio.

1716 1888 1816 1957 urbis
1837 1885 1974 1958 Romae
2003 1890 2311 1980 octingentesimo,
2343 1893 2509 1962 vicesimo

499 2060 533 2114 et
553 2043 673 2115 Gallia
696 2049 800 2116 novis
824 2050 1097 2139 expilationibus
1118 2067 1344 2135 oneraretur,
1377 2057 1479 2126 facile
1579 2087 1686 2161 Anno
1703 2084 1835 2162 Christi
1851 2010 2104 2179 ,eppggssng
2120 2090 2249 2179 primo.

498 2147 671 2236 persuasit
691 2150 874 2217 universae
890 2147 1028 2218 Galliae
1044 2165 1078 2222 et
1096 2152 1168 2221 suis
1184 2156 1412 2239 exercitibus,
1439 2171 1478 2229 ut
1701 2215 1705 2220 -
1849 2220 1859 2239 .
2075 2223 2085 2241 .
2188 2224 2197 2241 .
2436 2222 2443 2240 .
2504 2225 2512 2240 .

499 2272 519 2313 a
538 2245 679 2315 Nerone
696 2249 898 2331 deficerent,
923 2250 1060 2342 fuitque
1079 2248 1239 2321 hortator
1253 2252 1374 2345 Sergio
1390 2254 1479 2328 Gal·
1626 2221 1707 2293 ΗΜ
1733 2244 1828 2291 ³⁰⁰⁰
1847 2216 2260 2315 ¹⁰⁰h⁰³m¹¹⁸¹mper¹⁰m
2280 2220 2510 2320 V²⁸p⁰⁸¹⁰m
2606 2296 2608 2302 ’

497 2346 564 2413 hae
594 2347 632 2412 tn
655 2345 845 2436 Hispania,
876 2361 917 2418 ug
940 2364 1062 2420 comm
1086 2349 1263 2422 Neronem
1287 2360 1330 2425 ad
1352 2360 1476 2429 urbem
1525 2322 1812 2394 moxaNeronis
1836 2322 1993 2439 interitu.
2042 2319 2122 2393 Etsi
2140 2325 2234 2393 euim
2248 2327 2401 2417 amplius
2414 2350 2512 2395 anno

496 2442 649 2515 Romam
673 2449 866 2533 accederet,
900 2462 934 2517 et
954 2451 1076 2520 orbem
1098 2466 1271 2523 perrarum
1294 2472 1364 2528 „m
1386 2474 1475 2531 mm
1525 2431 1744 2498 duraverunt
1768 2424 1858 2493 bella
1882 2423 2018 2507 civilia,
2052 2421 2210 2510 Galbae,
2244 2420 2411 2509 Ottonis,
2443 2425 2510 2493 Vi-

497 2559 648 2637 tyranno
673 2546 855 2634 libem-eg,
882 2572 987 2642 seque
1008 2552 1183 2638 promittit
1205 2577 1287 2636 ,uos
1307 2562 1477 2632 exem-ms
1525 2528 1629 2599 tellii:
1656 2540 1772 2595 tamen
1788 2519 1843 2594 his
1860 2523 2057 2614 praeteritis
2071 2526 2153 2618 quia
2169 2527 2292 2595 eodem
2307 2549 2401 2597 anuo
2416 2528 2511 2597 inter

496 2645 564 2732 ipsi
586 2645 834 2718 adiuncturum
858 2672 943 2720 csse.
1000 2649 1213 2726 Delecerunt
1235 2680 1254 2724 a
1276 2655 1417 2732 Nerone
1442 2676 1477 2733 et
1525 2654 1561 2699 ⁸⁰
1583 2627 1816 2707 dlmlffln'nl‘
1849 2649 1931 2693 “¹⁰¹
1953 2648 1973 2693 ἃ
1996 2623 2137 2696 Ner⁰¹¹⁰
2156 2625 2415 2717 V⁰⁸l¹³⁸l³¹¹¹¹¹¹¹
2438 2652 2509 2697 ¹¹¹¹·

497 2742 702 2816 Germanici
717 2750 899 2823 exercitus,
1524 2750 1719 2809 meramus,
1745 2726 1806 2819 qui
1829 2724 1900 2794 illis
1925 2723 2126 2794 viventibus
2149 2726 2187 2793 in
2205 2726 2333 2798 Iudaea
2356 2729 2509 2820 impera-

595 2844 732 2916 lnterea
754 2863 788 2919 et
813 2848 963 2921 senatus
985 2852 1117 2941 legato,
1137 2858 1182 2925 ad
1204 2855 1365 2948 sergtum
1387 2857 1476 2929 Gal,
1524 2844 1580 2901 tor
1603 2829 1773 2897 salutatus
1798 2838 1860 2897 est.
1910 2822 2089 2928 Regnavit
2111 2849 2224 2896 annos
2245 2831 2365 2898 decem
2389 2828 2508 2895 minus

461 2947 576 3014 ,bam
598 2948 726 3033 mittit,
759 2964 792 3020 et
814 2948 991 3020 Neronem
1013 2953 1148 3026 iudicat
1169 2953 1326 3045 hostem,
1353 2975 1387 3032 et
1407 2959 1475 3030 Hi·
1524 2955 1583 3001 ³²¹
1603 2929 1736 3044 diebuff·
1788 2924 1858 2994 P‘ff
1882 2919 2422 3045 hqnffneunffillljfflf⁰r¹¹¹³¹⁰
2440 2928 2508 2994 lm·

494 3047 629 3136 spauici
660 3050 830 3120 exercitus
858 3049 1019 3142 Sergium
1042 3051 1196 3127 Galbam
1226 3061 1412 3134 nobilitate
1441 3076 1476 3134 et
1524 3030 1626 3124 Pefll’
1651 3029 1812 3106 “dmm
1829 3048 2103 3144 Pf?v¹¹}⁶,¹³¹¹¹m’
2128 3029 2389 3097 ⁶¹⁵l¹¹¹⁶l¹⁰¹¹⁰¹¹¹
2408 3049 2509 3144 nef·

493 3147 682 3218 autoritate
701 3165 932 3240 praestantem
955 3178 1093 3242 senem‚
1117 3160 1179 3250 qui
1200 3160 1270 3229 iam
1293 3178 1473 3254 septuage,
1524 3134 1677 3251 citrrum,
1705 3129 1799 3216 leges
1819 3139 1861 3244 et·
1875 3128 2026 3210 rudrera,
2057 3150 2137 3196 cum
2160 3129 2227 3247 sub
2248 3142 2306 3248 tot.
2319 3141 2508 3221 portentis,

493 3248 623 3316 simum
645 3250 787 3320 tertium
803 3275 936 3323 annum
953 3257 1133 3344 attigerat,
1158 3260 1403 3352 imperatorem
1418 3289 1475 3335 sa·
1524 3230 1702 3345 0³¹¹g⁰¹³2
1734 3225 1904 3346 leudw’
1932 3224 2152 3347 &³⁰³²OE
2172 3230 2374 3348 'ulmum'
2397 3224 2508 3298 01¹⁰·

492 3347 662 3421 lutarunt.
713 3348 765 3423 lta
788 3376 960 3425 consensu
977 3350 1136 3428 Senatu,
1157 3376 1192 3432 ,t
1205 3364 1473 3456 praecipuorum
1524 3335 1580 3404 nis
1602 3345 1637 3402 et
1652 3328 1789 3401 Vitelln
1808 3349 1954 3417 magnae
1976 3328 2200 3402 confusiones
2220 3354 2258 3400 rn
2283 3344 2358 3403 toto
2380 3352 2507 3421 genere

494 3441 624 3517 ducum
649 3463 683 3520 et
706 3456 919 3525 exarcituum
943 3457 1033 3528 inste
1055 3462 1234 3532 decretum
1257 3477 1325 3548 est,
1356 3480 1396 3537 ut
1417 3481 1473 3562 ty,
1523 3431 1680 3505 humano
1703 3430 1904 3501 extitissent.
1955 3426 2026 3546 Sed
2045 3444 2162 3501 tamen
2178 3432 2289 3526 aliqui
2303 3433 2448 3503 suerunt
2466 3432 2507 3497 in

491 3571 626 3618 rannus
640 3551 839 3637 tolleretur,
863 3558 946 3651 quta
959 3581 1116 3629 summu,
1131 3559 1280 3633 senam,
1296 3579 1329 3635 e,
1344 3568 1473 3636 summi
1523 3532 1715 3627 provinciis
1731 3527 1873 3649 honesti
1884 3529 2130 3651 Magi-stratus,
2155 3557 2309 3626 quorum
2320 3533 2435 3602 virtus
2449 3553 2508 3599 re-

494 3650 600 3718 duces
620 3651 750 3723 debent'
770 3657 898 3743 punire
919 3672 1090 3754 tyranno,
1111 3663 1331 3735 manifestam
1347 3670 1472 3737 crude,
1522 3637 1631 3707 tinuit
1657 3647 1837 3752 utcunque
1861 3634 2003 3750 areperti
2026 3654 2188 3752 spectem.
2247 3632 2351 3704 Nunc
2373 3629 2507 3722 Vespa-

493 3750 628 3819 litatem
655 3751 731 3820 sine
761 3755 831 3823 fine
860 3774 1068 3834 exercentes,
1118 3760 1168 3836 Et
1196 3765 1233 3834 5„
1267 3761 1333 3836 h„
1359 3793 1471 3860 poena
1523 3737 1612 3806 siani
1627 3735 1784 3853 consiliis
1799 3748 1834 3805 et
1847 3734 2120 3855 virtutemelror
2133 3747 2243 3806 status
2258 3748 2326 3853 est..
2370 3728 2508 3850 Nume-

491 3850 592 3920 Deus
621 3853 775 3923 ostendit
800 3868 996 3952 utrunque,
1029 3886 1235 3935 conservare
1264 3891 1300 3936 ,e
1324 3858 1471 3960 imperia
1522 3853 1623 3909 ratur
1644 3858 1727 3925 ergo
1752 3849 1845 3906 rnter
1867 3848 2058 3953 sapientes,
2083 3848 2195 3953 iustos
2218 3851 2254 3908 et
2275 3835 2380 3907 utiles
2402 3856 2507 3923 prm-

492 3945 722 4021 lronestorum
740 3957 884 4026 ‘ducum
914 3984 1105 4050 consensu,
1138 3981 1174 4039 et
1202 3981 1321 4039 tamen
1345 3973 1472 4062 punire
1523 3941 1627 4031 cipes.
1680 3935 1723 4007 In
1747 3960 1854 4008 aureo
1877 3958 1953 4004 erus
1975 3948 2026 4006 est
2039 3933 2275 4025 Caprrcornus
2290 3936 2436 4027 globum
2453 3948 2506 4002 te.

491 4053 666 4122 crudelem
683 4068 717 4126 et
731 4058 947 4127 obscoenum
964 4074 1163 4155 tyrannum,
1325 4128 1329 4138 Ι
1523 4063 1610 4110 nens
1625 4037 1804 4130 prioribus
1819 4036 1977 4124 pedibus.

592 4150 743 4243 Cognito
774 4160 930 4229 adventu
958 4160 1072 4255 Sergii
1104 4166 1239 4242 Galbae
1260 4171 1354 4243 Nero
1383 4177 1472 4266 sugit
1624 4169 1716 4242 Cum
1741 4194 1783 4238 ex
1805 4165 1934 4236 ludaea
1962 4164 2175 4252 discederet,
2209 4166 2361 4241 Romam
2384 4168 2504 4259 profe·
2616 4177 2623 4186 '

493 4272 533 4318 ex
555 4253 643 4321 urbe
658 4254 786 4327 Roma.
839 4258 918 4346 Qua
942 4262 981 4329 iu
1001 4266 1083 4354 fuga
1099 4263 1228 4359 ingens
1241 4285 1471 4347 terraemotus
1523 4272 1662 4358 clurus,
1684 4270 1758 4339 lilio
1775 4267 1860 4337 Tito
1885 4267 2082 4353 mandavit,
2107 4281 2150 4338 ut
2170 4268 2303 4338 bellum
2319 4268 2503 4339 Iudaicum

492 4350 605 4419 factus
626 4366 687 4425 est.
737 4355 785 4429 Et
805 4375 897 4431 terra
912 4359 1047 4431 Neroni
1063 4364 1242 4439 debiscere
1256 4373 1329 4442 visa
1346 4389 1412 4459 est,
1438 4390 1472 4448 et
1522 4388 1673 4466 gereret,
1700 4371 1796 4464 quod
1809 4370 1890 4438 vivo
1900 4367 2042 4437 Nerone
2056 4365 2261 4439 inchoatum
2276 4383 2361 4439 erat.
2411 4367 2505 4439 Cum

494 4462 628 4540 spectra
657 4475 882 4570 oceurrerunt
905 4461 1169 4537 interfectorum
1193 4471 1238 4540 ab
1262 4497 1313 4547 eo.
1379 4475 1471 4549 Cum
1523 4477 1618 4547 enim
1634 4471 1754 4559 flori,
1779 4494 1883 4565 quem
1900 4466 1993 4539 Nero
2013 4462 2053 4537 in
2076 4468 2243 4540 ludaeam
2259 4470 2420 4552 mlssffl'ls
2445 4494 2504 4539 ¹¹³·

493 4562 611 4620 autem
631 4552 819 4670 audivisset
839 4587 948 4655 prope
964 4587 1036 4634 esse
1052 4567 1219 4660 equitesa
1238 4571 1371 4648 Senatu
1385 4581 1472 4650 mis-
1523 4579 1653 4669 paritas
1675 4589 1710 4644 et
1734 4572 1922 4644 crudelitas
1946 4570 2163 4662 praebuisset
2185 4572 2402 4641 occasionem
2425 4595 2505 4639 mo-

494 4673 551 4768 ⁸⁰⁸.
572 4653 616 4720 ad
641 4673 721 4768 ωιτη
744 4662 1046 4772 luterficiendum,
1071 4667 1146 4760 ipse
1167 4673 1285 4761 gladio
1303 4702 1339 4748 se
1355 4693 1472 4751 trans·
1523 4679 1630 4748 vendi
1652 4675 1865 4757 seditiones,
1895 4686 1929 4742 et
1949 4668 2087 4742 Cestius
2108 4671 2231 4766 Syriae
2253 4693 2392 4764 praeses
2413 4673 2505 4741 vici-

493 4751 578 4822 tixrt.
636 4749 706 4869 Hre
729 4770 840 4827 entus
862 4767 1100 4839 testimonium
1123 4787 1175 4845 est
1196 4775 1321 4848 iudicii
1347 4782 1472 4870 divini,
1523 4803 1591 4851 nus
1611 4793 1646 4849 et
1657 4777 1786 4847 Florus
1807 4772 2018 4844 infoeliciter
2031 4796 2111 4842 cum
2127 4771 2266 4843 ludaeis
2282 4788 2507 4865 pugnassent,
2606 4822 2610 4827 -

492 4863 528 4920 et
550 4866 717 4972 congruat
735 4857 779 4923 ad
802 4862 950 4948 regulas:
975 4867 1106 4941 Omnis
1123 4874 1185 4966 qui
1203 4876 1359 4965 gladium
1375 4907 1472 4956 acce-
1524 4881 1716 4951 multitudo
1736 4877 1949 4949 ludaeorum
1968 4874 2083 4966 palam
2097 4875 2270 4945 rebellare
2284 4873 2415 4965 coepit,
2440 4896 2506 4942 na-

490 4964 597 5066 Ρθΐξῑ,
621 4953 740 5072 ἓῖθὼξ)
757 4959 896 5046 Peribit.
940 4961 1003 5038 Et:
1029 4968 1161 5043 Omnis
1177 4978 1295 5047 annua
1314 5006 1403 5072 quae
1418 4986 1472 5056 se·
1525 4995 1578 5053 cta
1600 4983 1724 5051 ducem
1748 4978 1993 5049 turbulentum
2017 4972 2259 5060 Manaimum,
2285 4976 2323 5045 id
2345 4988 2415 5061 est,
2437 4973 2506 5047 Ca-

492 5064 582 5121 cerrt
604 5054 885 5130 abomrnationes
910 5058 990 5150 has,
1012 5077 1258 5148 eradicabitur.
1307 5080 1390 5154 Fuit
1407 5109 1472 5155 au·
1525 5098 1714 5159 attensem,
1748 5077 1810 5171 qui
1839 5076 1969 5143 milites
1992 5072 2178 5146 Romanos
2207 5075 2412 5170 ubicunque
2443 5077 2507 5145 de·

491 5165 563 5224 ²⁰⁰¹
581 5166 783 5275 Ρθθῑΐθῐῐῑξῐὸ
805 5184 948 5244 eorum,
973 5170 1036 5258 qui
1056 5196 1096 5244 ex
1111 5173 1262 5269 Augusti
1283 5178 1425 5256 filiabus
1439 5199 1473 5259 et
1524 5178 1714 5273 prehendit
1736 5175 1883 5262 occidit,
1907 5190 1941 5245 et
1962 5174 2031 5246 luit
2050 5168 2211 5246 hortator
2229 5178 2277 5257 ¹ad
2293 5200 2506 5268 recuperan-

492 5255 659 5344 neptrbus
676 5271 751 5328 natr
769 5275 865 5332 suut:
1525 5286 1605 5355 dam
1629 5281 1839 5352 libertatem.
1902 5273 1972 5345 Hic
1993 5276 2199 5366 magnitudo
2222 5277 2371 5369 periculi
2391 5278 2507 5365 eo‘e‘git

492 5379 687 5459 Domitius
702 5385 805 5465 Nero
820 5411 919 5488 pater
986 5395 1194 5502 Agrippina
1211 5416 1462 5494 uxornomgffi
1524 5384 1564 5457 in
1592 5381 1731 5500 Syriam
1766 5378 1908 5449 mittere
1940 5379 2063 5448 ducem
2101 5378 2231 5450 virtute
2261 5391 2505 5470 praestantem.

544 5485 696 5561 Neronis
711 5493 865 5589 impera.
936 5530 965 5579 »a
992 5502 1064 5576 fitia
1081 5505 1306 5607 Germanici,
1330 5477 1475 5613 prone]
1525 5484 1659 5556 Missus
1689 5482 1798 5572 agitur
1828 5493 1879 5550 est
1901 5477 2155 5571 Vespasianus,
2185 5481 2247 5574 qui
2273 5480 2378 5551 initio
2403 5476 2506 5594 Gali·

634 5593 732 5667 toris.
1119 5610 1190 5698 pti,
1204 5611 1364 5708 gummi·
1525 5587 1638 5656 laeam
1659 5584 1806 5675 recepit,
1830 5581 1959 5653 deiude
1979 5579 2092 5650 lilium
2111 5580 2212 5654 iussit
2227 5580 2412 5651 obsidione
2429 5601 2507 5647 crn-

754 5720 1278 5867 *a*
1525 5710 1613 5860 aa
1630 5677 2507 5873 latur.utilitates*:51
