6025 6775
487 639 575 714 500,
607 715 610 722 Ι
1260 618 1741 730 DlSPUTATlONES
2442 646 2520 725 504

554 863 557 868 .
590 800 653 872 08.
686 794 852 870 Christus
866 795 1031 866 Pontifex
1043 794 1158 886 placet
1173 814 1237 886 per
1251 818 1300 878 se,
1327 809 1362 866 et
1377 796 1480 869 offert
1631 798 1695 874 40.
1728 795 1801 868 Νεα
1814 798 1914 870 aliud
1927 801 2044 873 maius
2065 804 2277 880 beneficium
2295 809 2427 890 babent
2451 815 2516 890 ho-

489 931 589 982 suam
605 901 843 974 obedientiam
864 895 979 983 Patri,
1004 898 1064 967 sed
1078 919 1143 988 pro
1158 896 1250 971 aliis.
1532 902 1664 986 mines,
1690 922 1797 992 quam
1814 900 1870 970 ius
1882 905 2086 988 acerdotii,
2113 933 2185 1002 quo
2199 911 2288 985 liunt
2301 920 2440 1009 proprie
2450 921 2516 990 filii

593 1003 655 1081 24.
683 1001 822 1085 Sancti,
848 999 913 1069 etsi
927 1012 1011 1071 aunt
1025 996 1249 1079 Sacerdotes,
1274 1009 1393 1069 tamen
1406 1021 1483 1069 non
1532 1000 1601 1074 Dei
1617 1015 1652 1071 et
1667 1002 1840 1088 cultores,
1859 1016 1894 1074 et
1906 1005 2071 1098 proprius
2087 1013 2244 1102 populus
2258 1012 2339 1087 Dei.

492 1116 635 1206 placant
646 1127 710 1198 per
723 1126 779 1188 se,
802 1102 864 1171 sed
881 1104 945 1193 per
953 1098 1160 1171 Pontificem
1173 1094 1377 1183 Christum,
1402 1124 1483 1171 curn
1636 1100 1699 1174 41.
1730 1099 1809 1173 Ηοε
1822 1126 1998 1178 summum
2017 1107 2227 1182 beneficium
2251 1116 2428 1190 abiiciunt
2453 1121 2524 1206 isti,

495 1217 562 1284 lide
574 1206 757 1300 ‘accipiunt
772 1205 926 1273 fructum
941 1200 1104 1273 sacrificii
1120 1196 1267 1278 Christi.
1534 1204 1596 1298 qui
1612 1227 1686 1274 non
1699 1203 1886 1293 invocant,
1910 1205 1974 1300 qui
1987 1208 2183 1300 desperant.

596 1306 659 1384 25.
691 1304 853 1378 Christus
869 1302 1032 1375 Pontifex
1055 1297 1162 1374 babet
1178 1317 1360 1397 utrunque
1378 1304 1487 1375 sacri·
1638 1303 1700 1380 ta.
1734 1303 1854 1395 Quare
1866 1320 2012 1379 utamur
2025 1309 2288 1402 beneficiollei,
2311 1331 2348 1388 et
2362 1320 2442 1390 iure
2459 1344 2526 1391 no-

495 1415 615 1487 iicium
630 1410 825 1501 proprium·
1536 1405 1591 1477 bis
1605 1407 1756 1487 donato,
1781 1419 1816 1479 ει
1830 1403 2057 1481 exhibeamus
2070 1427 2205 1485 nostras
2217 1410 2368 1502 hostias,
2394 1420 2526 1490 videli-

597 1511 660 1584 26.
692 1507 818 1580 Sancti
833 1530 909 1577 non
923 1502 1057 1578 habent
1072 1507 1258 1599 proprium
1277 1506 1487 1577 sacrificium
1536 1521 1590 1578 cet
1624 1509 1748 1593 fidem,
1799 1509 2081 1600 invocationem,
2122 1518 2312 1605 gratiarum
2339 1518 2526 1608 actionem,

497 1611 802 1711 propiciatorium.
860 1606 933 1679 Nec
954 1607 1097 1701 placant
1120 1632 1183 1679 suo
1206 1607 1394 1693 sacrificio,
1425 1609 1486 1678 sed
1537 1609 1793 1695 obedientiam,
1816 1611 1914 1681 iuxta
1927 1614 2094 1685 mandata
2109 1613 2189 1688 Dei.

498 1717 636 1801 alieno,
661 1714 758 1806 quod
774 1726 892 1782 tamen
905 1732 1021 1803 neque
1037 1708 1107 1800 ipsi
1123 1710 1297 1789 offerunt,
1322 1711 1383 1779 sed
1406 1723 1487 1781 tan-
1640 1710 1700 1783 48.
1735 1706 1813 1780 tttsi
1828 1736 1919 1806 aqua
1935 1709 2118 1805 sphaerica
2131 1729 2202 1804 est,
2226 1730 2343 1788 tamen
2364 1720 2479 1791 lineae
2502 1747 2523 1792 a

498 1833 574 1891 tum
589 1815 768 1907 accipiunt
784 1814 854 1883 fide
868 1811 1023 1881 fructum
1038 1811 1149 1880 alieni
1159 1809 1338 1884 sacrificii.
1538 1817 1659 1882 centro
1685 1812 1810 1882 ductae
1832 1815 1878 1882 ad
1900 1814 2081 1906 proximas
2103 1840 2212 1911 aquas
2235 1820 2412 1891 breviores
2428 1838 2524 1908 sunt,

603 1914 665 1989 27.
696 1913 817 1987 Sancti
834 1909 966 1982 habent
987 1911 1130 2004 propria
1152 1910 1319 1983 sacrificia
1342 1905 1488 2005 εὔχαρι·
1538 1936 1642 2006 quam
1674 1935 1764 2005 quac
1796 1916 1841 1982 ad
1871 1929 2065 1987 extremum
2088 1942 2206 2006 mare,
2237 1919 2400 2012 aprimis
2425 1925 2526 2016 equis

502 2014 630 2104 στικὰ,
664 2040 753 2110 quac
768 2014 886 2085 valent
899 2023 1046 2106 propter
1063 2012 1189 2100 fidem,
1220 2035 1295 2083 non
1318 2035 1360 2082 ex
1383 2033 1489 2102 opere
1539 2014 1737 2100 ducuntur,
1762 2026 1801 2084 ut
1816 2011 1955 2086 Plinius
1971 2017 2030 2093 ait.

498 2133 656 2216 operato.

603 2220 665 2294 28.
698 2216 847 2288 Nullum
863 2228 914 2286 est
928 2217 1025 2286 enim
1040 2213 1124 2284 novi
1140 2212 1359 2285 Testamenti
1381 2214 1489 2285 sacri·
1566 2248 1689 2347 (XL.)
1726 2254 1834 2323 Am
1858 2251 2152 2346 dumah-03
2192 2257 2241 2332 de
2264 2264 2499 2333 pommus,

503 2327 680 2497 ficmmsslll
694 2329 984 2502 ἒίῗθείίτίῖίιζ,
1022 2413 1178 2502 horest,
1212 2417 1305 2488 bona
1327 2438 1433 2507 opera
1457 2429 1491 2486 ct
1648 2354 1851 2445 'mmm‘
1903 2357 2008 2444 (OPP'
2025 2360 2120 2425 Μ’
2136 2362 2176 2431 Τ’
2192 2361 2253 2429 ffl’
2278 2389 2310 2448 p·
2324 2367 2417 2447 Μ’)

503 2526 722 2600 adflictiones
736 2522 854 2592 valent
869 2520 1072 2613 perfidem,
1097 2542 1178 2589 cum
1193 2520 1300 2588 corda
1314 2531 1489 2611 perterre·
1539 2502 1741 2589 Novatiani
1770 2542 1844 2588 non
1871 2533 1965 2591 recte
1987 2529 2185 2608 senserunt,
2216 2524 2366 2613 relapsis
2387 2542 2528 2616 peccata

504 2631 593 2699 facta
611 2626 813 2715 eriguntur,
838 2633 873 2691 et
887 2622 1036 2691 credunt
1052 2641 1092 2689 ea
1106 2620 1244 2711 placere
1251 2621 1331 2691 Deo
1346 2632 1491 2712 propter
1541 2621 1669 2692 itcmm
1688 2644 1762 2689 non
1778 2620 1931 2696 remitti„

502 2723 698 2801 christum.
1642 2721 1680 2790 2.
1711 2717 1823 2790 Error
1840 2722 1923 2792 inde
1943 2736 2047 2797 natus
2069 2737 2139 2808 est,
2162 2723 2345 2816 qnod-non
2362 2726 2525 2794 animad-

607 2828 669 2899 80.
702 2823 788 2894 ldeo
802 2821 935 2893 Paulus
948 2821 1099 2915 requirit
1113 2817 1264 2921 λογικὴν
1277 2817 1461 2919 λατρείαν.
1543 2834 1744 2906 verterunt,
1771 2822 1856 2915 quid
1872 2822 2055 2916 Scriptura
2071 2836 2172 2894 vocet
2188 2837 2374 2915 peccatum.

606 2929 668 3001 81.
711 2919 856 3023 Aureae}
879 2919 1028 3018 λατρεία
1049 2937 1101 2995 est
1124 2923 1240 2994 cultus
1265 2926 1413 3010 mentis,
1452 2925 1490 2995 in
1644 2922 1680 2995 3.
1713 2922 1948 2996 somniarunt
1972 2924 2067 2994 enim
2090 2938 2231 3015 peccata
2254 2926 2370 2993 vocari
2389 2940 2525 2998 tantum

505 3052 699 3125 quomens
721 3026 834 3096 cernit
856 3036 890 3096 ει
911 3024 1079 3113 intelligit
1102 3025 1221 3094 Deum
1245 3045 1309 3117 per
1331 3030 1492 3112 verbum,
1543 3037 1686 3095 externa
1701 3024 1893 3097 malefacta.
2046 3113 2062 3122 ,Ι
2112 3094 2114 3098 ,

507 3127 574 3203 hcc
589 3145 660 3217 est,
686 3125 793 3199 habet
809 3126 971 3196 timorem
989 3138 1024 3197 et
1039 3126 1157 3195 fidem.
1644 3122 1681 3194 4.
1710 3119 1759 3195 Αι
1775 3140 1957 3214 peccatum
1972 3125 2145 3217 significat
2165 3148 2242 3194 non
2265 3138 2406 3198 tantum
2421 3153 2527 3222 opera

607 3234 668 3306 32.
709 3227 919 3320 Opponitur
949 3227 1058 3318 igitur
1086 3221 1213 3323 λογικὴ
1245 3221 1394 3321 λατρεία
1418 3248 1491 3296 non
1543 3223 1653 3311 mala,
1678 3226 1862 3296 sedetiam
1876 3240 2041 3299 naturam
2054 3225 2223 3297 viciosam
2237 3243 2421 3301 vacantem
2435 3219 2533 3302 metu

506 3337 623 3407 solum
635 3330 795 3425 pecuinis
811 3328 981 3414 victimis,
1007 3327 1196 3398 sedetiam
1220 3320 1386 3399 humanis
1408 3352 1492 3422 ope·
1543 3326 1630 3414 Dei,
1655 3325 1744 3414 fide,
1768 3351 1809 3398 ac
1824 3328 2155 3421 concupiscentiam.

506 3438 606 3509 ribus
622 3436 699 3504 sine
718 3430 855 3517 verbo(
870 3425 938 3499 hoc
952 3443 1020 3515 est,
1044 3428 1213 3499 mandato
1226 3428 1296 3498 Dci
1315 3431 1433 3512 factis,
1459 3443 1493 3500 et
1645 3425 1682 3504 5.
1718 3428 1916 3502 Prudenter
1936 3430 2045 3522 igitur
2066 3429 2273 3521 accipienda
2300 3446 2351 3502 est
2376 3434 2529 3522 vulgaris

406 3572 409 3577 ·
508 3539 548 3604 in
577 3556 703 3623 genere
727 3529 921 3621 opponitur
942 3531 1109 3600 omnibus
1129 3524 1295 3600 humanis
1316 3532 1494 3624 operibus,
1544 3530 1732 3603 sententia:
1758 3529 1943 3606 Peccatum
1963 3532 2033 3603 nisi
2052 3529 2296 3604 voluntarium
2319 3536 2423 3615 ess'et,
2454 3559 2528 3604 non

509 3638 547 3707 in
562 3634 692 3727 quibus
709 3634 837 3702 desunt
850 3631 958 3703 timor
971 3646 1007 3702 et
1018 3628 1115 3700 fides.¹
1545 3646 1635 3704 esset
1650 3648 1845 3724 peccatum.
2459 3666 2462 3671 ·

611 3736 674 3807 88.
700 3732 813 3826 lgitur
827 3757 933 3826 opera
948 3732 1180 3802 traditionum
1195 3727 1444 3818 humanarum,
1461 3747 1494 3806 et
1647 3735 1681 3805 6.
1714 3733 1762 3805 Ut
1783 3754 1919 3820 semper
1942 3726 2114 3804 habemus
2136 3750 2298 3826 peccata,
2323 3739 2372 3809 ita
2394 3762 2531 3831 semper

508 3837 722 3909 monasticae
756 3835 1019 3909 observationes
1050 3854 1124 3900 non
1158 3850 1241 3903 sunt
1273 3829 1401 3933 loyen}
1431 3839 1495 3906 lu·
1544 3856 1633 3926 opus
1649 3828 1818 3902 babemus
1836 3831 2043 3903 remissione
2057 3850 2292 3926 peccatorum.

500 3934 628 4037 αρεία.
1400 3931 1404 3939 ’
1647 3935 1683 4007 7.
1717 3929 1869 4027 Oportet
1883 3933 1990 4023 igitur
2006 3950 2177 4028 perpetuo
2191 3939 2391 4026 contingere
2400 3940 2525 4005 remis-

610 4039 670 4114 84.
703 4039 777 4112 Νεα
791 4039 860 4109 alia
874 4032 1050 4120 exercitia,
1074 4057 1139 4106 nec
1154 4035 1393 4118 adflictiones,
1419 4039 1495 4108 sine
1547 4037 1683 4106 sionem
1698 4048 1937 4128 peccatorum,
1962 4037 2164 4109 etiam-cum
2186 4052 2323 4109 externa
2343 4036 2525 4108 malefacta

507 4147 635 4217 timore
652 4142 778 4233 ctsine
790 4137 860 4210 lide
880 4136 1142 4210 misericordiae
1156 4134 1309 4225 Christi,
1335 4154 1418 4211 sunt
1440 4164 1495 4212 sa·
1545 4161 1620 4209 non
1635 4132 1839 4207 habeamus.

507 4244 647 4319 crificia.
1646 4238 1681 4311 8.
1713 4232 1846 4308 Errant
1859 4236 2004 4310 fanatici
2017 4233 2195 4325 homines,
2219 4239 2280 4331 qui
2287 4234 2528 4312 Christianam

548 4418 555 4441 .-
606 4346 670 4424 35.
711 4343 834 4417 Sancti
865 4344 903 4411 ln
936 4343 1046 4413 veteri
1071 4340 1298 4415 Testamento
1327 4348 1383 4417 usi
1413 4361 1494 4417 sunt
1545 4336 1723 4412 iusticiam
1751 4351 1889 4410 tantum
1911 4353 2074 4413 externos
2094 4362 2209 4413 mores
2228 4340 2351 4411 civiles
2373 4366 2447 4413 esse
2472 4346 2528 4413 in-

508 4449 716 4522 ceremoniis
750 4445 856 4536 legis,
904 4444 1001 4515 velut
1029 4440 1287 4530 sacramentis,
1328 4441 1397 4517 hoc
1434 4462 1494 4532 cst,
1543 4445 1675 4515 dicant.
2515 4502 2520 4510 ,

507 4552 615 4637 signis
629 4552 742 4623 futuri
757 4544 911 4631 Christi,
930 4558 971 4617 ει
985 4543 1238 4638 praestiterunt
1253 4558 1421 4640 tanquam
1438 4571 1494 4617 sa·
1646 4543 1683 4613 9.
1714 4540 1863 4612 Publica
1879 4542 2094 4633 poenitentia
2108 4545 2347 4634 spectaculum
2362 4547 2440 4633 suit,
2455 4571 2529 4617 non

508 4647 635 4717 crificia
651 4643 906 4742 εὐχαριστικά,
930 4648 973 4718 ad
989 4646 1249 4743 protestandam
1267 4646 1371 4716 fidem
1385 4671 1493 4722 suam.
1543 4646 1612 4717 tuit
1627 4643 1859 4738 poenitentia.

609 4748 669 4823 86.
700 4748 813 4819 Nemo
837 4744 943 4817 habet
967 4749 1023 4819 ius
1045 4744 1253 4830 sacerdotii,
1288 4746 1359 4817 nisi
1383 4747 1493 4821 aDeo
1647 4745 1705 4818 10.
1741 4743 1813 4815 Nec
1826 4768 1966 4817 necesse
1981 4759 2033 4817 cst
2047 4748 2205 4818 revocari
2228 4749 2267 4820 id
2290 4751 2529 4842 spectaculum

506 4852 640 4922 datum.
1543 4848 1581 4916 in
1599 4842 1807 4918 Ecclesiam.

608 4950 667 5023 57.
710 4948 795 5021 ldeo
819 4969 924 5016 nemo
945 4959 1056 5039 potest
1087 4947 1224 5039 placare
1246 4948 1380 5037 Deum,
1422 4954 1491 5022 nisi
1645 4950 1703 5023 11.
1729 4946 1951 5019 Poenitcntia
1966 4949 2109 5040 proprie
2123 4965 2175 5023 est
2188 4955 2365 5034 contritio,
2389 4956 2531 5025 aclides

505 5054 692 5125 autoritate
706 5051 849 5135 divina,
875 5043 944 5121 hoc
962 5063 1029 5135 est,
1057 5050 1124 5119 nisi
1143 5066 1177 5124 ct
1191 5054 1397 5124 mandatum
1414 5057 1491 5146 pla·
1540 5050 1578 5139 in
1596 5051 1811 5123 contritione
1828 5051 1965 5141 erigens
1980 5065 2015 5123 ει
2029 5054 2229 5124 consolans.

506 5154 629 5240 candi,
656 5168 689 5226 ει
705 5153 975 5246 promissionem
995 5147 1134 5226 habeat.
1643 5157 1701 5225 12.
1735 5152 2062 5246 Imprudentissime
2079 5154 2188 5226 locuti
2202 5170 2287 5227 sunt
2301 5152 2463 5227 Canones
2482 5157 2526 5222 tle

606 5256 667 5329 88.
700 5253 922 5327 Cunrautem
939 5278 1005 5326 nos
1027 5250 1220 5326 habeamus
1246 5258 1488 5328 testimonium
1538 5256 1775 5347 poenitentia,
1809 5255 1871 5347 qui
1896 5255 2033 5327 nullam
2054 5255 2107 5328 ibi
2128 5259 2345 5329 mentionem
2369 5256 2449 5326 fidei
2474 5257 2527 5324 le-

505 5362 542 5428 in
570 5357 770 5450 scripturis,
815 5358 912 5448 quod
942 5357 1053 5426 simus
1075 5357 1301 5442 Sacerdotes,
1334 5374 1489 5431 testatur
1537 5356 1673 5430 cerunt.
2099 5438 2106 5451 ι
2404 5384 2408 5391 ·

503 5462 693 5550 scriptura,
719 5454 814 5552 quod
830 5457 886 5523 ius
901 5450 1094 5525 habeamus
1115 5455 1279 5545 placandi
1302 5475 1336 5528 et
1359 5466 1486 5534 orandi
1641 5459 1699 5532 13.
1732 5455 1801 5527 Sed
1820 5480 1864 5524 ne
1881 5480 2016 5529 novum
2034 5461 2162 5547 dogma
2180 5462 2224 5530 dc
2239 5463 2308 5532 fide
2322 5461 2460 5532 adferre
2477 5462 2532 5528 via

500 5561 634 5641 Deum,
658 5587 721 5654 per
732 5554 915 5630 Christum
931 5555 1033 5624 nobis
1049 5557 1231 5626 donatum.
1535 5561 1698 5641 demur,
1724 5556 2045 5630 extat'l'ertulliani
2064 5560 2248 5645 sententia,
2275 5588 2382 5656 qnam
2397 5565 2533 5633 adscri-

601 5662 662 5735 39.
695 5660 773 5732 Hoc
793 5660 850 5730 ius
871 5653 1058 5727 maximam
1082 5656 1361 5730 consolationem
1383 5664 1485 5737 affert
1534 5660 1628 5747 bere·
1647 5683 1719 5728 non
1743 5659 1938 5748 gravabor,
1972 5662 2057 5755 qnia
2079 5663 2166 5732 dum
2188 5662 2440 5736 iusiurandum
2463 5660 2534 5735 Dei

502 5768 664 5837 omnibus
682 5765 752 5861 piis
765 5759 955 5836 mentibus.
1534 5774 1735 5852 exaggerat,
1762 5759 1910 5834 mirifice
1926 5762 2031 5853 erigit
2047 5763 2294 5836 conscientias.
