6025 6775
479 777 482 784 ,
564 622 687 766 ’τοοκ
974 623 1467 752 nrsrnrartontts
1498 621 1762 743 anniam
1795 664 2252 756 Mananrnoms.
2550 692 2627 767 τοι

656 893 659 900 ·
700 854 798 926 llaec
812 849 954 922 collatio
968 844 1059 915 iuris
1072 838 1230 917 Romani
1248 864 1327 913 eum
1336 839 1495 912 Mosaico
1511 862 1587 909 non
1637 851 1760 911 contra
1774 837 1946 911 indicium
1961 842 2123 918 rationis.
2168 845 2291 940 ltaque
2303 851 2433 925 multae
2447 872 2530 932 aunt
2542 862 2627 954 opi.

599 974 651 1046 pat
672 953 830 1037 inutilis3
867 960 971 1038 auget
990 945 1087 1016 enim
1107 940 1317 1033 dignitatem
1340 954 1375 1014 et
1396 941 1462 1013 alit
1470 964 1587 1026 reve-
1637 940 1764 1010 aiones
1795 954 1991 1026 sectarum,
2024 966 2114 1035 quae
2145 942 2240 1017 nihil
2269 949 2389 1024 minus
2412 972 2495 1030 sunt
2515 985 2626 1055 quam

598 1058 751 1146 rentiam
769 1047 1006 1143 praesentium
1022 1046 1154 1131 legum.
1637 1036 1876 1133 philosophia.

642 1151 647 1160 ’
702 1152 906 1226 insaniebat
920 1134 1338 1237 igiturCarolostadius,
1363 1141 1427 1235 qui
1440 1154 1589 1212 conten·
1738 1134 1951 1210 Academici
1962 1165 2035 1211 non
2050 1158 2142 1217 recte
2157 1145 2281 1221 iubent
2296 1150 2439 1247 ἐπέχειν
2453 1159 2498 1227 de
2508 1163 2625 1230 omni.

602 1262 726 1341 debat,
750 1275 806 1323 res
827 1248 978 1322 iudicari
1000 1258 1164 1338 oportere
1186 1269 1227 1313 ex
1250 1240 1387 1337 Moyse.
1438 1239 1588 1311 Insaniit
1638 1241 1706 1312 bus
1718 1243 1835 1325 rebus,
1860 1266 1925 1313 nec
1938 1256 2030 1313 recte
2043 1245 2234 1337 disputant,
2258 1255 2381 1325 omnia
2393 1256 2530 1331 incerta
2542 1243 2626 1336 esse}

553 1387 556 1394 ’
603 1377 640 1433 et
662 1353 706 1435 V
704 1346 893 1450 iglcplms,
918 1347 981 1442 qui
1003 1346 1131 1426 sensit,
1156 1344 1286 1436 impios
1309 1344 1450 1423 nullum
1471 1341 1587 1412 dorni-
1741 1337 1860 1411 Stoici
1882 1367 1955 1411 non
1978 1358 2070 1415 recte
2091 1349 2267 1422 affirmant
2289 1354 2334 1424 de
2354 1356 2445 1444 fato,
2471 1376 2507 1431 et
2521 1362 2628 1433 stulte

602 1463 704 1532 „pum
721 1453 852 1524 habere
868 1472 981 1545 posca,
1269 1445 1279 1464 ⁸
1639 1442 1771 1513 tollunt
1794 1445 2070 1532 contingentiam
2092 1460 2127 1517 et
2146 1449 2343 1524 libertatem
2363 1451 2544 1530 hnmanae
2562 1488 2627 1532 vo-

669 1549 857 1625 ‘Plinius
878 1565 972 1622 recte
994 1547 1099 1632 dicit,
1123 1543 1204 1614 ideo
1228 1543 1350 1611 lunam
1373 1539 1413 1610 in
1437 1541 1589 1611 coniun—
1639 1544 1796 1613 luntatis.
1847 1539 1896 1613 Et
1919 1540 2013 1614 haud
2038 1546 2128 1631 scio,
2154 1571 2199 1616 an
2222 1574 2261 1620 ex
2278 1553 2349 1624 illis
2363 1558 2483 1630 stoicis
2498 1562 2627 1654 dispu-

603 1660 726 1736 ctione
754 1679 831 1725 non
857 1651 973 1735 cerni,
1010 1649 1095 1743 quia
1126 1640 1295 1718 haustum
1323 1665 1467 1713 omnem
1497 1641 1590 1711 lueis
1638 1642 1835 1713 tationihus
1851 1645 2018 1735 serpserit
2030 1645 2069 1715 in
2083 1643 2278 1720 Ecclesiam
2293 1654 2503 1746 disputatio,
2532 1686 2625 1756 quae

603 1780 726 1833 aversa
751 1756 815 1826 illo
838 1763 993 1843 regerat,
1024 1750 1120 1820 unde
1144 1744 1282 1838 accipit.
1338 1737 1387 1814 Et
1407 1740 1491 1836 quia
1513 1764 1588 1811 non
1640 1744 1735 1815 tollit
1765 1743 2042 1833 contingentiam
2074 1761 2109 1818 et
2139 1749 2338 1824 libertatem
2361 1750 2533 1836 hnmanae
2558 1789 2625 1832 vo.

603 1874 700 1934 totns
723 1856 821 1927 orbis
842 1850 970 1946 accipit
990 1850 1134 1929 lumen,
1164 1846 1245 1915 ideo
1268 1843 1354 1916 luna
1374 1866 1449 1913 non
1472 1841 1590 1941 statim
1641 1844 1798 1915 luntatis.
2589 1934 2596 1952 ι

605 1960 743 2051 imma
757 1967 913 2051 ,ppgreg
1743 1939 1906 2040 Epicuri
1924 1947 2098 2044 sententia
2121 1951 2166 2018 de
2188 1949 2259 2021 fine
2282 1950 2458 2029 honorum
2480 1978 2626 2034 nonest

1641 2039 1903 2137 philosophica3
1934 2041 2018 2115 nani
2048 2062 2173 2121 contra
2200 2065 2365 2125 naturam
2383 2051 2538 2133 hominis
2562 2078 2626 2149 est,

947 2178 1075 2279 (m)
1123 2184 1246 2255 ma·
1643 2146 1984 2240 voluptatemfinem
2000 2152 2281 2227 essehonorum.

836 2290 939 2376 (opp.
960 2289 1055 2356 Bam·
1079 2286 1119 2352 T·
1134 2285 1194 2354 HL
1216 2274 1353 2373 gaddi.)
1624 2271 1629 2281 ·
1743 2243 1975 2339 peripatetica
1999 2243 2225 2342 philosophia
2247 2254 2375 2346 purior
2394 2272 2447 2331 est
2467 2261 2545 2332 aliis
2569 2286 2626 2333 se-

604 2414 608 2424 ,
1099 2434 1103 2444 Ι
1642 2348 1720 2422 ctis.
1772 2345 1855 2417 Non
1878 2347 1973 2417 enirn
1999 2350 2150 2423 affirmat
2171 2376 2230 2439 ea,
2264 2379 2419 2448 quornm
2440 2363 2529 2434 ratio
2549 2388 2627 2434 non

587 2449 763 2534 *Veritas
787 2466 840 2523 est
860 2449 928 2522 Dei
950 2452 1106 2535 donum,
1141 2445 1339 2542 etquidem
1363 2442 1591 2534 praecipuum
1642 2443 1750 2519 habet
1776 2449 2111 2533 demonstrationes,
2143 2467 2182 2525 nt
2202 2456 2246 2524 de
2268 2460 2478 2535 aeternitate
2501 2465 2628 2535 mundi

608 2566 649 2633 in
663 2576 788 2632 natura
804 2549 971 2626 hominis.
1643 2562 1679 2619 et
1695 2548 1776 2619 aliis
1790 2549 1986 2619 nonnullis.
2080 2587 2083 2596 ·
2183 2583 2187 2592 ·

620 2657 623 2664 '
709 2648 940 2745 Philosophia
969 2663 1022 2721 est
1049 2647 1195 2733 veritas,
1235 2670 1344 2739 quare
1365 2640 1482 2716 hostes
1502 2637 1619 2748 phi-3
1745 2646 1826 2719 Non
1850 2665 1954 2738 negat
1975 2645 2188 2731 Aristotcles
2212 2657 2489 2749 providentiam,
2513 2679 2548 2735 et
2571 2681 2627 2736 ta.

404 2829 407 2838 .
476 2743 479 2748 ¹
611 2752 803 2857 iosaphiac
828 2753 1081 2844 belligerantur
1102 2771 1184 2822 cnm
1202 2743 1281 2819 Deo
1305 2760 1339 2819 et
1361 2771 1441 2828 cum
1465 2760 1593 2819 natura
1642 2772 1725 2820 rnen
1751 2749 1855 2842 ponit
1870 2752 2169 2845 ,contingentiam
2228 2751 2454 2854 Philosophia
2476 2768 2629 2837 moralis

608 2862 809 2936 hominnm.
859 2851 951 2926 Nam
972 2865 1008 2923 et
1026 2851 1155 2921 veritas
1175 2871 1230 2920 res
1251 2864 1303 2921 est
1322 2847 1465 2934 divina,
1497 2861 1533 2919 et
1552 2848 1593 2917 in
1642 2846 1845 2923 Aristotelis
1858 2874 1940 2922 vera
1956 2868 2058 2927 estet
2072 2855 2176 2948 plena
2190 2852 2431 2933 humanitatis.

487 2997 490 3004 >
538 2976 542 2982 '
607 2953 735 3058 priinis
748 2972 895 3029 naturae
908 2950 1097 3025 hominnm
1109 2950 1332 3022 conveniens.
1744 2947 1821 3028 itai
1842 2975 1965 3024 verum
1986 2970 2056 3042 est,
2081 2952 2344 3050 philosophiam
2359 2964 2521 3034 moralem
2539 2991 2627 3056 par-

709 3058 801 3133 Cum
812 3048 1161 3129 autemChristianos
1171 3050 1487 3144 praecipuedeceat
1497 3050 1594 3120 dona
1641 3065 1714 3122 tem
1740 3076 1813 3123 esse
1837 3049 1931 3147 legis
1955 3049 2122 3142 divinae,
2146 3071 2264 3130 tamen
2288 3062 2482 3154 plurimum
2503 3068 2630 3139 differe

609 3163 679 3240 Dei
700 3181 831 3233 ornare
851 3171 886 3229 et
908 3177 1134 3237 conservare,
1166 3155 1265 3225 decet
1284 3152 1389 3223 etiarn
1407 3149 1594 3244 praecipue
1642 3175 1664 3223 a
1685 3152 1760 3243 lege
1780 3154 1915 3230 divina.
1967 3155 2056 3228 Item
2074 3160 2155 3253 plus
2178 3160 2284 3233 etiam
2304 3153 2426 3237 differt
2444 3166 2488 3238 ab
2503 3162 2629 3239 Evan-

611 3287 671 3335 eos
693 3251 938 3356 philosophiae
957 3254 1129 3329 studium.
1177 3248 1225 3324 Et
1248 3251 1391 3344 prodest
1413 3249 1532 3344 aliqua
1551 3274 1593 3323 ex
1643 3252 1755 3344 gello,
1779 3268 1813 3327 et
1827 3255 1988 3352 impin„
2003 3274 2072 3347 est,
2097 3255 2183 3334 hm
2197 3262 2378 3336 doctrinae
2390 3288 2519 3358 genem
2534 3270 2630 3341 inm

611 3377 712 3460 parte
739 3352 988 3456 philosophiae
1010 3354 1164 3445 cognitio
1184 3355 1228 3424 ad
1247 3352 1443 3424 docendam
1464 3365 1499 3425 et
1512 3366 1594 3425 tra·
1644 3377 1682 3426 se
1695 3355 1922 3431 confundere,

614 3466 777 3539 standan)
793 3457 1020 3534 christianam
1035 3456 1245 3528 doctrinam.
1746 3455 1854 3547 Qnod
1875 3455 2111 3557 Augustinlta
2136 3465 2207 3552 ait,
2239 3467 2358 3537 omnia
2395 3490 2432 3538 se
2464 3472 2629 3560 dogmata

716 3556 946 3655 Philosophia
960 3558 999 3628 in
1013 3557 1138 3652 primis
1151 3556 1270 3626 videre
1282 3555 1397 3643 dehet,
1419 3576 1507 3649 quae
1522 3555 1595 3627 sint
1643 3552 1832 3652 Evangelii
1860 3562 1983 3657 legisse
2012 3568 2108 3659 apud
2130 3565 2334 3639 Platonicos
2359 3585 2497 3661 praeter
2519 3572 2607 3641 illud
2619 3602 2626 3640 :

414 3716 418 3729 .
478 3662 493 3691 ³
547 3712 551 3722 1
614 3681 708 3759 certa
729 3687 819 3762 quae
838 3663 984 3733 incerta.
1032 3656 1115 3729 Non
1131 3670 1182 3728 cst
1198 3657 1292 3726 enim
1307 3650 1596 3750 philosophicum
1645 3674 1680 3733 et
1700 3662 1850 3733 verbum
1874 3687 1955 3736 caro
1978 3666 2109 3740 sactum
2135 3681 2204 3752 est,
2229 3682 2290 3740 aut
2305 3671 2629 3744 obscurissimeaut

615 3769 791 3842 affirmare
811 3764 944 3838 ineerta
963 3782 1029 3854 pro
1047 3758 1171 3843 certis,
1197 3770 1257 3830 aut
1273 3757 1444 3828 affirmare
1457 3755 1595 3850 aliquid
1643 3760 1733 3833 falso
1750 3761 1884 3865 dictpm
1900 3778 1960 3837 est.

1389 4114 1851 4145 -a--h——a—
