6025 6775
496 683 565 758 aaa
660 662 665 674 ’

494 852 610 924 Deum
625 862 799 923 autorem.
848 846 894 921 Et
918 872 959 918 eo
983 850 1094 939 magis
1117 875 1344 935 veneremur,
1368 864 1402 921 et
1418 875 1477 919 or·

494 977 581 1021 nare
615 953 816 1020 studeamus
848 951 1018 1041 loquendi
1039 952 1257 1035 facultatem,
1290 952 1373 1043 quia
1402 952 1476 1020 filio

494 1054 565 1124 Dei
579 1053 740 1120 mirando
758 1049 903 1120 consilio
921 1051 1092 1122 tribuitur
1105 1051 1293 1143 appellatio
1311 1045 1430 1149 λόγος.

600 1167 647 1238 Ut
661 1180 773 1236 autem
790 1165 1116 1238 recte'celebremus
1131 1167 1245 1237 Deum
1267 1169 1306 1235 in
1322 1169 1475 1258 explica·

499 1273 597 1341 tione
612 1267 810 1350 doctrinae,
832 1268 989 1357 profecto
1006 1291 1094 1357 opus
1113 1281 1163 1337 est
1178 1268 1250 1336 illis
1266 1270 1403 1337 duabus
1419 1292 1474 1337 re-

497 1374 562 1441 bus
577 1365 774 1454 cognitione
788 1390 927 1452 rerum,
953 1381 988 1437 et
1002 1370 1098 1437 bono
1115 1391 1241 1457 genere
1264 1370 1449 1438 sermonis.

591 1481 693 1552 Hanc
715 1497 871 1552 nostram
895 1480 1197 1568 adhortationem,
1227 1509 1317 1577 quae
1338 1509 1473 1578 nequa-

491 1608 597 1679 quam
620 1608 685 1675 par
709 1597 760 1652 est
774 1584 1009 1672 magnitudini
1026 1585 1095 1665 rei,
1124 1587 1167 1653 de
1183 1610 1251 1676 qua
1264 1586 1358 1670 dixi,
1386 1600 1472 1679 opto

491 1691 536 1757 ad
558 1686 760 1755 excitandos
783 1684 939 1753 iuniores
962 1686 1098 1777 aliquid
1123 1687 1262 1754 adferre
1291 1684 1473 1757 momenti.

494 1783 573 1857 Oro
592 1799 709 1854 autem
732 1784 848 1875 ipsum
871 1785 984 1853 filium
1008 1785 1073 1855 Dei
1097 1783 1293 1855 Dominum
1312 1799 1472 1877 nostrum

495 1887 610 1957 lesum
626 1882 828 1973 Christum,
854 1885 1056 1954 crucifixam
1076 1909 1138 1975 pro
1156 1887 1260 1955 nobis
1278 1898 1311 1955 et
1326 1885 1474 1955 resusci-

494 2002 625 2070 tatum,
667 1988 845 2055 custodem
876 1998 911 2055 et
935 1998 1040 2075 caput
1061 1984 1258 2071 Ecclesiae,
1293 1986 1413 2055 omnia
1436 1985 1472 2051 in

495 2088 662 2158 omnibus
687 2084 888 2177 perficiens,
911 2097 951 2154 ut
974 2109 1039 2155 nos
1063 2089 1252 2176 gubernet,
1278 2100 1313 2157 et
1336 2107 1475 2174 semper

480 2185 534 2256 'in
563 2182 619 2255 his
650 2186 853 2279 regionibus
885 2200 1062 2257 aeternam
1093 2184 1287 2257 Ecclesiam
1322 2186 1473 2273 colligat.

492 2285 588 2359 Dixi.

492 2648 558 2718 No.
582 2647 662 2719 160.

499 2742 668 2771 m

1305 2672 1353 2727 an,
1377 2649 1471 2715 1557.

1297 2738 1466 2767 Μ

697 2845 773 2926 De
800 2840 1161 2928 medicinarum
1186 2851 1267 2923 etc.

560 3024 656 3075 Select.
672 3017 792 3070 Declam.
814 3019 848 3069 Τ.
863 3014 908 3069 lV.
927 3032 954 3084 ρ.
968 3017 1020 3071 708
1034 3034 1110 3092 sqq„
1131 3016 1253 3071 Sarxect.
1265 3011 1299 3069 Τ.
1312 3009 1360 3067 lV.
1369 3030 1400 3093 p.
1410 3010 1473 3064 648.

593 3115 627 3206 ἱ
648 3084 969 3222 ιΕΙῑίιριῖι1ἰ2υ7.οηῑίοιιιιιιι
991 3084 1023 3139 Τ.
1040 3086 1073 3136 l.
1098 3105 1124 3157 p.
1139 3087 1181 3140 18.
1204 3094 1231 3137 ct
1251 3082 1322 3151 apud
1342 3080 1472 3135 llichard.

497 3315 621 3381 Oratio
654 3305 701 3376 de
733 3302 941 3375 medicinae
968 3326 1059 3392 usu,
1091 3306 1184 3374 ilem
1209 3325 1340 3375 recem
1373 3322 1471 3394 sync-

490 3410 629 3501 pacata
659 3417 696 3479 et
723 3402 963 3505 ccctipctlu'u3
989 3410 1156 3501 recitata
1183 3426 1207 3474 a
1228 3409 1278 3475 D.
1302 3401 1474 3474 folcan-

724 3529 780 3578 ne
810 3512 1088 3577 Hermanno.
1130 3503 1242 3578 1557.

491 3648 576 3729 Etsi
593 3655 755 3722 videmur
776 3650 914 3738 inepti,
930 3652 1025 3739 quod
1048 3671 1149 3735 saepe
1171 3650 1318 3714 eandem
1341 3646 1473 3714 oratio-

492 3783 573 3828 nem
588 3752 778 3823 adferimus
793 3752 845 3819 de.
859 3748 962 3815 laude
995 3748 1231 3815 remediorum
1257 3759 1292 3816 et
1318 3745 1472 3813 medica-

494 3860 616 3933 tionis:
643 3876 722 3922 cum
738 3852 776 3917 in
790 3872 828 3918 re
845 3847 1029 3917 manifesta
1043 3869 1117 3914 non
1132 3846 1177 3915 sit
1190 3869 1279 3935 opus
1297 3843 1400 3914 toties
1415 3866 1471 3911 re-

494 3975 611 4052 petere
627 3950 1019 4030 commonefactionem,
1042 3945 1177 4015 utilitas
1198 3946 1291 4014 enim
1306 3943 1472 4018 omnibus

495 4066 533 4132 in
551 4065 738 4145 conspectu
753 4063 824 4134 est,
849 4063 883 4119 et
897 4049 977 4116 illae
1000 4033 1252 4116 barbaricaeet
1266 4041 1473 4136 Cyclopicae

493 4161 679 4254 opiniones
703 4153 785 4221 satis
809 4151 977 4219 refutatae
1000 4159 1099 4231 suut,
1125 4167 1214 4236 quae
1230 4145 1368 4232 fingunt
1391 4165 1471 4210 casu

494 4261 614 4337 omnia
629 4256 722 4338 fieri,
748 4276 811 4321 nec
826 4250 948 4318 insitas
962 4271 1034 4316 esse
1049 4246 1234 4314 dissimiles
1251 4243 1342 4312 vires
1359 4264 1472 4321 remc-

448 4415 455 4424 ι
494 4367 579 4443 diis,
604 4374 637 4430 et
652 4370 761 4426 artem
777 4349 1056 4443 commenticiam
1072 4369 1160 4415 esse:
1197 4359 1313 4416 tamen
1339 4343 1471 4432 gravis-

494 4471 580 4541 sima
605 4450 706 4529 ssusa
724 4469 794 4539 est,
819 4474 882 4520 cur
905 4473 1005 4540 saepe
1027 4453 1071 4516 de
1090 4442 1147 4514 his
1161 4446 1327 4536 operibus
1342 4442 1472 4512 divinis

494 4586 528 4641 et
550 4562 697 4638 dicitur,
726 4568 766 4630 ‚et
788 4552 978 4623 dicendum
1004 4561 1075 4632 est,
1108 4547 1288 4630 videlicet,
1317 4557 1361 4614 ut
1382 4542 1473 4631 grati

494 4671 608 4742 Deum
631 4659 863 4733 celebremus,
893 4663 927 4721 et
950 4647 1148 4738 testimonia
1172 4645 1388 4745 praesentiae
1403 4640 1472 4713 Dei

495 4787 530 4841 et
542 4758 779 4858 providentiae
795 4753 997 4844 cogitemus,
1011 4774 1050 4819 ac
1066 4747 1171 4817 simul
1184 4745 1358 4837 nosipsos
1375 4766 1472 4812 com-

499 4863 784 4942 monefaciamus,
815 4858 860 4925 ad
886 4876 990 4945 quem
1019 4851 1124 4918 finem
1153 4846 1310 4936 nosipsi
1337 4843 1472 4915 conditi

499 4970 618 5039 simus.
667 4959 835 5031 Socordia
865 4967 916 5025 est
944 4974 1129 5046 quaerere,
1161 4951 1206 5017 ad
1236 4970 1342 5039 quem
1367 4967 1471 5014 usum

496 5063 639 5142 condita
658 5061 729 5130 sint
754 5051 929 5128 absinthia
961 5067 996 5125 et
1022 5043 1196 5144 κιχώριαε
1242 5070 1307 5117 nec
1328 5045 1471 5146 intueri

477 5174 620 5248 linem,
644 5162 688 5230 ad
704 5182 807 5251 quem
823 5158 936 5226 multo
960 5153 1094 5222 maiore
1110 5163 1184 5220 arte
1208 5143 1370 5219 homines
1385 5167 1471 5215 con·

495 5273 561 5344 diti
578 5275 672 5336 sunt.
704 5257 954 5330 Remediorum
970 5254 1069 5345 copia
1084 5266 1118 5323 et
1133 5247 1337 5322 distributio
1351 5259 1470 5316 osten-

494 5377 546 5446 dit
564 5365 752 5439 hominum
770 5357 875 5425 vitam
891 5354 967 5426 Deo
981 5378 1084 5426 curae
1100 5375 1185 5424 esse.
1229 5348 1299 5421 Sed
1315 5370 1379 5419 cur
1393 5346 1471 5416 vult

493 5475 588 5548 Deus
603 5461 736 5539 servari
754 5454 937 5528 homines?
970 5453 1124 5526 Tantum
1137 5476 1183 5521 ne
1198 5451 1278 5521 ideo
1288 5503 1298 5535 ,
1308 5464 1359 5521 »ut
1373 5449 1470 5517 frua-

494 5572 634 5646 mariis
650 5558 904 5653 voluptatibus,
928 5577 1013 5647 quas
1026 5555 1174 5625 maxima
1189 5574 1270 5643 pars
1284 5545 1469 5620 hominum

495 5679 584 5749 solas
607 5664 760 5759 expetit?
799 5658 876 5729 lmo
905 5667 1210 5747 propteraecausam
1243 5646 1336 5722 hanc
1360 5671 1468 5719 unam

495 5775 652 5848 omnium
669 5762 877 5842 maximam,
902 5779 976 5829 sese
992 5769 1032 5829 ut
1048 5755 1153 5827 nobis
1168 5750 1412 5871 compnunic‘et,
1436 5762 1470 5819 et

1052 678 1210 758 naen.
1243 678 1317 754 nn
1357 676 1690 754 numerale
1723 663 1833 755 usu
1865 702 1948 756 arc.

2432 689 2508 761 222

1527 851 1633 919 simul
1649 850 1771 936 vitam,
1795 851 1921 936 lucem,
1943 854 2151 945 sapientiam
2169 869 2203 926 et
2219 855 2394 925 iusticiam
2411 878 2509 925 suam

1527 952 1565 1018 iu
1590 975 1655 1018 nos
1677 964 1816 1041 spargat
1835 952 1873 1020 in
1898 966 1969 1024 tota
1991 957 2213 1038 aeternitate,
2246 958 2341 1047 quod
2367 955 2508 1046 quidem

1525 1052 1609 1121 facit
1628 1050 1667 1118 in
1689 1052 1901 1139 cogitatione
1922 1068 2041 1126 nostra
2063 1057 2108 1125 de
2125 1056 2302 1126 creatione
2319 1068 2353 1125 et
2370 1058 2509 1125 redem-

1527 1151 1648 1242 ptione
1664 1174 1726 1241 per
1740 1152 1865 1224 filium.

1575 1268 1634 1339 Sic
1650 1268 1767 1362 inquit
1781 1268 1948 1357 Stigelius
1965 1270 2071 1358 etvir
2086 1283 2120 1341 et
2141 1276 2246 1362 poiita
2260 1274 2429 1361 optimus:

1635 1373 1881 1459 Praesentemque
1895 1378 1985 1437 refert
2003 1381 2151 1459 quaelibet
2164 1380 2257 1440 herba
2271 1378 2383 1443 Deum.

1525 1481 1596 1553 Sed
1613 1486 1783 1554 addamus
1799 1480 1864 1554 hos
1880 1508 2019 1553 versus:

1621 1590 1684 1655 Nec
1697 1589 1782 1653 Deus
1802 1591 1976 1658 ostenditur
1991 1603 2108 1653 tantum
2121 1578 2155 1653 ut
2170 1615 2295 1676 corpora
2309 1588 2403 1672 curet,

1675 1690 1736 1753 Sed
1751 1715 1804 1753 cur
1818 1697 1926 1755 serrari
1940 1713 1995 1754 nos
2010 1697 2083 1753 velit
2095 1713 2104 1755 s
2130 1697 2182 1753 ille
2197 1709 2310 1762 mouet.

1627 1790 1749 1855 Scilicet
1764 1806 1799 1855 ut
1814 1816 1876 1855 sese
1891 1796 1978 1855 nobis
1996 1799 2198 1856 communicet
2210 1800 2285 1875 ipse,

1675 1890 1800 1974 Semper
1815 1907 1844 1955 et
1859 1908 1893 1956 nt
1907 1899 2009 1956 vivant
2023 1908 2143 1976 pectora
2158 1899 2248 1976 plena
2259 1892 2337 1955 Deo.

1624 1990 1713 2055 Tunc
1725 2006 1825 2055 autem
1841 1997 1874 2054 in
1888 1998 1974 2056 nobis
1989 1996 2097 2076 fulget,
2123 2008 2195 2057 tunc
2209 2008 2329 2077 pectora
2345 1998 2484 2074 complet,

1674 2092 1761 2157 Mens
1776 2100 1828 2176 pia
1842 2116 1912 2155 cum
1931 2096 2019 2156 discit
2032 2117 2156 2157 munera
2169 2118 2257 2158 nosse
2268 2093 2343 2157 Dei.

1523 2202 1635 2296 Saepe
1651 2228 1732 2273 cum
1748 2205 1891 2274 intueor
1906 2204 2074 2275 luctantia
2093 2199 2281 2294 pharmaca
2305 2230 2386 2276 cum
2405 2226 2509 2272 mor·.

1524 2306 1589 2388 bis,
1606 2306 1720 2394 cogito
1734 2306 1777 2374 de
1789 2305 1902 2374 causis
1916 2328 1980 2374 cur
1994 2299 2157 2374 homines
2172 2307 2306 2376 conditi
2319 2307 2403 2391 sint,
2423 2302 2505 2373 L'n-

1523 2407 1567 2475 de
1587 2401 1673 2475 haec
1697 2418 1793 2475 tanta
1817 2405 1862 2474 sit
1884 2419 1955 2475 tam
1971 2405 2181 2495 praestantis
2195 2420 2340 2476 naturae
2353 2403 2504 2473 infirmi-

1525 2506 1599 2575 tas?
1624 2530 1731 2599 quare
1745 2528 1843 2575 mors
1856 2506 1896 2573 in
1917 2501 2009 2574 hanc
2023 2506 2090 2576 Dei
2108 2504 2296 2595 imaginem
2319 2519 2505 2595 grassetur,

1525 2606 1598 2678 Cur
1619 2608 1664 2676 ad
1686 2619 1822 2698 tempus
1846 2606 1884 2673 in
1907 2601 1973 2676 hac
1991 2606 2063 2676 vita
2089 2628 2155 2676 nos
2179 2607 2258 2676 cibo
2285 2620 2318 2677 et
2338 2604 2504 2698 remediis

1523 2719 1653 2791 servet,
1679 2708 1858 2799 quomodo
1873 2729 1938 2776 nos
1952 2729 2015 2796 per
2029 2708 2141 2777 filium
2156 2706 2339 2777 restituat?
2370 2701 2424 2774 De
2447 2696 2504 2769 his

1525 2810 1628 2874 rebus
1644 2807 1804 2874 maximis
1818 2807 1923 2875 simul
1939 2830 2003 2875 nos
2017 2808 2252 2879 remediorum
2269 2803 2502 2878 consideratio

1525 2918 1557 2974 et
1572 2903 1757 2973 medicatio
1773 2906 2052 2977 commonefacit.

1626 3015 1717 3089 Cum
1741 3017 1850 3106 igitur
1872 3022 1915 3087 de
1936 3021 2121 3105 remediis,
2156 3036 2190 3091 et
2211 3025 2255 3091 de
2270 3036 2344 3092 arte
2365 3021 2504 3089 medica

1524 3120 1696 3204 dicimus,
1721 3140 1824 3208 saepe
1848 3117 2039 3206 repetimus
2061 3119 2254 3189 conditoris
2274 3121 2503 3202 mentionem,

1525 3235 1558 3289 et
1580 3220 1749 3298 dicimus,
1782 3218 1953 3309 adquam
1975 3238 2079 3286 usum
2105 3240 2180 3285 non
2203 3219 2318 3286 solum
2347 3218 2504 3287 remedia

1524 3319 1666 3390 condita
1681 3316 1763 3402 sint,
1779 3315 1958 3387 sedetiam
1975 3312 2160 3388 homiuum
2176 3331 2320 3388 natura:
2347 3332 2388 3388 ut
2403 3340 2505 3410 saepe

1525 3442 1590 3488 nos
1611 3417 1678 3509 ipsi
1693 3414 1769 3487 Deo
1794 3418 1831 3485 in
1857 3417 1999 3507 publico
2022 3432 2122 3488 coetu
2137 3419 2265 3508 gratias
2280 3442 2422 3508 agamus
2437 3442 2503 3509 pro

1524 3519 1690 3589 omnibus
1710 3516 1905 3588 beneficiis:
1934 3531 1969 3588 et
1982 3518 2158 3589 iuventuti
2171 3514 2368 3588 hortatores
2383 3519 2506 3602 simus,

1524 3632 1564 3689 ut
1585 3620 1629 3686 de
1645 3615 1743 3702 Deo,
1768 3617 1862 3686 etde
1886 3616 1962 3687 eius
1982 3617 2160 3689 beneficiis
2182 3618 2320 3708 saepius
2340 3618 2505 3708 cogitent,

1524 3717 1614 3806 grati
1635 3740 1715 3786 eum
1740 3717 1934 3802 celebrent,
1961 3731 1995 3788 et
2017 3719 2092 3788 eius
2112 3719 2217 3786 donis
2239 3732 2331 3788 recte
2346 3731 2504 3790 utantur.

1523 3816 1577 3889 Sit
1599 3815 1708 3906 igitur
1728 3812 1814 3886 haec
1833 3818 1948 3908 prima
1976 3831 2010 3889 et
2038 3818 2226 3911 praecipua
2254 3842 2336 3909 pars
2364 3830 2504 3887 nostrae

1522 3918 1705 3996 orationis,
1728 3940 1834 4010 qnam
1851 3940 1914 3987 vos
1929 3943 2064 3989 mecum
2078 3919 2147 4011 piis
2160 3919 2337 3989 mentibus
2352 3919 2505 3987 recitate

1592 4056 1596 4071 ¹
1625 4031 1713 4101 Tibi
1728 4032 1951 4122 omnipotens
1964 4030 2071 4114 Deus,
2092 4035 2183 4117 vive,
2208 4035 2362 4126 sapiens,
2387 4057 2504 4117 verax,
2593 4079 2595 4083 ψ

1522 4131 1629 4214 iuste,
1661 4132 1834 4214 benefice,
1873 4146 1963 4203 caste
1991 4147 2024 4203 et
2047 4134 2247 4213 liberrime,
2278 4148 2418 4205 aeterne
2439 4157 2504 4224 pa-

1522 4246 1577 4300 ter
1595 4230 1740 4300 Domini
1764 4231 1877 4323 nostri
1901 4229 1979 4335 lesu
1996 4228 2148 4317 Christi,
2173 4235 2336 4304 conditor
2357 4234 2445 4303 coeli
2468 4246 2504 4300 et

1524 4345 1655 4408 terrae,
1677 4342 1711 4399 et
1724 4325 1929 4421 hominum,
1954 4356 2120 4423 unacum
2142 4333 2215 4401 filio
2235 4347 2295 4403 tuo
2318 4345 2501 4402 coaeterno

1522 4430 1679 4502 Domino
1698 4443 1819 4501 nostro
1837 4428 1915 4500 lesu
1930 4427 2071 4502 Christo
2095 4448 2129 4502 et
2143 4431 2278 4522 Spiritu
2296 4447 2356 4502 tuo
2381 4444 2502 4501 sancto

1522 4532 1634 4601 effuso
1664 4531 1703 4598 in
1734 4529 1942 4620 Apostolos,
1974 4535 2166 4622 paracleto:
2198 4533 2325 4620 gratias
2354 4533 2502 4621 agimus,

1522 4633 1618 4724 quod
1635 4631 1806 4699 immensa
1827 4631 2068 4703 misericordia
2084 4646 2117 4703 te
2132 4632 2322 4722 patefecisti
2346 4634 2384 4700 in
2407 4655 2504 4701 crea·

1521 4733 1639 4822 tione,-
1672 4731 1915 4822 redemptione
1940 4747 1974 4802 et
1995 4732 2259 4804 resuscitatione
2274 4733 2410 4822 generis
2432 4726 2502 4800 hu-

1523 4832 1630 4906 mani.
1680 4827 1727 4902 Et
1740 4833 1836 4924 quod
1854 4831 1892 4899 in
1911 4827 1977 4903 hac
1992 4833 2063 4905 vita
2079 4832 2215 4920 colligis
2238 4847 2413 4904 aeternam
2430 4827 2502 4900 Ec-

1522 4935 1673 5016 clesiam,
1686 4945 1733 5001 ·et
1747 4946 1786 5000 ut
1804 4932 1957 5021 colligas,
1982 4929 2170 5004 hominum
2186 4933 2293 5003 vitam
2311 4955 2439 5010 servas,
2467 4946 2501 5001 et

1521 5034 1583 5102 das
1595 5031 1870 5105 innumerabilia
1886 5032 2065 5122 beneficia,
2090 5048 2193 5124 teque
2207 5033 2298 5102 veris
2312 5032 2501 5122 gemitibus

1520 5156 1681 5215 oramus,
1715 5144 1754 5199 ut
1783 5131 1948 5223 deinceps
1979 5154 2120 5226 quoque
2151 5155 2287 5222 semper
2317 5135 2409 5204 inter
2435 5156 2500 5201 nos

1519 5243 1696 5302 aeternam
1720 5226 1912 5326 Ecclesiam
1941 5235 2168 5321 colligac,·et
2199 5255 2313 5304 serves
2336 5259 2375 5304 ac
2402 5255 2499 5320 regas

1519 5355 1585 5402 nos
1600 5345 1634 5402 et
1649 5330 1803 5401 familias
1825 5335 1975 5402 nostras.
2027 5332 2112 5405 Post
2132 5326 2224 5403 hanc
2247 5356 2499 5405 commemora·

1519 5433 1653 5505 tionem
1687 5433 1732 5501 de
1763 5428 1840 5502 Deo
1880 5433 2113 5524 adiungamus
2151 5426 2255 5505 etiam
2290 5432 2498 5525 particulam

1518 5532 1699 5604 doctrinae
1716 5526 1895 5626 physicae.

1619 5646 1849 5740 Amplissima
1880 5663 1933 5720 est
1959 5651 2129 5740 sapientia
2156 5652 2194 5718 in
2226 5647 2290 5716 hac
2316 5648 2496 5717 doctrina:

1519 5753 1580 5824 sed
1601 5774 1698 5822 nuuc
1721 5773 1944 5843 excerpamus
1964 5750 2172 5841 particulam
2194 5744 2432 5827 dulcissimam
2453 5754 2498 5821 de
