6025 6775
627 827 698 905 143

623 999 730 1071 nibus
759 990 859 1065 meis.
917 981 1020 1053 lubet
1053 975 1157 1045 etiam
1192 973 1349 1062 singulos
1379 971 1515 1044 interea
1546 994 1603 1042 re-

623 1119 782 1194 pugnare
799 1086 976 1162 erroribus
992 1090 1132 1148 streete
1148 1077 1260 1144 facere
1275 1073 1443 1159 officium,
1469 1071 1606 1146 etiamsi

625 1195 792 1271 humanis
816 1182 972 1259 consiliis
995 1191 1028 1247 et
1049 1170 1253 1259 laboribu's,
1277 1198 1391 1266 neque
1408 1173 1605 1255 mandaria,

627 1321 742 1391 nequa
771 1287 914 1361 dissidia
942 1280 1061 1351 omnia
1090 1278 1129 1345 in
1158 1271 1224 1345 hac
1249 1276 1376 1344 mundi
1402 1274 1608 1344 confusione

627 1400 707 1472 tolli
729 1402 884 1485 possunt.
935 1381 1007 1452 Nec
1030 1394 1148 1449 tamen
1175 1399 1316 1467 prorsus
1338 1391 1443 1446 erunt
1465 1374 1609 1445 inutilia

626 1500 766 1589 piorum
790 1485 992 1560 certamina.

726 1623 812 1697 Dixi
834 1624 878 1690 de
905 1615 1048 1685 iudiciis
1072 1608 1249 1681 Ecclesiae
1274 1608 1490 1676 brevissime.
1540 1604 1610 1675 Hic

626 1742 744 1801 autem
776 1727 821 1793 de
855 1719 970 1789 officio
1001 1713 1136 1807 politici
1166 1710 1389 1796 magistratus
1421 1704 1476 1775 his
1507 1706 1612 1775 annis

629 1853 730 1921 saepe
746 1822 904 1919 quaestio
920 1832 1014 1887 mota
1031 1826 1093 1884 est.
1145 1808 1255 1880 Recte
1275 1833 1319 1876 ne
1341 1809 1499 1875 fecerunt
1515 1804 1613 1875 Con·

630 1930 806 2004 stantinus
822 1938 856 1993 et
873 1915 1115 1995 Theodosius,
1139 1913 1233 2002 quod
1251 1908 1429 1978 idolorum
1445 1906 1610 1975 sacrificia

633 2022 918 2124 prohibuerunt?
968 2016 1139 2087 Rectene
1159 2011 1242 2079 fecit
1267 2024 1408 2077 senatus
1422 2006 1612 2077 Geneven-

632 2133 700 2216 sis,
725 2130 819 2222 quod
844 2123 1025 2193 Servatum
1045 2114 1172 2184 ultimo
1195 2111 1366 2199 supplicio
1388 2110 1525 2191 affecit,
1551 2106 1614 2198 qni

631 2246 783 2304 veterem
800 2218 1018 2296 Samosateni
1041 2213 1254 2302 impietatem
1271 2210 1472 2293 renovavit,
1499 2222 1533 2278 et
1551 2230 1615 2275 ne-

632 2333 725 2424 gavit
741 2321 853 2425 λόγον
869 2345 941 2392 esse
954 2307 1222 2411 ὑφιστάμενον,
1245 2325 1278 2380 et
1292 2311 1404 2378 filium
1412 2307 1481 2379 Dei
1496 2308 1629 2382 omni,

632 2446 812 2528 potentem
834 2422 929 2495 esse?
978 2416 1027 2487 Et
1051 2429 1172 2483 contra
1189 2413 1389 2481 universam
1403 2412 1614 2500 scripturam

558 2581 563 2603 .
631 2528 874 2626 propheticam
893 2534 926 2591 et
940 2517 1165 2611 apostolicam
1183 2512 1322 2602 negavit
1346 2512 1459 2582 filium
1474 2509 1543 2581 Dei
1558 2509 1615 2577 in·

634 2634 833 2705 vocandum
858 2646 941 2695 esse.

733 2764 788 2837 De
800 2757 857 2829 bis
871 2752 1135 2850 quaestionibus
1158 2749 1261 2838 plane
1283 2760 1317 2816 et
1332 2747 1408 2814 sine
1422 2746 1495 2815 ulla
1511 2744 1617 2814 dubi-

634 2867 768 2940 tatione
805 2859 1017 2949 respondeo,
1055 2850 1295 2937 magistratum
1327 2847 1510 2938 politicum
1542 2869 1616 2914 non

635 2991 708 3040 esse
730 2958 1000 3040 armentarium,
1029 2967 1064 3024 et
1086 2963 1223 3020 tantum
1255 2971 1374 3037 pacem
1399 2960 1433 3016 et
1458 2947 1616 3035 corporis

635 3073 729 3140 bona
743 3062 834 3135 tueri
850 3061 996 3140 debere,
1022 3055 1111 3122 sieut
1129 3049 1231 3118 multi
1256 3048 1387 3116 insulse
1409 3047 1617 3138 loquuntur,

635 3172 697 3242 sed
722 3188 794 3235 esse
816 3161 1018 3230 ministrum
1044 3153 1130 3241 Dei,
1157 3163 1192 3220 et
1213 3148 1416 3237 disciplinae
1439 3146 1617 3216 custodem

636 3273 734 3342 iuxta
750 3279 924 3352 utranque
940 3254 1096 3342 decalogi
1111 3248 1281 3321 tabulam.
1332 3246 1433 3318 Sicut
1449 3260 1565 3315 autem
1581 3247 1619 3313 in

638 3369 796 3465 qualibet
818 3375 893 3432 arte
912 3357 1067 3448 primam·
1079 3361 1217 3441 oportet
1239 3371 1359 3418 euram
1376 3371 1448 3416 esse
1465 3346 1620 3431 artificis,

638 3485 681 3542 ut
706 3479 817 3537 artem
843 3482 948 3554 quam
977 3466 1110 3524 exercet
1141 3450 1333 3538 intelligat,
1366 3450 1415 3518 sie
1438 3450 1552 3539 prima
1574 3447 1620 3518 sit

640 3592 724 3642 cura
746 3563 988 3653 magistratus,
1013 3568 1053 3624 ut
1070 3553 1181 3641 legem
1198 3551 1302 3634 sciat,
1328 3563 1363 3619 et
1379 3551 1464 3617 sciat
1478 3572 1551 3616 esse
1565 3570 1621 3617 sa-

640 3668 813 3765 pientiam
825 3661 892 3733 Dei
908 3660 952 3729 ad
974 3651 1041 3725 hoc
1062 3655 1176 3744 ipsum
1195 3652 1398 3742 patefactam
1416 3649 1536 3738 generi
1553 3645 1621 3716 ltu-

641 3792 771 3853 mano,
795 3780 835 3835 ut
855 3764 900 3832 sit
922 3756 1162 3831 testimonium
1186 3756 1229 3822 de
1248 3750 1345 3836 Deo;
1381 3752 1467 3820 sciat
1489 3764 1525 3819 et
1545 3743 1624 3831 hoc,

523 3888 531 3897 ‘
642 3893 716 3944 sesa
730 3890 850 3938 vorem
866 3862 932 3933 Dei
950 3882 1022 3929 esse
1044 3858 1081 3924 in
1097 3857 1170 3944 lege
1195 3853 1442 3944 proponenda,
1469 3865 1502 3919 et
1519 3848 1625 3918 disci-

643 3973 779 4066 plinam
794 3979 937 4058 propter
952 3959 1098 4050 gloriam
1115 3954 1181 4026 Dei
1198 3955 1365 4026 tuendam
1382 3974 1466 4020 esse.
1502 3949 1623 4019 Altera

643 4097 727 4148 cura
750 4070 815 4152 sit,
840 4078 880 4134 ut
903 4083 1048 4152 corpora
1071 4059 1247 4127 defendat.
1302 4051 1386 4122 ldeo
1407 4049 1625 4119 severissime

642 4170 814 4267 praecipit
835 4168 892 4236 lex
920 4162 1041 4233 divina
1065 4162 1109 4229 de
1133 4154 1323 4251 puniendis
1355 4146 1569 4243 blasphemis
1592 4161 1628 4219 et

642 4272 807 4372 periuris.
839 4269 844 4279 '

743 4406 817 4478 Nee
849 4402 911 4471 illa
940 4394 1124 4468 barbarica
1154 4390 1328 4461 excusatio
1359 4387 1537 4456 audienda
1566 4398 1629 4468 est,

644 4516 738 4599 leges
752 4510 830 4576 illas
845 4501 1019 4593 pertinere
1033 4497 1083 4565 ad
1093 4488 1475 4597 politiam'Mosaicam,
1493 4510 1568 4557 non
1583 4486 1626 4556 ad

644 4626 793 4679 nostras.
840 4602 888 4674 Ut
902 4599 1088 4686 decalogus
1103 4595 1177 4684 ipse
1194 4592 1237 4658 ad
1254 4613 1377 4658 omnes
1392 4589 1554 4680 pertinet,
1578 4587 1626 4656 ita

645 4711 752 4780 iudex
780 4705 912 4795 ubique
943 4700 1064 4770 omnia
1091 4691 1249 4777 decalogi
1272 4690 1386 4758 officia
1416 4690 1455 4757 in
1488 4701 1629 4758 externa

648 4802 835 4896 disciplina
849 4815 1001 4872 tueatur.
1053 4793 1146 4864 Sunt
1161 4801 1276 4860 autem
1300 4782 1539 4878 blasphemiae
1555 4811 1630 4856 ma-

646 4910 773 4980 nifesta
796 4899 973 4971 invocatio
997 4894 1195 4977 idolorum,
1219 4889 1390 4982 professio
1415 4890 1631 4978 dogmatum,

649 5034 739 5105 quae
759 5004 947 5078 adfirmant
966 4996 1101 5090 aliquid
1125 5018 1199 5066 esse
1212 4991 1347 5076 Deum,
1372 4992 1468 5083 quod
1492 5003 1632 5060 nonest

648 5110 765 5195 Deus,
789 5118 851 5177 aut
873 5124 964 5197 quae
977 5093 1171 5170 detrahunt
1186 5095 1411 5166 autoritatem
1438 5090 1491 5159 illi
1511 5114 1632 5180 perso-

621 5257 624 5261 ·
650 5235 736 5290 nae,
763 5218 919 5300 quaeest
936 5215 1063 5274 natura
1079 5197 1186 5281 Deus,
1211 5210 1251 5265 ut
1266 5209 1348 5266 stant
1364 5189 1546 5283 Epicurei,
1572 5206 1633 5262 aut

648 5304 840 5406 Pyrrhonii
858 5306 1013 5384 furores,
1035 5313 1097 5372 aut
1111 5296 1350 5380 samosateni,
1375 5307 1436 5364 aut
1450 5287 1634 5363 Manichei

651 5412 891 5484 deliramenta.
936 5403 984 5473 Ut
997 5400 1106 5488 igitur
1119 5399 1175 5466 lex
1188 5396 1285 5463 iubet
1300 5395 1402 5463 irasci
1419 5395 1561 5476 talibus,
1585 5391 1634 5463 ita

651 5513 874 5603 magistratus
897 5503 941 5572 sit
959 5500 1040 5567 viva
1057 5498 1131 5579 lex,
1157 5519 1236 5563 vere
1252 5495 1370 5564 doleat
1393 5508 1536 5586 propter
1557 5491 1635 5578 glo·

651 5617 741 5687 riam
763 5606 853 5689 Dei,
877 5628 917 5672 ac
938 5598 1080 5670 ardenti
1099 5591 1239 5666 Nemesi
1260 5596 1471 5664 accendatur
1490 5596 1536 5663 ad
1564 5591 1633 5660 tol-

651 5718 756 5789 lenda
773 5711 834 5780 illa
850 5698 1083 5782 catharmata,
1108 5719 1197 5790 quac
1211 5692 1328 5764 Deum
1343 5692 1537 5765 manifestis
1550 5713 1636 5761 con·

1170 800 1332 875 DECL.
1363 798 1438 872 DE
1471 796 1719 877 IUDICllS
1752 796 2090 879 ECCLESIAE.

2541 828 2547 848 ·
2563 803 2637 880 144

1659 995 1786 1041 namm
1803 971 1961 1063 exempla
1975 970 2109 1045 vident.
2159 969 2230 1042 Sed
2243 996 2317 1044 non
2332 975 2558 1065 spectandum
2574 986 2637 1059 est,

1660 1072 1747 1167 quid
1761 1072 1842 1157 fiat,
1868 1074 1929 1141 sed
1951 1072 2037 1165 quid
2054 1070 2129 1142 fieri
2142 1071 2277 1141 debeat.

1762 1185 1840 1257 Etsi
1862 1200 1978 1257 autem
1999 1182 2106 1257 huius
2132 1201 2273 1258 nostrae
2295 1190 2491 1259 sententiae
2512 1191 2640 1260 veritas

1662 1289 1846 1357 manifesta
1863 1304 1925 1371 est,
1950 1301 2067 1357 tamen
2083 1289 2186 1359 multi
2203 1289 2265 1380 qui
2280 1289 2348 1357 sibi
2360 1288 2540 1358 licentiam
2557 1313 2643 1360 ron·

1662 1390 1741 1459 cedi
1757 1390 1882 1458 volunt
1898 1389 2047 1458 ludendi
2064 1389 2293 1478 opinionibus
2305 1392 2349 1458 de
2365 1389 2463 1472 Deo,
2487 1403 2527 1460 ut
2543 1391 2644 1470 libet,

1663 1504 1850 1580 opponunt
1873 1490 1987 1558 varias
2016 1487 2266 1560 cavillationes.
2323 1488 2484 1559 Primum
2507 1490 2645 1578 dicunt,

1663 1592 1902 1678 magistratum
1925 1613 1998 1658 non
2013 1612 2114 1679 posse
2129 1592 2256 1680 punire
2267 1590 2494 1679 cogitationes
2505 1593 2646 1676 neentis,

1664 1691 1866 1781 praesertim
1883 1715 1962 1757 curn
1984 1714 2049 1759 nec
2065 1694 2149 1760 dare
2172 1692 2414 1761 adsensionem
2433 1692 2559 1783 possit,
2585 1692 2646 1762 cui

1664 1804 1869 1880 argumento
1884 1814 1966 1859 vere
1981 1792 2032 1860 sic
2049 1793 2336 1882 respondendum
2352 1805 2412 1865 est.

1765 1905 1993 1995 Magistratus
2008 1919 2151 1978 externa
2168 1910 2295 1980 delicta
2318 1910 2461 1997 puniat,
2487 1922 2528 1978 ut
2542 1909 2647 1977 adul·

1664 2008 1770 2093 teria,
1796 2031 1870 2076 non
1893 2008 2061 2077 interiora
2079 2009 2254 2078 incendia.
2305 2008 2364 2080 Sic
2388 2023 2421 2079 et
2437 2011 2529 2080 dicta
2550 2009 2647 2079 hlas-

1664 2105 1811 2199 phema,
1835 2132 1909 2176 non
1923 2109 2045 2179 tacitas
2061 2110 2171 2177 animi
2186 2110 2425 2199 cogitationes.

1767 2225 1817 2299 At
1831 2252 1936 2298 nemo
1953 2241 2066 2319 potest
2081 2230 2239 2299 iudicare
2255 2254 2295 2300 ea
2310 2254 2401 2323 quae
2416 2254 2490 2300 non
2512 2230 2648 2300 intelli-

1666 2329 1735 2419 git,
1758 2341 1800 2398 ut
1815 2352 1895 2398 vere
1911 2329 2061 2399 dicitur:

1770 2440 1923 2523 μηδέποτε
1944 2442 2053 2523 κρίνειν
2072 2437 2254 2524 &uiperae
2274 2440 2392 2527 ἄνδρας
2413 2438 2522 2519 ἐάσεις.

1666 2540 1714 2614 Et
1736 2540 1805 2613 hoc
1828 2546 1905 2635 ipso
1930 2543 2087 2633 tempore
2102 2545 2224 2615 dicunt
2247 2547 2379 2614 armari
2399 2559 2433 2615 et
2456 2547 2535 2616 acui
2556 2546 2649 2616 sevi-

1667 2645 1755 2713 ciam
1781 2658 2036 2739 tyrannorum,
2062 2645 2124 2737 qui
2147 2660 2228 2715 sunt
2251 2641 2368 2715 hostes
2388 2643 2593 2736 Evangelii,
2617 2646 2650 2715 si

1668 2744 1814 2827 audiant
1829 2747 1935 2815 armis
1952 2745 2120 2845 tuendam
2139 2766 2212 2814 esse
2228 2748 2436 2821 doctrinam.

1769 2860 1842 2931 Nos
1860 2886 1943 2931 vero
1967 2875 2076 2940 metas
2100 2884 2180 2931 suas
2195 2885 2297 2933 nosse
2318 2878 2351 2933 et
2373 2863 2550 2934 custodire
2573 2886 2651 2933 ma-

1668 2964 1850 3053 gistratum
1886 2962 2067 3046 volumus,
2102 2974 2143 3032 ut
2169 2962 2208 3031 in
2234 2964 2377 3034 caeteris
2405 2964 2517 3033 causis
2544 2987 2651 3038 nemo

1669 3065 1744 3132 sine
1767 3062 1921 3151 legitima
1944 3063 2145 3150 cognitione
2170 3055 2374 3153 puniendus
2390 3078 2458 3149 est,
2482 3066 2532 3133 ita
2547 3087 2652 3153 prae-

1669 3165 1771 3256 cipue
1795 3176 1893 3232 curet
1913 3164 2135 3252 magistratus
2156 3164 2195 3231 in
2210 3189 2248 3233 re
2267 3178 2367 3234 tanta
2382 3164 2549 3234 constitui
2563 3165 2653 3254 legi-

1672 3265 1755 3333 tima
1771 3258 1948 3333 Ecclesiae
1964 3264 2106 3335 iudicia.
2141 3261 2392 3334 Convoeentur
2407 3263 2559 3358 Synodi,
2578 3288 2653 3335 non

1671 3364 1786 3463 qualis
1808 3378 1860 3435 est
1889 3365 1950 3434 illa
1973 3362 2118 3435 Cleonis
2146 3368 2239 3456 apud
2265 3361 2554 3456 Aristophanem,
2588 3364 2654 3436 ubi

1672 3466 1829 3535 considet
1844 3467 1964 3535 ovium
1981 3468 2122 3551 concio,
2149 3482 2183 3537 et
2198 3469 2344 3538 balaena
2357 3467 2529 3557 praesidet
2541 3487 2653 3554 grun-

1672 3566 1788 3635 nitum
1811 3567 1917 3633 edens
1939 3567 2054 3654 porci,
2081 3580 2117 3635 et
2139 3582 2263 3637 tenens
2285 3569 2455 3638 trutinam
2469 3590 2510 3637 ac
2531 3589 2653 3659 preco·

1671 3688 1752 3733 nem
1777 3659 1970 3745 adhibens,
1997 3664 2058 3754 qui
2082 3678 2187 3753 capnt
2206 3662 2314 3734 habet
2332 3661 2511 3758 κόρακος,
2537 3680 2654 3738 scunt

1672 3763 1875 3836 Alcibiades
1891 3763 2046 3848 dicebat,
2067 3759 2296 3858 τραυλίζων,
2322 3759 2487 3844 κόλακος.

1775 3877 1871 3950 Haec
1894 3881 2111 3952 conveniunt
2131 3883 2179 3950 ad·
2198 3880 2445 3951 Tridentinam
2468 3878 2657 3975 Synodum

1675 3983 1813 4064 omnia,
1837 4006 1944 4074 quam
1966 3980 2129 4051 Pontifex
2149 3983 2296 4053 balaena
2318 3984 2480 4073 regebat,
2505 3982 2657 4072 gronni-

1676 4099 1751 4155 tum
1775 4083 1871 4172 porci
1894 4084 2019 4166 edens,
2052 4097 2085 4152 et
2108 4100 2297 4174 praecones
2324 4098 2424 4155 erant
2445 4075 2598 4177 κόρακες
2621 4097 2657 4155 et

1676 4177 1829 4263 κόλακες
1844 4177 2008 4252 monachi
2028 4196 2062 4254 et
2078 4198 2318 4258 assentatores.
2368 4184 2450 4255 Non
2471 4185 2542 4255 sint
2559 4183 2658 4254 iudi·

1676 4308 1732 4356 ces
1747 4285 1882 4353 indocti
1897 4283 2059 4355 fascinati
2076 4287 2174 4356 falsis
2188 4287 2434 4379 opinionibus,
2459 4307 2582 4375 regum
2596 4298 2659 4356 aut

1678 4385 1776 4475 vulgi
1791 4377 1959 4469 κόλακες,
1987 4409 2061 4456 non
2082 4389 2258 4458 sudantur
2273 4392 2411 4459 decreta
2426 4385 2465 4455 in
2481 4386 2659 4457 centauri·

1678 4488 1728 4556 cis
1751 4485 1924 4556 conviviis
1945 4488 2066 4557 autin
2094 4489 2273 4580 gyneceis,
2306 4491 2365 4558 sed
2398 4490 2538 4578 regulae
2566 4487 2659 4577 regis

1680 4584 1844 4681 losaphat
1861 4586 2134 4687 obtemperetur„
2182 4589 2275 4661 Sunt
2296 4590 2334 4657 in
2358 4590 2535 4660 iudicibus
2550 4588 2660 4658 timor

1678 4689 1756 4774 Dei,
1780 4687 1926 4758 seientia
1941 4701 1975 4757 et
1988 4688 2171 4778 diligentia
2188 4691 2224 4759 in
2242 4692 2450 4778 cognitione.
2487 4688 2543 4760 Sit
2555 4689 2661 4759 etiam

1680 4792 1752 4879 ipse
1782 4790 2004 4878 magistratus
2031 4792 2229 4860 membrum
2260 4790 2456 4870 Ecclesiae,
2487 4790 2662 4882 intelligat

1680 4890 1892 4975 doctrinam,
1907 4904 2005 4985 lamet
2020 4891 2215 4973 veritatem,
2239 4893 2377 4962 intersit
2392 4891 2600 4980 cognitioni,
2623 4903 2662 4962 ut

1680 4993 1872 5062 adfuerunt
1887 4989 2160 5078 Constantinus,
2184 4988 2429 5073 Theodosius,
2451 4991 2663 5074 Martianus,

1681 5093 1767 5163 sciat
1790 5115 1826 5161 se
1851 5092 2047 5182 praesidere
2065 5117 2140 5163 non
2164 5107 2204 5163 ut
2226 5095 2429 5183 balaenam,
2455 5094 2513 5161 sed
2535 5102 2576 5159 ut
2592 5089 2662 5160 Dei

1682 5193 1903 5273 ministrum,
1930 5207 1965 5263 et
1977 5194 2126 5283 gloriam
2140 5193 2207 5265 Ilei
2222 5197 2394 5266 omnibus'
2407 5193 2511 5263 rebus
2526 5191 2664 5261 antefe-

1682 5306 1754 5379 rat,
1787 5295 1909 5364 audiat
1932 5294 2108 5378 eruditos,
2139 5297 2240 5368 oedat
2269 5321 2352 5369 vera
2372 5289 2590 5375 dicentibus,
2622 5315 2665 5364 as

1682 5394 1840 5481 regulam
1857 5409 2040 5488 sequatur:
2078 5392 2214 5467 Omnia
2230 5400 2390 5491 probate,
2415 5393 2510 5488 quod
2527 5391 2665 5476 bonum

1684 5505 1885 5567 esttenete.

1784 5589 1876 5679 Cum
1908 5593 2017 5683 igitur
2043 5610 2126 5666 ante
2147 5620 2296 5687 poenam
2326 5593 2463 5665 institui
2485 5615 2606 5663 veram
2633 5608 2668 5666 rt

1684 5691 1779 5782 piam
1797 5691 2034 5783 coguitionem
2059 5709 2094 5765 et
2112 5697 2392 5766 admonitionem
2405 5693 2568 5778 velimus,
2593 5710 2669 5766 non

653 5812 810 5888 tumeliis
835 5804 1005 5878 afficiunt.
1055 5796 1182 5871 Minus
1211 5807 1399 5865 moventur
1428 5787 1497 5864 hoc
1528 5813 1637 5881 argu-
1685 5793 1811 5863 damus
1839 5815 1936 5865 arma
1965 5795 2107 5866 iniustis
2133 5795 2415 5883 magistratibus,
2447 5796 2508 5866 sed
2539 5817 2599 5866 eos
2623 5797 2669 5866 de

653 5929 774 5988 mento
796 5930 895 6003 reges
915 5919 951 5979 et
971 5901 1167 5999 principes,
1189 5896 1273 5993 quia
1285 5917 1399 5998 pauca
1413 5892 1537 5964 talium
1550 5915 1636 5985 poe·
1686 5894 1812 5969 ordine
1826 5894 2041 5969 iudiciorum
2057 5908 2092 5966 et
2105 5911 2301 5988 poenam
2314 5896 2663 5973 commonefacimus.
