6025 6775
1064 601 1214 678 687

1081 799 1168 869 pe
1199 797 1349 844 non
1385 766 1807 862 simpliciter
1838 778 2253 850 creaturam,
2302 765 2422 835 sed
2456 786 2648 835 novo
2681 763 2927 849 modo,
2961 761 3060 832 si·

1077 890 1198 949 cut
1259 873 1529 947 dicitur
1580 868 1920 941 Ieremiae
1964 870 2118 941 31.:
2210 851 2495 938 (3333νῆ
2519 862 2877 937 Dominus
2923 887 3060 934 no-

1081 1002 1254 1052 vum
1301 1001 1515 1067 super
1552 986 1853 1056 terram,
1935 967 2243 1039 foemina
2304 966 2752 1038 circundabit
2800 966 3061 1039 virum.

1084 1080 1309 1152 Ideo·
1287 1102 1434 1170 ipsa
1475 1073 1839 1165 conceptio
1892 1071 2170 1161 signum
2222 1070 2485 1141 dicitur
2510 1064 2762 1139 Esaiae
2790 1067 2861 1137 7.
2954 1066 3061 1137 De

1086 1183 1361 1275 Spiritu
1406 1202 1575 1246 vero
1634 1188 1874 1244 sancto
1929 1173 2237 1243 affirmat
2289 1171 2688 1267 symbolum
2752 1166 3058 1263 Aposto-

1084 1284 1344 1355 licum·
1395 1278 1798 1369 Conceptus
1852 1287 1957 1346 est
1987 1276 2075 1345 de
2102 1273 2377 1366 Spiritu
2409 1287 2674 1347 sancto.

1300 1400 1416 1471 10.
1475 1396 1615 1468 Sed
1667 1394 1743 1463 in
1788 1389 1922 1465 hac
1967 1394 2295 1465 societate
2337 1393 2554 1462 trium
2601 1411 3061 1485 personarum

1096 1506 1291 1574 filius
1332 1498 1466 1572 Dei
1519 1520 1909 1590 cooperans
1952 1498 2041 1568 ad
2088 1510 2315 1581 extra,
2374 1495 2513 1565 sibi
2560 1495 2695 1564 soli
2736 1494 2821 1563 ad
2877 1491 3063 1559 intra

1093 1606 1254 1676 unit
1308 1597 1823 1671 humanitatem
1872 1602 2348 1693 σωματικῶς,
2402 1597 2547 1666 sive·
2583 1593 3065 1689 personaliter,

1096 1705 1388 1776 vinculo
1416 1702 1902 1773 indissolubili
1929 1715 1997 1771 et
2015 1700 2350 1795 mysterio
2372 1698 2837 1776 abditissimo,
2872 1693 3063 1787 quod

1096 1809 1293 1879 nulla
1343 1819 1658 1875 creatura
1708 1804 2101 1895 perspicere
2152 1814 2400 1894 potest.
2477 1798 2825 1871 Diabolus
2872 1794 3063 1864 enim

1099 1911 1227 1982 etsi
1264 1934 1346 1977 ex
1380 1906 1745 1998 Scriptura
1780 1906 2021 1991 novit,
2076 1906 2267 1999 quod
2297 1902 2485 1971 filius
2513 1897 2648 1970 Dei
2690 1900 2785 1972 sit
2829 1899 3067 1966 incar-

1097 2026 1347 2091 natus,
1428 2022 1665 2078 tamen
1726 2007 2084 2102 quomodo
2148 2006 2557 2075 incarnatus
2612 2002 2705 2074 sit
2765 2002 3069 2092 ignorat,

1100 2138 1231 2185 nec
1274 2123 1505 2205 potest
1548 2110 1726 2179 illud
1764 2109 2169 2202 mysterium
2217 2100 2855 2197 comprehendere,
2915 2124 3069 2169 ma-

1100 2219 1290 2288 xime
1338 2236 1507 2283 vero
1553 2207 1928 2281 humiliato
1964 2205 2250 2279 Christo
2284 2232 2432 2277 non
2467 2206 2780 2296 agnoscit
2812 2200 3070 2274 Domi-

1101 2341 1275 2390 num
1306 2314 1610 2406 gloriae,
1661 2313 1822 2381 ideo
1854 2336 1937 2382 eo
1965 2312 2189 2401 magis
2218 2311 2393 2379 furit
2419 2322 2667 2378 contra
2700 2332 2885 2385 eum,
2938 2327 3070 2372 nec

1101 2432 1317 2491 cessat
1350 2418 1441 2486 ab
1470 2415 1604 2486 isto
1636 2414 1877 2485 furore
1897 2463 1917 2494 ,
1969 2413 2241 2484 etiamsi
2276 2434 2479 2503 saepe
2507 2410 2657 2480 eius
2686 2406 3072 2501 potentiam

1104 2521 1396 2602 sentiat,
1445 2541 1573 2588 suo
1604 2539 1863 2606 magno
1898 2539 2059 2584 cum
2106 2513 2332 2598 malo,
2384 2513 2482 2583 ita
2514 2511 2909 2583 incarnatio
2941 2507 3071 2576 filii

1106 2623 1247 2695 Dei
1277 2623 1355 2691 fit
1388 2617 1696 2688 Diabolo
1741 2617 1920 2708 lapis
1953 2615 2387 2698 offensionis,
2439 2610 2695 2706 Angeli
2740 2638 2904 2684 vero
2939 2608 3074 2682 Dei

1104 2729 1184 2795 in
1218 2724 1395 2794 illud
1429 2721 1927 2790 admirandum
1956 2718 2317 2811 speculum
2352 2717 2642 2787 unionis
2675 2715 3076 2808 prospicere

1108 2826 1442 2919 cupiunt,
1507 2846 1638 2893 nec
1685 2821 1936 2893 saciari
1979 2845 2060 2891 eo
2112 2833 2449 2912 poterunt
2498 2819 2575 2888 in
2621 2819 2822 2890 omni
2852 2830 3080 2889 aeter-

1108 2929 1350 3001 nitate.

2560 523 2567 528 ’
2616 525 3597 666 msrurA‘noNEs

4969 596 5128 675 658

3367 756 3487 837 15.
3575 756 3963 853 Prophana
4048 763 4267 855 igitur
4345 780 4450 840 est
4530 767 4776 860 opinio
4838 768 5132 860 fingere,

3161 859 3430 948 Deum,
3478 863 3677 934 velut
3718 863 4006 936 fabrum
4053 889 4096 936 a
4145 890 4277 939 suo
4318 867 4601 961 opificio
4617 918 4639 951 ,
4688 869 4877 942 intra
4906 894 5130 944 suum

3161 964 3364 1059 quasi
3399 965 3634 1036 cubile
3664 964 4081 1037 discessisse.
4179 966 4568 1042 Hominem
4604 995 4774 1042 vero
4804 985 4871 1042 et
4915 984 5126 1045 natu·

3165 1091 3316 1138 ram
3344 1066 3515 1137 ferri
3549 1067 3703 1138 sine
3732 1065 3927 1154 Deo,
3975 1082 4054 1138 ut
4081 1068 4380 1141 eiectum
4413 1073 4727 1164 lapidem
4762 1085 4952 1144 extra
4977 1098 5130 1143 ma-

3169 1193 3339 1239 num
3373 1167 3714 1244 iacientis.
3765 1165 3914 1241 Aut
3942 1169 4203 1259 fingere
4231 1165 4610 1252 hominum
4644 1196 4936 1264 prorsus
4970 1174 5133 1244 alli-

3173 1283 3407 1361 gatum
3451 1292 3599 1341 esse
3661 1268 3835 1342 loris
3893 1271 4357 1344 immutabilis
4408 1275 4881 1360 necessitatis,
4945 1277 5138 1348 inter

3169 1372 3397 1444 Deum
3445 1386 3513 1443 et
3552 1372 3892 1444 secundas
3935 1396 4198 1443 causas.
4297 1369 4447 1444 Aut
4488 1375 4756 1468 absque
4803 1378 5142 1449 secundis

3173 1473 3400 1544 causis
3446 1468 3811 1546 hominem
3853 1474 4138 1544 divinae
4180 1475 4676 1564 praescientiae
4719 1490 4792 1548 et
4836 1481 5139 1567 praede-

3169 1574 3573 1646 stinationis
3623 1574 3888 1646 catenis
3927 1575 4270 1661 aeternis,
4319 1599 4410 1645 ne
4452 1576 4740 1669 quidem
4784 1575 4937 1650 Deo
4983 1580 5135 1649 sol-

3173 1678 3419 1747 vendis
3464 1677 3772 1747 detineri
3819 1676 4282 1749 constrictum
4309 1729 4330 1759 ,
4388 1692 4460 1747 et
4514 1692 4939 1750 coarctatum
5005 1704 5133 1772 per

3173 1779 3411 1849 omnia
3443 1778 4009 1863 immutabiliter,
4042 1792 4124 1850 ut
4154 1778 4230 1846 in
4265 1772 4580 1848 Ecclesia
4611 1780 4896 1873 quidam
4926 1783 5131 1851 fana-

3173 1880 3339 1966 tici,
3388 1879 3711 1951 nolentes
3761 1880 3991 1960 videri
4032 1878 4294 1965 Stoici,
4355 1880 4751 1971 petulanter
4795 1896 4863 1953 et
4923 1883 5137 1973 impie

3173 1982 3488 2072 fingunt,
3540 1981 3851 2053 existunt
3892 2005 4062 2050 vero
4107 1980 4365 2053 Stoicis
4417 1981 4903 2075 multipliciter
4944 1985 5141 2056 dete-

3173 2082 3427 2154 riores:
3478 2082 3885 2174 praesertim
3921 2106 4084 2151 cum
4116 2083 4377 2154 diserte
4407 2085 4686 2167 dicant,
4735 2082 4962 2156 Deum
5012 2110 5136 2178 per

3174 2209 3245 2256 se
3275 2184 3640 2255 ordinasse
3671 2198 3739 2255 et
3773 2185 4326 2276 praedestinasse
4359 2186 4698 2255 immania
4729 2186 4979 2257 scelera
5000 2242 5022 2273 ‚
5061 2213 5139 2257 ac

3177 2290 3422 2358 eadem
3450 2286 3837 2375 etiamdum
3859 2285 4040 2354 velle
4063 2309 4222 2357 eum
4243 2310 4395 2357 non
4419 2300 4701 2360 tantum
4724 2286 5145 2380 permittere.

3181 2537 3502 2640 (LXV.)
3596 2542 4187 2632 Propositiones,
4281 2541 4375 2614 de
4451 2540 4716 2636 quibus
4798 2543 5153 2638 disputa·

3177 2654 3287 2722 vit
3327 2648 3710 2741 Magister
3764 2644 4376 2717 Tilemannus
4425 2642 4951 2719 Heslmsius
4987 2649 5153 2721 We-

3133 2788 3134 2791 *
3181 2750 3572 2836 sotiensis,
3618 2754 3927 2818 vocatus
3978 2744 4088 2818 ad

4127 2745 4749 2844 qubemationem
4774 2749 5151 2821 Ecclesiae

3184 2851 3697 2926 austuriensis.
3769 2847 4253 2946 1711εὸ33933,
4285 2869 4498 2922 anno·
4530 2847 4746 2924 1558.
4777 2848 4901 2923 die
4931 2856 5150 2945 quin-

3139 2964 3260 3029 io
3286 2956 3523 3041 Maii,
3594 2974 3736 3046 quo
3779 2959 3959 3022 ante
4024 2974 4264 3025 annos
4314 2950 4518 3027 1519
4558 2947 4765 3050 filius
4809 2953 4955 3027 Dei
5005 2952 5150 3026 ad-

1320 3046 1437 3120 11.
1506 3041 1699 3115 Haec
1748 3043 1923 3115 unio
1973 3043 2362 3135 personalis
2413 3044 2618 3113 nullo
2673 3044 2888 3112 modo
2940 3040 3083 3109 dici
3184 3053 3539 3131 mirando
3565 3052 3945 3146 triumpho
3974 3062 4372 3148 ,spectante
4400 3076 4675 3151 magno
4721 3063 4931 3128 0005„
4954 3058 5150 3149 Apo..

1117 3162 1346 3245 potest
1393 3148 1694 3233 creatio,
1746 3147 1911 3241 quia
1959 3146 2244 3237 propria
2287 3161 2390 3217 est
2433 3147 2562 3216 uni
2608 3158 2886 3214 tantum
2924 3164 3084 3233 per-

1114 3276 1364 3334 sonae,
1425 3265 1492 3322 et
1542 3273 1772 3345 neque
1818 3251 1895 3318 fit
1941 3250 2195 3319 ordine
2245 3246 2662 3337 creationis,
2719 3266 2951 3339 neque
3003 3267 3087 3313 ex

1116 3351 1369 3426 nihilo.

1326 3471 1446 3541 12.
1511 3467 1796 3539 Creatio
1844 3467 2035 3537 enim
2082 3481 2183 3537 est
2241 3491 2420 3559 opus
2485 3466 2807 3536 omnium
2868 3464 3087 3536 trium

1121 3591 1608 3665 personarum.
1706 3566 1816 3637 De
1859 3582 2058 3658 patre
2105 3569 2297 3638 enim
2332 3571 2592 3640 diserte
2626 3567 2861 3662 inquit
2898 3591 3092 3661 sym·

1117 3671 1366 3744 bolum
1434 3665 1965 3761 Apostolicum:
2063 3666 2301 3739 Credo
2367 3673 2446 3739 in
2505 3667 2733 3739 Deum
2821 3664 3091 3760 patrem

1122 3775 1721 3865 omnipotentem,
1772 3783 2154 3841 creatorem
2190 3771 2364 3841 coeli
2400 3786 2471 3844 et
2513 3784 2763 3843 terrae.
2867 3768 2964 3841 Et
3007 3772 3094 3838 de

1116 3877 1267 3945 filio
1317 3871 1566 3945 Iohan.
1619 3876 1680 3942 1.
1728 3873 2022 3943 dicitur:
2107 3868 2377 3944 Omnia
2441 3898 2565 3965 per
2629 3875 2859 3964 ipsum
2913 3873 3094 3942 facta

1125 3992 1315 4051 sunt.
1417 3975 1526 4048 De
1560 3973 1836 4066 Spiritu
1867 3999 2035 4044 vero
2069 3989 2310 4046 sancto
2362 3975 2619 4046 Psalm.
2648 3975 2771 4048 32.
2804 3975 3095 4045 dicitur·

1122 4079 1363 4152 Verbo
1396 4075 1692 4148 Domini
1738 4078 1915 4148 coeli
1968 4078 2224 4148 firmati
2272 4093 2482 4165 sunt,
2533 4094 2601 4149 et
2631 4077 2907 4171 Spiritu
2951 4077 3097 4147 oris

1125 4184 1315 4266 eius,
1368 4180 1603 4251 omnis
1640 4180 1867 4250 virtus
1896 4204 2165 4255 eorum.

1332 4298 1451 4370 15.
1507 4293 1702 4368 Deus
1736 4295 2200 4388 igiturPater,
2229 4296 2462 4369 Filius
2497 4312 2565 4370 et
2595 4296 2905 4391 Spiritus
2935 4323 3099 4369 san-

1123 4416 1312 4474 ctus:
1367 4401 1617 4471 creatis
1661 4424 1743 4471 ex
1790 4395 2022 4469 nihilo
2047 4399 2242 4470 coelo
2275 4414 2346 4472 et
2376 4414 2584 4485 terra,
2635 4401 3099 4496 absolutoque

1129 4504 1327 4574 omni
1375 4517 1632 4574 ornatu
1680 4527 1928 4573 eorum
1973 4515 2040 4572 et
2082 4501 2367 4586 bestiis,
2420 4502 2680 4573 creavit
2714 4497 3099 4587 hominem,

1127 4609 1445 4675 formans
1494 4629 1653 4674 eum
1706 4630 1788 4674 ex
1832 4605 2008 4675 limo
2036 4617 2301 4689 terrae,
2353 4616 2421 4671 et
2452 4627 2534 4672 ex
2570 4597 2800 4673 nihilo
2832 4607 3104 4694 produ·

1126 4729 1291 4775 cens
1340 4707 1707 4796 spiritum,
1776 4706 2053 4778 inflavit
2099 4730 2261 4778 eum
2310 4706 2387 4775 in
2446 4704 2698 4775 faciem
2766 4706 2958 4789 eius,
3024 4718 3104 4775 ut

1127 4821 1305 4878 esset
1348 4808 1424 4874 in
1471 4807 1780 4875 animam
1824 4807 2223 4894 viventem,
2289 4807 2680 4878 secundum
2724 4806 3099 4897 imaginem

1127 4925 1198 4983 et
1234 4906 1780 4979 similitudinem
1830 4909 2018 4991 eius,
2071 4906 2294 4979 Evam
2347 4933 2521 4981 vero
2561 4908 2958 4979 aedificavit
2998 4932 3108 4979 se-

1128 5013 1445 5083 cundum
1479 5013 1773 5081 eandem
1831 5010 2214 5102 imaginem
2264 5037 2343 5083 ex
2378 5026 2569 5083 costa
2598 5011 2824 5105 ipsius
2852 5009 3108 5083 Adam.

1342 5146 1460 5220 14.
1529 5145 1935 5218 Secundum
1989 5142 2175 5219 hanc
2218 5148 2440 5240 igitur
2485 5146 2866 5239 imaginem
2894 5147 3108 5219 trini-

1136 5252 1338 5336 tatis,
1391 5249 1738 5330 vivimus‚
1792 5274 2163 5322 movemur
2200 5268 2266 5324 et
2302 5276 2544 5324 sumus
2570 5251 2651 5326 in
2681 5250 2884 5337 Deo,
2928 5251 3112 5324 sicut

1128 5367 1278 5426 tota
1327 5376 1565 5424 rerum
1617 5363 1868 5422 natura
1916 5366 1980 5422 et
2012 5356 2192 5422 ordo
2229 5367 2688 5425 conservatur
2714 5355 3108 5444 praesentia

1127 5470 1198 5528 et
1220 5456 1449 5527 libera
1476 5452 2106 5572 administratione
2131 5454 2416 5536 divina,
2468 5454 2612 5524 imo
2654 5479 2781 5546 pro
2814 5478 2939 5526 sua
2973 5456 3112 5526 mi·-

1124 5557 1513 5633 sericordia
1562 5568 1771 5647 auget
1824 5555 2224 5646 saepissime
2265 5570 2558 5627 naturae
2590 5557 2823 5640 bona,
2870 5573 3112 5630 osten·-

1124 5662 1238 5734 dit
1274 5662 1489 5734 etiam
1518 5684 1593 5731 se
1627 5682 1779 5731 non
1810 5670 2176 5785 praesente
2208 5672 2277 5733 et
2304 5658 2741 5750 gubernante
2784 5675 3108 5733 naturam

1131 5758 1321 5836 nibil
1362 5787 1588 5856 agere.

3237 3160 3595 3233 stolorum
3626 3166 3702 3229 et
3744 3154 4285 3250 discipulorum
4311 3161 4393 3230 in
4423 3160 4715 3230 coelum
4746 3158 5106 3231 ascendit.

3187 3298 3367 3382 Ideo
3395 3306 3590 3380 Deus
3618 3309 3947 3380 ordinem
3978 3310 4057 3378 in
4090 3322 4342 3381 natura
4361 3361 4386 3396 ,
4434 3323 4503 3381 et
4529 3310 4902 3382 ordinatos
4932 3326 5162 3383 motus

3148 3414 3149 3423 ’
3193 3428 3266 3485 et
3317 3413 3608 3484 effectus
3655 3410 4001 3497 instituit,
4065 3424 4136 3482 et
4191 3407 4470 3482 homini
4512 3411 4778 3486 indidit
4821 3427 5162 3502 mentem,

3194 3541 3374 3611 quae
3430 3515 3856 3605 intelligeret
3912 3538 4283 3599 numeros,
4345 3514 4710 3601 ordinem,
4773 3515 5159 3587 discrimen

3193 3614 3659 3688 honestorum
3703 3630 3770 3686 et
3814 3616 4171 3707 turpium,
4224 3630 4302 3685 ut
4348 3611 4467 3685 hic
4511 3616 4661 3707 ipse
4703 3618 4880 3688 ordo
4930 3632 5002 3690 et
5030 3614 5164 3689 hae

3196 3721 3501 3791 noticiae
3536 3720 3680 3788 sint
3712 3717 4113 3788 testimonia
4151 3719 4238 3786 de
4276 3718 4465 3810 ipso,
4514 3731 4583 3788 et
4612 3714 4991 3793 ostendant
5021 3744 5170 3791 esse

3198 3824 3474 3902 Deum,
3530 3833 3598 3890 et
3626 3822 3923 3890 doceant
3952 3818 4183 3914 qualis
4214 3819 4330 3905 sit,
4382 3833 4451 3890 et
4482 3821 4676 3915 quod
4705 3821 4796 3892 sit
4824 3845 5023 3892 mens
5052 3846 5186 3891 sa-

3200 3929 3439 4019 piens,
3490 3947 3734 4007 verax,
3781 3922 4013 4003 bona,
4071 3922 4419 4009 benefica,
4470 3921 4680 4008 iusta,
4731 3935 4939 4006 casta,
4993 3922 5158 3990 vin-

3141 4070 3142 4080 ι
3201 4031 3333 4098 dex
3372 4027 3740 4098 scelerum.

3402 4124 3560 4198 Etsi
3588 4138 3821 4195 autem
3862 4118 4037 4193 baec
4063 4123 4533 4196 consideratio
4565 4148 4751 4197 nunc
4794 4124 5169 4196 obscurior

3203 4244 3309 4302 est
3353 4227 3431 4297 in
3472 4221 3605 4297 hac
3652 4225 4157 4317 depravatione
4203 4243 4535 4313 naturae,
4596 4241 4827 4299 tamen
4869 4250 5018 4299 non
5061 4242 5170 4299 est

3204 4331 3646 4424 negligenda.

3405 4434 3479 4508 2.
3549 4430 3798 4503 Postea
3847 4429 4174 4522 patefecit
4217 4455 4290 4502 se
4332 4430 4912 4509 extraordinariis
4939 4432 5178 4527 operi-

3205 4539 3364 4616 bus,
3416 4549 3485 4604 et
3512 4533 3790 4605 addidit
3821 4556 4023 4604 suam
4054 4559 4325 4619 vocem,
4368 4546 4450 4603 ut
4479 4535 4908 4617 ostenderet,
4935 4534 5178 4607 Deum

3149 4700 3150 4708 ,
3207 4661 3355 4707 ιιοιι
3389 4660 3533 4706 esse
3564 4630 4012 4728 ἐντελέχειαν
4053 4635 4359 4705 infusam
4397 4636 4778 4723 creaturis,
4819 4636 5176 4729 alligatam

3211 4737 3438 4810 causis
3467 4738 3817 4824 secundis,
3865 4752 3947 4809 ut
3964 4735 4188 4809 Stoici
4232 4749 4302 4807 et
4333 4736 4459 4806 alii
4489 4736 4888 4825 finxerunt,
4935 4738 5062 4811 sed
5098 4751 5182 4809 ut

3210 4839 3523 4932 conspici
3571 4855 3837 4931 posset,
3892 4840 4118 4910 Deum
4165 4860 4311 4908 esse
4361 4837 4560 4908 aliud
4607 4862 4862 4933 agens,
4917 4838 5185 4913 distin.

3213 4960 3402 5015 ctum
3450 4967 3490 5011 a
3540 4941 3920 5024 creaturis,
3970 4940 4403 5034 intelligens,
4454 4941 4726 5013 bonum
4754 4957 4824 5016 et
4851 4942 5188 5027 liberum,

3153 5084 3155 5087 r
3212 5061 3280 5118 et
3311 5045 3502 5139 quod
3542 5044 3763 5137 possit
3796 5042 4005 5114 aliter
4030 5064 4266 5133 agere,
4319 5067 4536 5136 quam
4582 5044 4778 5119 cient
4801 5066 5184 5131 331133333-

3213 5150 3527 5228 cundae,
3582 5159 3652 5218 et
3689 5147 3952 5217 scirent
3997 5139 4326 5215 homines
4369 5148 4734 5240 quomodo
4761 5161 4832 5221 et
4859 5138 5182 5223 obtulit

3212 5250 3354 5324 sibi
3386 5249 3719 5340 colligere
3749 5262 4107 5320 aeternam
4135 5242 4551 5324 Ecclesiam.

3417 5353 3489 5424 5.
3555 5349 4025 5443 Agnoscenda
4071 5363 4174 5421 est
4202 5348 4423 5441 igitur
4447 5314 4862 5443 magnitudo
4885 5341 5182 5423 honita-

3214 5456 3308 5525 tis
3342 5450 3501 5539 Dei,
3528 5467 3598 5523 et
3625 5477 3789 5523 vera
3820 5452 4249 5545 gratitudine
4280 5451 4722 5537 celebranda,
4755 5448 4952 5545 quod
4977 5458 5186 5519 utro-

3217 5580 3355 5649 que
3382 5557 3595 5624 modo
3628 5578 3701 5623 se
3730 5555 4094 5647 patefecit,
4148 5555 4546 5628 ordinariis.
4557 5550 4926 5645 opmbus,
4971 5562 5194 5623 etex-

3181 5674 3326 5729 tra
3362 5654 3784 5743 ordinariis,
3837 5657 4212 5730 transfusis
4243 5657 4494 5729 radiis
4507 5676 4674 5739 31133
4697 5650 5112 5748 saptentiae
5119 5664 5200 5733 et

3219 5758 3549 5852 legibus
3527 5782 3605 5829 ιιι
3640 5773 3924 5837 mentes
3941 5754 4334 5843 humanas,
4389 5773 4458 5845 et
4483 5770 4786 5849 ostensa.
4811 5754 5226 5879 cremo*
5307 5868 5312 5873 Π
5361 5816 5368 5821 .
