6025 6775
551 606 625 684 sii
1319 588 1813 679 nisruririoatts
2440 623 2443 632 ,
2511 628 2588 711 sia

556 776 867 874 terpretationem,
887 776 957 846 lide
979 771 1149 855 formata,
1168 765 1208 839 id
1230 781 1301 856 est,
1323 781 1471 864 propter
1493 770 1553 842 di·
1601 786 1723 865 postea
1747 773 1886 867 integra
1906 792 2003 852 veste
2019 778 2182 861 iusticiae
2202 805 2238 865 et
2260 794 2381 869 salutis
2404 801 2521 876 amicti
2545 806 2586 877 in

558 882 751 956 lectionem
767 876 876 949 homo
893 877 1007 945 pum„
1023 884 1087 942 ω.
1345 905 1355 927 ι
1602 888 1675 949 tota
1688 877 1893 949 aeternitate
1909 881 2119 974 fulgeamus.

547 975 554 988 ¹
661 998 722 1069 3⁸·
754 980 1261 1078 Disceduntigigmchfiggo
1276 984 1495 1075 gtgpgub,
1519 1001 1555 1060 01
1703 976 1765 1052 to.
1805 975 1884 1072 lpse
1903 987 1989 1055 vero
2011 983 2172 1078 Sponsus
2203 1010 2342 1086 noster,
2379 1005 2588 1096 amplectens

562 1103 694 1174 nolunt
708 1118 782 1166 em
795 1090 961 1180 discipuli
975 1089 1072 1159 voci,
1086 1089 1241 1163 divinae,
1271 1085 1347 1159 No,
1361 1089 1554 1161 manemus
1602 1097 1686 1163 nos,
1709 1082 1900 1152 sacerdotis
1915 1085 2030 1157 officio
2048 1087 2209 1180 fungitur
2225 1097 2271 1189 in¹
2281 1114 2411 1173 ornatu
2429 1111 2588 1180 sacerdo-

562 1199 813 1296 pmprietatem
838 1190 1012 1262 sermonis
1034 1191 1112 1261 siue
1131 1185 1343 1283 sophistica,
1367 1213 1449 1261 cum
1472 1192 1556 1285 qni.
1602 1179 1686 1298 tali,
1711 1179 2292 1300 docetEyangeliumindeusque
2312 1205 2470 1293 aprima
2491 1230 2591 1279 reve-

564 1306 647 1375 gem
667 1301 743 1392 ipae
754 1290 1087 1367 Paulus‘addiderit
1110 1291 1323 1361 exclusivam
1345 1292 1556 1384 particulam
1602 1281 1738 1352 latione
1753 1280 2025 1374 promissionis,
2055 1296 2223 1370 sacrificat
2241 1323 2368 1372 cruore
2388 1299 2537 1378 madens
2558 1328 2593 1385 et

565 1404 711 1487 Gratias
736 1419 811 1466 non
827 1395 937 1485 igitur
952 1394 1060 1464 sentit
1072 1406 1219 1487 propter
1238 1392 1468 1464 dilectionem
1488 1388 1557 1464 ho.
1604 1382 1815 1454 sacrifieium
1829 1385 2028 1475 applicans,
2051 1411 2092 1461 ac
2110 1415 2245 1488 semper
2265 1426 2330 1493 pro
2352 1407 2460 1476 nobis
2482 1410 2594 1484 inter-

431 1554 435 1565 .
565 1508 680 1575 mines
696 1500 807 1570 iustos
821 1520 906 1568 esse.
1408 1523 1412 1530 ·
1528 1507 1532 1522 ¹
1605 1486 1733 1555 cedens
1749 1506 1890 1577 semper
1911 1510 2123 1561 conservans
2135 1491 2319 1590 Evangelii
2338 1506 2594 1597 ministerium,

436 3458 441 3465 ,
568 3369 670 3458 Deo,
693 3369 859 3441 invocare
874 3380 909 3439 et
924 3364 1071 3454 diligere
1088 3384 1187 3446 eum,
1214 3372 1248 3431 et
1266 3355 1398 3434 habere
1420 3364 1557 3435 honum

667 1616 730 1689 39,
764 1614 836 1688 Sed
850 1610 936 1684 huic
957 1601 1203 1703 tmggfnggonf
1227 1609 1381 1705 opponit,
1401 1608 1471 1683 hoe
1493 1614 1558 1682 de,
1605 1598 1641 1656 et
1656 1583 1827 1673 colligens
1841 1601 1875 1656 et
1890 1588 2084 1661 defendens
2098 1609 2274 1670 aeternam
2286 1600 2493 1685 Ecclesiam.

566 1734 719 1794 cretum:
759 1716 879 1788 Homo
912 1714 982 1784 fide
1014 1713 1227 1785 iustihcatur
1255 1713 1385 1805 gratis,
1423 1713 1462 1784 id
1494 1725 1557 1798 est,
1706 1683 1769 1757 47·
1789 1681 1936 1806 ‚Adfui
1968 1704 2004 1762 οἳ
2028 1687 2187 1781 4400104ἷο
2221 1716 2345 1775 000340
2375 1722 2416 1778 οῑ
2441 1709 2594 1805 simma,

567 1822 693 1894 fiducia
712 1816 974 1889 misericordiae
988 1827 1135 1907 propter
1147 1815 1391 1886 mediatorem.
1604 1781 1703 1905 [ΨΜ
1735 1809 1883 1906 ”mim
1926 1812 2098 1914 ⁸P⁰n⁸¹¹f¹¹
2130 1802 2360 1921 ⁸mPJ0¹¹⁰¹¹³i
2407 1824 2442 1881 el
2475 1816 2592 1887 vitans

670 1921 732 1995 40.
765 1918 862 1990 Haec
881 1918 969 1987 fides
987 1915 1232 2007 complectitur
1252 1937 1376 1985 omnes
1389 1915 1556 1988 articulos
1604 1886 2277 2018 ἓῙ1*Ῑ“ὀο”Ψ“3““’ΜῙΜΨΜΜ·
2326 1901 2374 1978 El
2388 1933 2593 2009 40004000

568 2024 669 2112 fidei,
690 2037 725 2095 et
740 2022 778 2091 in
795 2017 854 2091 his
869 2012 981 2089 huno:
1006 2014 1123 2088 Credo
1138 2016 1382 2087 remissionem
1395 2029 1558 2109 pcccato-
1604 2011 1645 2062 ¹⁰
1675 1982 1847 2107 ΜΨ
1879 1992 1983 2065 valde
2016 1996 2187 2121 10080100
2220 2016 2292 2090 000,
2315 2019 2365 2078 'el
2389 2011 2594 2103 ingentibus

568 2150 670 2211 rum,
708 2124 842 2195 scilicet
859 2142 935 2190 non
956 2118 1037 2187 aliis
1061 2130 1200 2189 tantum
1221 2116 1318 2204 dari,
1355 2114 1463 2189 Petro
1496 2130 1559 2190 aut
1604 2112 1783 2160 'mmm‘
1797 2106 1962 2212 ⁰⁰0¹³}³2
1988 2109 2022 2168 0¹
2044 2100 2231 2176 d¹³b0hci⁸
2242 2107 2437 2183 latrociniis
2451 2117 2594 2189 circun-

569 2226 709 2311 David,
732 2224 792 2294 sed
808 2215 898 2291 mihi
915 2243 1071 2314 quoque.
1605 2191 1708 2311 dalla3
1738 2202 1859 2263 tame¹¹
1880 2187 1942 2265 ¹¹¹⁰
1962 2219 2113 2317 8000000
2135 2225 2212 2276 0010
2238 2208 2440 2301 complexui
2463 2229 2596 2305 tuetur,

671 2341 733 2415 41.
766 2336 999 2409 Manifestum
1020 2348 1089 2421 est,
1118 2328 1390 2425 promissionem
1410 2334 1557 2406 univer·
1604 2312 1787 2410 mquam
1815 2290 1937 2385 Nm
1961 2312 2076 2391 “PM
2108 2327 2192 2377 (Μ’
2223 2330 2322 2379 “¹²³⁸
2357 2334 2398 2384 ⁶¹
2432 2320 2594 2391 ¹¹¹¹¹¹¹b¹¹⁸

571 2445 678 2518 salem
695 2463 789 2526 esse,
811 2452 846 2509 et
861 2436 1070 2507 mandatum
1088 2434 1154 2507 Dei
1176 2447 1362 2506 aeternum
1377 2449 1412 2507 et
1425 2435 1557 2505 immo-
1605 2413 1706 2467 '⁰⁰¹⁸‘

569 2562 647 2619 tum
678 2564 770 2623 esse,
806 2550 848 2610 ut
877 2558 1000 2608 omncs
1027 2536 1100 2606 filio
1121 2531 1190 2604 Dei
1209 2536 1451 2607 adsentiamur
1472 2559 1559 2627 pro·
1705 2487 1772 2609 ,48‘
1795 2486 2416 2625 ‚1¹¹h³⁰⁶d⁰¹⁰i⁸⁸im³¹plm¹3¹¹¹²ffl
2433 2520 2546 2605 0004ἷο
2560 2533 2596 2592 et

570 2644 728 2717 mittenti
747 2639 992 2713 remissionem
1013 2648 1255 2729 peccatorum,
1285 2637 1558 2728 imputationem
1604 2594 2008 2685 m⁰⁰²¹b¹¹⁸¹¹¹¹⁰⁰³m¹¹fi
2034 2613 2069 2671 ⁰¹
2085 2603 2279 2676 d⁰⁰¹¹¹¹¹¹¹¹¹
2294 2613 2339 2680 ¹¹0
2353 2615 2596 2692 fideexercea-

571 2746 760 2831 iustitiae,
788 2739 1034 2813 'donationem
1065 2735 1222 2830 Spiritus
1254 2738 1366 2810 sancti
1397 2752 1433 2812 et
1464 2738 1558 2811 vitae
1603 2714 1701 2864 mg
1712 2688 2434 2903 Segreggfflsl'sspfflffl‘,{affigi
2446 2735 2596 2913 litulphi:

570 2862 745 2920 aeternae.

672 2963 736 3039 42,
775 2961 854 3035 flac
875 2960 951 3054 gp„
974 2958 1044 3029 fide
1065 2970 1207 3050 peteme
1229 2969 1264 3029 et
1286 2955 1479 3051 accipiente
1499 2982 1558 3030 re.
1605 2914 1689 2964 suos
1703 2906 1824 2964 coetus
1840 2910 1968 2971 servet.

609 3057 666 3089 .·.
1105 3058 1153 3077 ‚‚
1284 3059 1326 3079 ,,
1669 3003 1673 3010 ’
1705 2991 1770 3069 49.
1801 2990 1895 3067 Gitat
1909 2994 2042 3069 Paulus
2057 3024 2099 3071 ex
2114 2999 2250 3078 Genesi
2264 3010 2400 3084 dictum
2415 3016 2459 3088 de
2471 3019 2592 3115 impu·

569 3086 775 3142 missionem
794 3075 1021 3181 peccatorum
1043 3071 1215 3179 accipitur
1229 3056 1385 3178 Spiritus
1405 3073 1558 3146 sanetus,
1604 3096 1755 3167 tatione,
1781 3091 1942 3170 credidit
1956 3095 2139 3172 Abraham
2155 3102 2251 3190 Deo,
2275 3127 2311 3183 et
2328 3130 2526 3208 reputatum
2540 3141 2593 3197 ω

571 3187 607 3246 ei
628 3168 671 3242 fit
691 3178 932 3256 regeneratio,
974 3173 1008 3231 ct
1031 3161 1138 3231 corda
1161 3184 1201 3228 in
1220 3160 1412 3250 pavoribus
1434 3175 1558 3246 erecta,

827 3265 837 3283 ,
928 3264 938 3282 .
1042 3262 1051 3279 .
1115 3260 1125 3279 .
1174 3260 1222 3278 ..
1454 3260 1476 3280 ,,
1606 3198 1640 3267 ei
1654 3198 1700 3267 ad
1714 3196 1902 3268 iusticiam.
1953 3198 2058 3272 Unde
2072 3208 2202 3278 extruit
2216 3203 2310 3282 hano
2324 3217 2523 3291 doctrinam
2537 3249 2596 3295 re.

569 3272 689 3364 agnita
717 3267 960 3337 misericordia
981 3261 1071 3347 Dei,
1113 3273 1292 3352 incipiunt
1319 3283 1356 3331 se
1386 3262 1557 3333 subiicere
1605 3298 1775 3369 missione
1790 3310 2012 3389 peccatorum
2026 3316 2061 3374 et
2076 3304 2311 3396 imputatione
2324 3332 2470 3412 propter
2483 3325 2594 3396 filium

1606 3401 1788 3471 credentes
1802 3400 1913 3470 iustos
1929 3423 2013 3485 esse,
2028 3427 2104 3475 non
2119 3423 2240 3482 nostra
2257 3413 2441 3509 dignitate,
2458 3425 2594 3498 etiamsi

1607 3501 1747 3570 novitas
1761 3492 1927 3572 inchoata
1942 3515 2005 3578 cit.

568 3585 744 3669 gruentcs.
897 3681 907 3700 ο
1177 3675 1189 3697 ⁶
1322 3678 1332 3696 ο
1429 3617 1433 3624 ’
1520 3676 1531 3697 ⁹
1709 3601 1772 3675 60.
1802 3599 1877 3671 Nec
1893 3603 2078 3676 omisimus
2091 3602 2184 3682 banc
2197 3614 2397 3690 doctrinam
2411 3623 2457 3693 de
2475 3624 2594 3720 impu-

671 3687 734 3763 ta.
766 3681 815 3756 Et
845 3682 990 3776 quidem
1014 3701 1211 3750 necessario
1234 3689 1494 3773 sequ1⁰l¹⁰¹¹0¹
1518 3703 1558 3747 ¹¹¹
1606 3697 1740 3771 tatione
1756 3701 1934 3782 iustitiae,
1959 3728 2026 3774 nec
2046 3710 2280 3787 omittendam
2306 3743 2380 3791 esse
2401 3747 2596 3803 censemus.

570 3789 801 3864 conversione
815 3780 954 3854 novam'
961 3780 1218 3865 obedientiam,
1243 3792 1277 3850 et
1295 3779 1470 3853 iusticiam
1490 3778 1558 3849 bo-
1607 3797 1656 3870 [Jt
1671 3800 1810 3891 fingunt
1823 3803 1936 3895 aliqui
1953 3799 2136 3881 hominem
2152 3813 2286 3890 iustum
2301 3842 2375 3892 ease
2388 3846 2506 3897 comm
2514 3826 2593 3900 Deo

568 3916 637 3985 nae
658 3887 903 3960 conscientiae.
961 3880 1062 3953 Sicut
1082 3880 1253 3972 scriptum
1276 3892 1345 3951 est:
1379 3876 1454 3968 Qui
1481 3903 1557 3948 non
1606 3912 1753 3992 propte„
1768 3906 1930 3994 propri„
1947 3906 2106 3982 virtutes·

535 3984 539 3991 ’
569 3992 707 4082 diligit,
732 4001 852 4058 manet
867 3987 906 4054 in
922 3997 1047 4057 morte.
1095 3977 1144 4053 Et
1159 3995 1278 4052 tamen
1295 4003 1378 4050 vera
1398 3993 1450 4050 est
1471 4003 1558 4072 pro-

541 4092 716 4190 positio:
747 4086 949 4161 Conversus
969 4098 1021 4155 est
1038 4084 1151 4156 iustus
1171 4095 1315 4176 propter
1329 4080 1556 4152 mediatorem
1668 4116 1672 4121 ·
1895 4071 1957 4142 De
1982 4071 2086 4147 bonit
2110 4078 2291 4171 operibus·

527 4279 533 4287 Ι
567 4198 638 4269 lide
650 4191 759 4284 gratis
772 4212 847 4259 non
862 4199 1007 4304 propter
1018 4186 1198 4304 propriam
1214 4185 1434 4304 dignitatem.
1456 4182 1559 4256 Sicut
1708 4197 1771 4273 61.
1806 4196 2020 4276 labamine
2044 4226 2167 4284 renato
2191 4237 2254 4307 per
2279 4217 2407 4309 tidem,
2436 4221 2594 4318 Spiritus

568 4297 823 4390 scriptumest:
857 4285 940 4360 Non
954 4288 1203 4359 iustificabitur
1224 4311 1263 4358 in
1283 4299 1474 4380 conspectu
1495 4299 1557 4358 tuo
1606 4298 2168 4397 mauginchoatohedfengam·
2215 4313 2270 4388 1)e
2283 4343 2354 4413 qm
2369 4316 2437 4396 hae
2457 4330 2595 4418 prmi-
2679 4318 2681 4321 ¹

567 4400 686 4474 omnis
701 4397 837 4468 vivens.
1607 4427 1697 4497 puae
1711 4417 1795 4476 sunt
1810 4406 2044 4499 quaestiones.
2080 4411 2181 4503 Quae
2197 4441 2304 4510 opera
2317 4424 2478 4499 iacienda
2496 4428 2595 4501 sint?

669 4513 734 4590 44.
771 4508 883 4605 Apud
905 4503 1048 4580 Esaiam
1072 4503 1219 4574 dicitnr:
1270 4501 1441 4575 Gaudent
1469 4528 1559 4594 gau-
1608 4505 1798 4594 Quomodo
1812 4507 1888 4576 fieri
1906 4510 2064 4600 possint?
2105 4513 2296 4603 Quomodo
2314 4525 2596 4618 placentum?

568 4621 660 4691 delio
676 4619 715 4686 iu
730 4612 905 4697 Domino,
931 4623 966 4681 et
986 4604 1159 4678 exultabit
1180 4601 1300 4674 anima
1323 4628 1402 4675 mea
1425 4605 1464 4673 in
1480 4602 1555 4676 Deo
1607 4618 1642 4676 et
1655 4608 1750 4700 quod
1766 4608 1811 4678 sit
1828 4609 2017 4680 discrimen
2033 4621 2282 4704 peccatorum?

567 4743 659 4789 aneo.
713 4714 808 4802 Quia
825 4711 945 4782 induit
960 4733 1016 4779 me
1037 4703 1255 4799 vestimentis
1278 4703 1417 4789 salutis,
1443 4717 1477 4775 et
1497 4718 1557 4777 tu·
1708 4701 1770 4776 62.
1809 4705 2040 4803 Philosophia
2063 4717 2224 4812 loquitur
2244 4724 2291 4792 de
2313 4739 2454 4799 externa
2483 4715 2594 4803 disci.

567 4820 648 4889 nica
661 4814 783 4886 salutis
798 4810 1020 4880 circundedit
1033 4831 1100 4878 me.
1151 4803 1312 4897 Ipscerit
1333 4804 1557 4899 sicutSpon-
1605 4805 1723 4898 plina,
1747 4811 1846 4878 etde
1869 4813 2124 4900 gubernatione
2147 4825 2324 4912 potentiae
2348 4827 2595 4913 locomotivae.

567 4943 627 4991 sus
642 4920 681 4989 in
696 4908 905 4988 sacerdotali
922 4922 1070 4997 ornatu,
1097 4918 1131 4976 et
1155 4920 1196 4976 ut
1217 4927 1345 4996 sponsa
1370 4921 1494 4980 ornata
1516 4910 1555 4978 in
1604 4904 1761 4978 Ecclesia
1791 4935 1875 4981 vero
1907 4937 1982 4983 non
2012 4929 2151 4990 tantum
2178 4925 2224 4993 de
2253 4928 2404 5000 externis
2425 4934 2595 5022 operibns

567 5022 641 5093 suis
658 5016 871 5097 monilibus,
897 5008 966 5082 erit
978 5004 1135 5079 Ecclesia
1149 5006 1325 5078 videlicet.
1604 5010 1854 5097 concionatur,
1894 5016 1955 5084 sed
1981 5017 2086 5088 etiam
2109 5023 2154 5091 de
2176 5024 2407 5100 interioribus
2428 5034 2595 5118 cultibus,

669 5116 731 5193 46.
763 5115 928 5188 Altirmat
945 5109 1013 5185 Dei
1032 5134 1122 5205 opus
1142 5124 1176 5182 et
1198 5109 1325 5201 iugens
1341 5108 1554 5180 beneficium
1586 5112 1649 5186 ,de
1671 5135 1753 5183 vera
1776 5115 2018 5204 invocatione,
2043 5117 2149 5207 Fide,
2177 5124 2269 5218 Spe,
2295 5129 2504 5216 dilectione,
2528 5157 2592 5226 pa.

566 5247 660 5309 esse,
685 5216 779 5291 hanc
794 5214 1137 5301 reconciliationem,
1162 5213 1433 5306 imputationem
1449 5212 1554 5313 iusti·
1602 5214 1748 5296 tientia,
1772 5216 1950 5302 castitate,
1975 5231 2012 5290 et
2028 5220 2108 5292 aliis
2123 5225 2324 5302 virtutibus.

563 5328 659 5409 ciac,
683 5337 719 5394 et
739 5318 968 5389 donationem
992 5315 1124 5387 salutis.
1174 5311 1310 5392 Vestit,
1335 5312 1472 5407 inquit,
1495 5338 1553 5385 me
1702 5311 1764 5387 53.
1795 5313 1841 5387 Et
1863 5330 2013 5413 utraque
2036 5346 2161 5416 opera,
2187 5342 2332 5402 externa
2358 5346 2394 5405 et
2418 5330 2591 5407 interiora

559 5408 955 5501 'vestimentoinatician
979 5415 1018 5483 in
1032 5409 1098 5483 hac
1112 5412 1184 5481 vita
1199 5412 1444 5504 imputatione,
1470 5439 1552 5485 cum
1601 5413 1854 5507 comprehensa
1878 5435 1961 5492 sunt
1983 5436 2079 5496 certa
2101 5450 2247 5518 norma,
2283 5434 2416 5507 scilicet
2439 5439 2593 5509 manda·

562 5553 631 5599 nos
655 5524 757 5621 quasi
779 5515 933 5589 involuti
956 5512 1165 5584 vulneribus
1185 5511 1251 5580 lilii
1274 5510 1362 5598 Dei,
1400 5516 1552 5606 tegimur
1601 5517 1646 5586 tis
1666 5517 1816 5603 divinis,
1856 5543 1947 5612 quae
1969 5526 2015 5594 ad
2038 5528 2242 5625 universam
2262 5528 2459 5608 Ecclesiam
2477 5540 2591 5632 perti-

561 5630 675 5721 ipsins
695 5622 852 5704 iusticia,
875 5629 910 5688 et
929 5617 969 5685 in
990 5609 1059 5683 hac
1078 5611 1283 5683 infirmitate
1304 5628 1450 5708 propter
1469 5639 1549 5688 eum
1600 5631 1696 5686 nent.
1745 5615 1820 5688 Nec
1834 5618 2016 5710 fingantur
2026 5629 2142 5702 cultus
2155 5626 2314 5707 humana
2328 5638 2488 5729 andacia,
2502 5641 2595 5714 sieut

560 5730 748 5819 placemus,
774 5739 809 5796 et
822 5719 930 5795 simul
947 5708 1091 5788 inchoat
1106 5711 1354 5787 navitatemin
1367 5716 1484 5804 nobis,
1509 5730 1550 5790 ut
1597 5716 1786 5808 scriptum:
1810 5717 1956 5798 Pmstra
1970 5728 2355 5813 coluntmammdffi,
2371 5736 2576 5821 hominm,

568 3472 808 3569 propositum,
846 3491 944 3561 spem
972 3478 1007 3536 et
1034 3464 1123 3534 alios
1151 3476 1269 3535 motus
1290 3463 1359 3554 legi
1380 3462 1448 3537 Dei
1471 3489 1557 3538 con.
