6025 6775
914 606 1065 678 613

2201 594 2725 678 PHILLPPI
2787 590 3689 700 MELANTHONIS.

4807 626 4960 702 614

913 778 1075 847 cum
1107 772 1254 844 filio
1288 768 1672 864 etSpiritu
1700 783 1943 842 sancto
1973 768 2295 840 condidit
2332 789 2579 840 omnes
2606 781 2881 841 creatu·
2979 766 3327 853 salvator,
3373 771 3629 841 merito
3682 784 3754 842 et
3796 774 4135 863 efficacia,
4187 804 4398 876 quem
4445 789 4719 862 utinam
4762 813 4947 872 reete

913 899 1062 965 ras,
1112 889 1183 946 et
1215 886 1587 946 conservat
1622 895 1861 945 earum
1893 869 2341 944 snbstantias.

1118 992 1192 1064 9.
1254 990 1486 1063 Filius
1517 1005 1839 1063 aeternus
1872 1001 1974 1058 est
2004 989 2311 1058 secunda
2342 1009 2640 1078 persona
2686 984 2879 1055 divi-

915 1095 1203 1179 nitatis,
1280 1117 1429 1163 non
1476 1104 1700 1163 creata
1746 1112 1829 1159 ex
1888 1083 2158 1175 nihilo,
2239 1090 2364 1158 sed
2423 1113 2465 1157 a
2530 1099 2728 1178 patre
2789 1087 2881 1155 ab

914 1210 1204 1268 aeterno
1249 1194 1516 1284 genita,
1562 1193 1651 1261 de
1686 1189 1909 1281 ipsius
1956 1191 2380 1274 substantia,
2449 1201 2516 1258 et
2565 1202 2668 1260 est
2709 1189 2879 1258 sub-

914 1295 1262 1369 stantialis
1295 1305 1361 1362 et
1392 1292 1661 1382 integra
1703 1292 1933 1380 imago
1979 1291 2248 1362 aeterni
2293 1289 2553 1381 patris,
2604 1282 2879 1382 ὁμοσύ-

915 1423 1071 1480 σιος
1102 1395 1298 1487 patri,
1349 1416 1558 1485 quam
1594 1381 1793 1485 pater
1825 1414 1974 1461 sese
2009 1392 2296 1461 intuens
2324 1404 2394 1463 ει
2422 1391 2877 1461 considerans

914 1499 1173 1591 gignit,
1227 1516 1405 1587 quae
1452 1495 1666 1564 nobis
1709 1493 1825 1563 sic·
1851 1494 2291 1564 manifestata
2338 1506 2478 1578 est,
2551 1494 2742 1585 quod
2784 1491 2877 1563 sit

912 1594 1146 1696 λόγος,
1197 1619 1278 1666 ac
1307 1617 1628 1685 persona,
1669 1618 1799 1687 per
1828 1616 2039 1688 quam
2066 1610 2267 1686 pater
2295 1594 2471 1664 dicit
2495 1594 2877 1677 decretum,

905 1713 973 1769 et
1006 1713 1237 1770 totum
1270 1696 1597 1766 ordinem
1623 1695 2000 1766 creationis
2028 1708 2096 1766 et
2125 1695 2594 1788 reparationis
2638 1688 2876 1764 homi-

904 1824 1119 1886 num,
1166 1811 1240 1870 et
1284 1799 1477 1891 quod
1515 1792 1634 1868 hic
1665 1797 1856 1867 filius
1885 1797 2141 1867 missus
2169 1796 2577 1868 immediate
2606 1795 2877 1887 patefe-

906 1902 1082 1972 cerit
1108 1896 1618 1989 Evangelium,
1667 1910 1738 1970 et
1766 1898 2191 1969 adsumserit
2228 1893 2617 1968 humanam
2662 1909 2874 1967 natu-

896 2026 1098 2083 ram,
1160 2014 1229 2073 et
1269 2000 1363 2071 sit
1411 2000 1801 2085 mediator,
1847 2001 2205 2070 redemtor
2235 2014 2304 2072 et
2331 1999 2674 2080 salvator,
2725 1996 2877 2067 col-

902 2106 1128 2193 ligens
1148 2099 1535 2173 Ecclesiam
1571 2100 1648 2170 in
1679 2123 1931 2191 genere
1955 2096 2308 2189 humano,
2357 2116 2428 2173 et
2454 2100 2876 2188 resuscitans

908 2229 1062 2276 eam
1096 2206 1186 2274 ad
1225 2204 1443 2272 vitam
1472 2215 1850 2274 aeternam.

1117 2324 1234 2394 10.
1303 2319 1611 2411 Spiritus
1660 2333 1940 2390 sanctus
1970 2333 2073 2390 est
2104 2342 2405 2411 persona
2435 2319 2641 2389 tertia
2685 2316 2874 2388 divi-

907 2424 1191 2509 nitatis,
1270 2421 1657 2513 procedens
1701 2421 1792 2490 ab
1840 2432 2125 2489 aeterno
2172 2435 2367 2512 patre
2419 2433 2488 2490 et
2542 2422 2729 2500 filio,
2806 2433 2875 2490 et

911 2516 1301 2618 ὃμοούσιος
1324 2522 1448 2607 εἰε,
1501 2534 1572 2591 ει
1602 2534 1709 2593 εει
1739 2544 1942 2591 amor
1971 2534 2040 2591 et
2067 2521 2342 2591 laeticia
2371 2519 2875 2605 substantialis,

909 2641 980 2697 ει
1012 2625 1309 2696 mittitur
1337 2646 1505 2693 voce
1518 2618 1891 2712 Evangelii
1923 2621 2000 2689 in
2028 2625 2238 2692 corda
2269 2623 2707 2693 credentium
2726 2676 2747 2707 ,
2793 2635 2875 2692 ut

905 2725 1394 2800 adsensionem
1451 2723 1530 2791 in
1584 2722 1684 2792 eis
1736 2723 2100 2793 confirmet
2152 2737 2220 2793 et
2264 2724 2597 2794 accendat
2640 2736 2875 2793 motus

905 2839 1367 2917 congruentes
1399 2821 1588 2904 Deo,
1643 2836 1711 2893 et
1751 2824 2000 2893 excitet
2042 2823 2561 2895 invocationem
2615 2838 2684 2896 et
2727 2824 2874 2894 lae-
2929 2884 2930 2891 ,

905 2930 1143 3003 ticiam
1180 2928 1255 2996 in
1292 2924 1444 2995 Deo
1479 2925 2056 3018 acquiescentem.

1115 3046 1234 3121 11.
1295 3041 1525 3115 Filius
1551 3044 1962 3114 nominatur
1991 3036 2206 3142 λόγος
2247 3067 2397 3113 non
2434 3055 2708 3114 tantum
2760 3064 2874 3113 re-

907 3162 1150 3243 spectu
1179 3146 1421 3239 patris,
1473 3144 1639 3238 quia
1670 3145 2094 3236 cogitatione
2128 3145 2463 3226 nascitur,
2507 3147 2627 3215 sed
2663 3146 2873 3214 etiam

911 3252 1110 3336 ideo,
1149 3248 1315 3344 quia
1342 3246 1713 3317 nobiscum
1746 3246 2097 3339 loquitur,
2151 3247 2417 3337 profert
2444 3270 2774 3316 arcanum
2807 3259 2876 3316 et

907 3350 1403 3426 admirandum
1466 3348 1821 3419 decretum
1881 3349 1971 3418 de
2031 3360 2270 3419 nostra
2313 3348 2536 3418 salute
2581 3347 2877 3418 ex'sinu

908 3452 1178 3528 aeterni
1231 3449 1490 3547 patris,
1569 3462 1912 3521 sustentat
1967 3450 2440 3519 ministerium
2483 3446 2879 3541 Evangelii,

916 3571 989 3627 et
1014 3554 1081 3624 ei
1108 3553 1339 3634 adest,
1382 3563 1486 3623 est
1514 3551 1752 3621 efficax
1782 3575 1909 3642 per
1941 3574 2180 3620 vocem
2210 3547 2620 3640 Evangelii,
2669 3576 2877 3621 mon-
2922 3591 2923 3596 κ

917 3667 1094 3728 strat
1122 3652 1562 3733 incordibus
1605 3666 1969 3723 aeternum
2017 3664 2326 3745 patrem,
2376 3651 2556 3722 sicut
2604 3652 2873 3746 inquit:

915 3756 1146 3828 Nemo
1176 3753 1376 3825 novit
1404 3766 1672 3845 patrem
1718 3753 1857 3824 nisi
1895 3754 2123 3835 filius,
2187 3766 2257 3823 et
2297 3753 2409 3824 cui
2453 3753 2643 3824 volet
2686 3748 2878 3823 filius

911 3857 1245 3931 revelare.
1342 3848 1441 3927 Et
1473 3878 1597 3947 per
1623 3879 1784 3926 eum
1818 3856 2029 3926 datur
2061 3853 2372 3946 Spiritus
2415 3869 2734 3939 sanctus,
2799 3879 2878 3925 ac

907 3974 1095 4032 recte
1123 3957 1388 4030 dictum
1420 3969 1526 4026 est
1558 3959 1645 4027 ab
1675 3951 2106 4027 Athanasio:
2174 3954 2259 4024 In
2293 3981 2716 4050 quocunque
2745 3951 2882 4026 ho·

909 4062 1101 4133 mine
1133 4059 1399 4133 dicitur
1427 4079 1575 4128 esse
1611 4055 1920 4149 Spiritus
1964 4071 2284 4142 sanctus,
2348 4056 2425 4126 in
2475 4082 2560 4129 eo
2606 4071 2709 4129 est
2756 4081 2882 4148 per

911 4165 1228 4234 verbum.
1355 4158 1641 4231 Laetari
1688 4160 1766 4228 in
1806 4155 1997 4244 Deo,
2062 4172 2131 4230 ει
2172 4159 2248 4228 in
2289 4182 2373 4229 co
2419 4160 2884 4254 acquiescere,

906 4282 974 4336 et
1005 4290 1165 4335 eum
1197 4265 1567 4345 invocare,
1615 4274 1850 4331 motus
1892 4275 2058 4331 sunt
2103 4283 2281 4353 quos
2325 4261 2676 4339 antecedit
2716 4283 2881 4328 vera
2935 4328 2936 4331 ,

907 4364 1045 4445 Dei
1103 4365 1405 4449 noticia,
1488 4372 1557 4432 et
1600 4361 1871 4452 agnitio
1917 4361 2439 4433 misericordiae
2485 4386 2612 4454 per
2655 4361 2881 4431 filium

915 4477 1211 4534 ostensa.

1125 4584 1240 4653 12.
1294 4579 1442 4653 Nec
1469 4597 1698 4676 potest
1733 4580 1885 4651 fieri
1921 4604 2083 4649 vera
2119 4579 2510 4667 invocatio,
2570 4581 2711 4651 nisi
2756 4582 2884 4652 be-

916 4681 1165 4752 neficia
1209 4682 1613 4757 mediatoris·
1644 4698 1815 4756 nota
1841 4682 2023 4766 sint,
2073 4694 2143 4754 et
2171 4681 2341 4767 fide,
2392 4683 2467 4752 id
2512 4696 2651 4771 est,
2698 4683 2884 4756 fidu-

917 4786 1022 4854 cia
1068 4783 1479 4854 mediatoris
1528 4790 1740 4858 corda
1794 4786 1885 4856 ad
1950 4780 2183 4854 Deum
2247 4786 2615 4872 accedant,
2706 4786 2887 4855 sicut

919 4883 1259 4972 scriptum
1296 4898 1430 4955 est:
1484 4884 1862 4975 Quomodo
1897 4885 2351 4968 invocabunt,
2384 4885 2520 4955 nisi
2551 4886 2889 4957 credent?

921 4978 1020 5054 Et
1063 4980 1413 5079 Ephesios
1445 4986 1547 5060 3.:
1620 4987 1757 5061 Per
1798 5013 2010 5085 quem
2056 4988 2397 5057 audemus
2437 4989 2763 5058 accedere
2807 4988 2887 5058 in

919 5084 1175 5155 fiducia
1194 5139 1215 5170 ,
1263 5111 1445 5179 quae
1475 5101 1579 5158 est
1604 5113 1730 5181 per
1758 5089 1967 5162 fidem
2003 5090 2082 5159 in
2115 5088 2376 5180 ipsum.

1134 5218 1252 5290 13.
1326 5217 1622 5290 Necesse
1665 5233 1770 5290 εει
1812 5221 2029 5311 igitur
2070 5220 2249 5292 scire
2291 5219 2671 5317 discrimen
2716 5217 2891 5309 legis

923 5334 993 5391 et
1035 5316 1455 5411 Evangelii,
1532 5321 1611 5389 in
1675 5343 1818 5412 quo
1856 5324 2361 5393 admirandum
2400 5323 2758 5392 decretum
2806 5323 2893 5390 de

922 5423 1345 5493 remissione
1405 5432 1889 5515 peccatorum,
1969 5425 2061 5491 de
2105 5424 2552 5496 restitutione
2599 5437 2894 5493 naturae

2979 890 3472 959 agnoscamus,
3553 885 3622 943 et
3674 874 3841 945 laeti
3914 876 3993 946 in
4072 891 4216 953 tota
4283 888 4694 962 aeternitate
4741 901 4945 974 'cele-

2980 970 3300 1063 bremun..
4731 979 4738 987 ¹

3190 1069 3308 1144 14.
3389 1070 3572 1144 Cum
3634 1078 3722 1146 de
3776 1078 3928 1167 lege
3975 1081 4395 1174 cogitamus,
4475 1092 4681 1164 valde
4722 1097 4946 1193 impe-

2979 1170 3281 1243 diuntur
3322 1197 3570 1281 omnes
3617 1171 3937 1250 homines
3981 1185 4372 1273 puerilibus
4413 1190 4948 1284 im21ginationi-

2976 1272 3113 1343 bus
3143 1273 3222 1342 in
3249 1269 3383 1346 hac
3412 1291 3654 1349 nostra
3683 1278 4123 1372 infirmitate,
4172 1299 4254 1359 ut
4285 1294 4842 1382 magnitudinem
4877 1322 4944 1380 et

2975 1375 3522 1465 amplitudinem
3564 1375 3778 1451 huius
3827 1383 4112 1457 divinae
4155 1390 4541 1482 sapientiae
4585 1422 4730 1470 non
4772 1407 4944 1480 satis

2976 1477 3541 1566 consideremus,
3606 1484 3728 1552 sed
3776 1485 3978 1577 quasi
4005 1485 4294 1560 Solonis
4335 1507 4460 1567 aut
4487 1494 4944 1579 Decemvira-

2974 1574 3077 1644 les
3118 1580 3396 1650 tabulas
3438 1582 3885 1673 aspicientes,
3966 1589 4443 1666 existimemus
4504 1598 4727 1690 legem
4777 1604 4913 1680 Dei

2975 1688 3251 1748 tantum
3288 1676 3502 1750 huius
3536 1684 3861 1773 politicae
3904 1695 4434 1765 consuetudinis
4478 1723 4824 1775 carcerem
4874 1666 4944 1783 ει

2974 1780 3318 1849 mutabile
3353 1781 3716 1854 vinculum
3750 1810 3919 1863 esse.
3983 1787 4189 1863 Hanc
4219 1810 4532 1868 nostram
4568 1804 4942 1896 caliginem

2975 1891 3161 1950 taxat
3188 1879 3486 1966 Paulus,
3552 1885 3918 1980 inquiens:
3981 1888 4126 1963 Lex
4167 1897 4552 1987 spiritualis
4597 1920 4737 1992 est,
4784 1905 4941 2002 Ego

2975 1993 3211 2051 autem
3239 1983 3542 2055 carnalis
3571 2007 3726 2056 sum
3759 1993 4207 2065 venundatus
4233 2000 4368 2069 sub
4402 2019 4795 2097 peccatum,
4863 2015 4939 2086 id

2974 2094 3114 2151 est:
3178 2081 3326 2153 Lex
3377 2109 3526 2154 non
3573 2100 3681 2157 εει
3720 2102 3999 2160 tantum
4045 2095 4410 2185 politicum
4455 2104 4772 2196 frenum,
4820 2120 4943 2186 aed

2976 2195 3081 2252 est
3108 2198 3392 2256 aeterna
3421 2200 3490 2258 et
3519 2187 3807 2259 immota
3835 2194 4179 2280 sapientia
4229 2199 4306 2267 in
4338 2198 4529 2289 Deo,
4578 2221 4648 2278 et
4690 2233 4942 2287 norma

2974 2283 3294 2355 iusticiae
3353 2288 3431 2355 in
3493 2289 3857 2362 voluntate
3898 2293 4079 2379 Dei,
4158 2297 4564 2374 discernens
4627 2309 4814 2383 bona
4877 2331 4946 2390 et

2975 2386 3198 2469 mala,
3279 2412 3460 2480 quae
3522 2404 3626 2460 est
3683 2394 4021 2483 patefacta
4074 2398 4405 2471 rationali
4467 2422 4822 2486 creaturae
4865 2418 4944 2489 in

2975 2486 3369 2573 creatione,
3417 2502 3486 2560 et
3512 2506 3752 2580 postea
3782 2515 3988 2586 saepe
4015 2500 4310 2589 repetita
4356 2515 4426 2575 et
4469 2510 4733 2583 sancita
4779 2541 4948 2591 voce

2929 2616 2930 2619 ¹
2967 2587 3218 2659 divina
3269 2590 3348 2658 in
3390 2587 3741 2678 Ecclesia,
3806 2600 4185 2673 ostendens
4229 2607 4419 2696 quod
4461 2607 4547 2679 sit
4593 2609 4826 2704 Deus,
4879 2638 4949 2695 et

2927 2726 2930 2735 ‚,
2974 2688 3205 2780 qualis
3234 2691 3364 2777 sit,
3414 2706 3483 2762 et
3512 2697 3706 2787 quod
3739 2697 3832 2767 sit
3873 2697 4124 2785 iudex,
4175 2704 4497 2796 obligans
4539 2736 4784 2787 omnes
4830 2746 4946 2793 ra-

2974 2790 3274 2859 tionales
3303 2807 3696 2880 creaturas,
3746 2812 3827 2868 ut
3870 2798 4017 2870 sint
4060 2806 4456 2878 conformes
4502 2812 4611 2882 illi
4658 2841 4950 2896 normae

2972 2885 3147 2973 Dei,
3194 2904 3263 2962 et
3289 2892 3635 2966 damnans
3665 2920 3911 2968 omnes
3945 2923 4026 2970 ac
4054 2903 4491 2979 denuncians
4525 2908 4945 2994 horribilem

2974 2992 3527 3063 destructionem
3559 2997 3934 3083 omnibus,
3984 3024 4165 3094 quae
4212 3029 4364 3076 non
4405 3022 4806 3103 congruunt
4853 3026 4942 3096 ad

2974 3092 3173 3161 illam
3204 3116 3527 3164 normam
3551 3149 3573 3180 ,
3624 3097 3766 3167 nisi
3798 3100 3890 3170 sit
3915 3101 4096 3172 facta
4127 3109 4608 3184 reconciliatio
4656 3139 4946 3214 propter

2975 3191 3484 3280 Mediatorem,
3547 3221 3727 3291 quae
3766 3199 3940 3270 alibi
3985 3202 4064 3271 in
4111 3208 4700 3296 promissionibus
4746 3246 4948 3297 reve-

2974 3295 3116 3365 lata
3142 3310 3282 3381 est,
3332 3321 3480 3366 non
3511 3313 3612 3371 est
3636 3302 3898 3372 noticia
3931 3326 4223 3375 nascens
4252 3312 4649 3394 nobiscum.

3184 3397 3299 3469 15.
3368 3395 3524 3472 Etsi
3552 3425 3704 3471 non
3730 3405 3901 3475 satis
3942 3420 4049 3477 est
4090 3408 4313 3499 legem
4359 3414 4436 3484 in
4466 3413 4780 3495 Ecclesia
4814 3429 4949 3500 do-

2979 3524 3176 3586 cere,
3231 3515 3467 3572 tamen
3497 3524 3774 3596 semper
3796 3505 3949 3578 vult
3978 3503 4174 3580 Deus
4200 3525 4268 3583 et
4295 3539 4537 3587 vocem
4578 3521 4753 3612 legis
4789 3552 4945 3601 mo-

2977 3602 3146 3672 ralis
3179 3601 3255 3669 in
3286 3598 3597 3688 Ecclesia
3628 3627 3916 3693 sonare,
3966 3621 4035 3680 et
4060 3632 4336 3704 semper
4367 3620 4661 3694 retinuit
4688 3632 4946 3703 camin

2922 3765 2923 3772 ,
2977 3727 3144 3772 vera
3170 3698 3527 3790 Ecclesia,
3578 3719 3646 3777 et
3681 3707 3960 3779 illustre
4004 3712 4488 3789 testimonium
4531 3735 4601 3793 et
4643 3728 4946 3803 demon-

2979 3805 3228 3876 stratio
3261 3818 3405 3886 est,
3457 3809 3875 3892 ostendens,
3926 3811 4051 3903 qui
4079 3829 4319 3887 coetus
4348 3819 4440 3892 sit
4461 3826 4943 3916 populusDei.

2978 3904 3165 3977 Cum
3240 3908 3432 3976 enim
3483 3904 3818 3996 Ethnici,
3909 3909 4453 3991 Mahometistae
4497 3937 4569 3995 ἐι
4622 3924 4945 4022 Papistae

2978 4008 3165 4098 leges
3227 4008 3502 4102 aliquas
3562 4004 3872 4081 habeant
3930 4017 4316 4087 contrarias
4352 4019 4740 4116 Decalogo,
4808 4035 4946 4103 im-

2981 4109 3318 4201 possibile
3348 4122 3453 4179 est
3479 4130 3598 4177 eos
3624 4133 3771 4179 esse
3787 4107 4170 4184 Ecclesiam
4183 4112 4350 4196 Dei.
4429 4121 4528 4195 Ut
4556 4131 4743 4198 enim
4762 4129 4944 4205 Eth-
4993 4120 5012 4139 ”

2981 4210 3129 4278 nici
3172 4209 3525 4278 finxerunt
3566 4232 3749 4279 nova
3795 4212 4126 4301 numina,
4187 4218 4290 4289 sic
4335 4221 4655 4315 Papistae
4696 4232 4954 4309 iubent

2984 4313 3315 4378 invocare
3350 4305 3677 4379 homines
3705 4324 4058 4395 mortuos,
4099 4315 4564 4398 instituerunt
4610 4331 4783 4404 falsa
4830 4359 4942 4408 sa-
5031 4306 5040 4315 .

2983 4409 3243 4481 crificia
3298 4409 3621 4480 et'falsas
3659 4412 4132 4488 adorationes.
4264 4419 4483 4511 Item,
4542 4428 4761 4520 legem
4814 4431 4943 4509 ha..

2984 4513 3163 4583 beot
3207 4512 3295 4580 de
3333 4511 3684 4584 coelibatu
3732 4518 4214 4605 sacerdotum,
4280 4530 4709 4601 contrariam
4754 4537 4945 4609 divi-

2985 4637 3143 4684 nae.
3245 4610 3451 4698 Item,
3498 4637 3787 4705 prorsus
3815 4616 4053 4689 delent
4077 4639 4528 4719 praeceptum
4560 4632 4650 4702 de
4683 4660 4943 4712 conm-

2984 4714 3323 4808 piscentia
3357 4715 3538 4787 sicut
3566 4710 3952 4791 Pharisaei.
3994 4727 3999 4731 ·
4411 4744 4418 4751 ,
4489 4728 4496 4735 .

3192 4818 3310 4890 16.
3376 4815 3533 4888 Ηοε
3562 4817 4046 4889 testimonium
4077 4823 4166 4893 de
4192 4821 4506 4902 Ecclesia
4539 4850 4815 4923 gratum
4843 4859 4946 4918 est

2986 4919 3124 5012 piis
3179 4919 3582 5004 mentibus,
3657 4933 3729 4990 et
3781 4943 4114 5012 magnum
4158 4922 4512 5003 Ecclesiae
4567 4936 4779 5010 decus
4823 4960 4952 5035 est,

2988 5021 3183 5115 quod
3216 5021 3295 5087 in
3325 5020 3478 5090 solo
3524 5043 3607 5088 eo
3650 5034 3854 5093 coetu
3895 5048 4174 5116 semper
4209 5034 4471 5106 mansit
4514 5038 4625 5108 lex
4653 5038 4788 5113 Dei
4829 5046 4949 5119 in-

2945 5163 2946 5172 1
2990 5135 3346 5211 corrupta.

3199 5220 3317 5290 17.
3383 5219 3522 5290 Per
3560 5221 3783 5309 legem
3814 5223 4080 5312 agnitio
4122 5241 4225 5300 est
4268 5239 4553 5324 peccati.
4653 5243 4950 5324 Necesse

2993 5335 3097 5393 est
3124 5321 3344 5412 igitur
3364 5323 3583 5412 legem
3619 5322 3699 5391 in
3722 5318 4035 5397 Ecclesia
4066 5353 4354 5420 sonare,
4415 5353 4498 5410 ut
4528 5320 4804 5440 semper
4834 5352 4952 5422 iu-

2992 5424 3312 5514 telligant
3340 5418 3665 5493 homines
3693 5424 4019 5497 ordinem
4053 5443 4123 5501 et
4149 5434 4529 5512 discrimen
4556 5445 4740 5519 inter
4769 5468 4953 5527 recta

924 5521 1318 5609 humanae,
1407 5538 1478 5595 et
1551 5524 1640 5594 de
1717 5520 1991 5592 iusticia
2045 5537 2327 5595 aeterna
2389 5525 2716 5618 patefecit
2774 5548 2899 5616 per
2997 5525 3344 5618 placentia
3360 5522 3557 5608 Deo,
3608 5538 3675 5595 ει
3698 5549 3848 5596 non
3877 5543 4099 5619 recta,
4148 5536 4410 5628 quibus
4433 5568 4597 5616 vere
4625 5562 4693 5619 et
4719 5547 4956 5626 hon-3,

925 5625 1194 5711 filium,
1273 5626 1397 5721 qui
1440 5625 1695 5696 missus
1739 5635 1875 5707 est,
1951 5633 2024 5689 et
2064 5633 2145 5690 ut
2190 5626 2283 5696 sit
2325 5627 2640 5718 Angelus
2687 5621 2901 5696 huius
2998 5627 3242 5698 biliter
3289 5627 3615 5699 irascitur
3656 5623 3891 5714 Deus,
3964 5647 4036 5704 et
4090 5657 4548 5727 expavescant
4596 5651 4963 5735 agnitione

927 5729 1169 5819 magnz
1219 5727 1539 5815 consilii,
1618 5740 1688 5799 et
1735 5736 1817 5797 ut
1860 5720 1953 5795 sit
1978 5719 2361 5812 mediator,
2440 5729 2797 5801 redemtor
2835 5742 2908 5801 et
3003 5742 3474 5824 peccatorum.
3573 5723 3672 5801 Et
3700 5723 3831 5800 hac
3860 5732 4010 5826 ipsa
4039 5739 4304 5809 noticia
4333 5741 4506 5831 legis
4530 5738 4962 5833 utiturDeus

3600 5826 3773 5903 89*
