6025 6775
489 792 567 865 991
741 772 952 856 SCRIPTA
978 771 1058 847 PH.
1084 768 1201 843 MEL.
1230 765 1298 843 AD
1324 768 1452 846 tttsr.
1479 765 1624 845 PROP.
1648 768 1716 846 ΕΤ
1738 772 1932 852 Pttttos'.
1959 775 2282 854 SPECTANTlA.
2433 784 2514 859 992

493 958 702 1052 sponsiones
738 946 998 1022 inconcinnae,
1031 953 1271 1027 coacervatae,
1312 940 1406 1012 inter
1438 962 1475 1013 se
1526 963 1648 1014 rursus
1666 946 1817 1017 condere
1834 946 2009 1038 templum
2024 951 2210 1039 cepissent.
2280 952 2514 1026 Terraemotu

493 1062 703 1133 dissidentes
725 1067 761 1120 et
782 1048 858 1116 sine
880 1046 1017 1116 ordine.
1075 1039 1165 1130 Quis
1185 1041 1323 1130 singula
1344 1042 1476 1112 descri-
1526 1043 1697 1115 disiectae.
1714 1058 1798 1116 sunt
1817 1049 1943 1131 moles,
1973 1055 2008 1119 et
2028 1050 2189 1143 absorpti
2212 1055 2317 1126 multi
2340 1051 2518 1139 homines,

495 1162 581 1235 bat?
630 1154 753 1223 Talem
774 1149 851 1217 vidi
874 1158 955 1217 ante
976 1146 1087 1226 iacta,
1113 1143 1252 1235 qualem
1270 1165 1343 1212 esse
1358 1157 1476 1235 postea
1528 1158 1563 1214 et
1585 1168 1665 1236 pars
1690 1168 1837 1235 operum
1858 1159 1893 1216 et
1914 1144 2154 1221 machinarum
2174 1169 2210 1225 et
2227 1158 2334 1229 multi
2351 1154 2517 1228 homines

496 1266 595 1333 facta
614 1257 688 1346 ipsa
718 1251 959 1321 ostendcmnt.
1017 1239 1098 1313 Etsi
1124 1245 1286 1314 adessent
1309 1245 1373 1336 qui
1394 1258 1479 1313 tunc
1529 1246 1742 1321 fulminibus
1757 1246 1892 1317 accensi
1907 1248 2094 1337 pericmnt.

497 1380 636 1431 mecum
655 1356 820 1433 fuerunt,
845 1361 879 1418 et
898 1348 1018 1415 eadem
1039 1344 1224 1461 viderunt.
1247 1358 1352 1415 testes
1366 1358 1498 1462 essent·
1632 1360 1770 1433 Eodem
1793 1377 1954 1455 tempore
1970 1364 2008 1432 iu
2026 1365 2095 1435 alia
2110 1371 2205 1440 orbis
2220 1386 2398 1448 terrarum
2416 1395 2519 1469 parte

498 1458 607 1532 huius
635 1468 732 1524 meae
752 1448 987 1526 narracionis.
1020 1470 1083 1536 (1¹¹¹
1105 1458 1344 1515 memmerunt
1364 1459 1482 1529 ellam,
1533 1459 1748 1556 Delphicum
1770 1467 1964 1557 templum,
1990 1468 2085 1556 quod
2099 1462 2259 1543 Ethnicis
2280 1482 2518 1569 praecipuum

498 1584 556 1630 me
574 1556 724 1627 edidisse
738 1547 830 1621 hanc
844 1572 982 1619 votem:
1008 1540 1236 1659 Qfflmfwm
1252 1554 1384 1632 mmm
1399 1538 1483 1650 Ῑῖθ·
1533 1565 1618 1645 fnit,
1645 1565 1834 1650 divinitus,
1858 1589 1932 1635 non
1948 1561 2134 1635 hominum
2151 1573 2329 1656 manibus,
2355 1580 2518 1649 deletum

435 1701 438 1707 -
499 1680 616 1730 mana
633 1646 850 1725 monarchia
868 1670 963 1718 nunt
978 1643 1078 1715 ⁰1¹¹?
1092 1746 1101 1764 ·
1126 1746 1134 1763 ι
1166 1744 1174 1762 ·
1472 1744 1482 1762 ·
1534 1679 1586 1735 est
1607 1678 1820 1737 terraemotu
1841 1680 1875 1737 et
1897 1665 2126 1749 fulminibus,
2153 1693 2233 1739 cum
2250 1672 2404 1746 lulianus
2419 1682 2519 1767 lega-

602 1758 686 1828 Fuit
700 1768 817 1825 autem
831 1747 1018 1822 Athanasii
1033 1761 1237 1816 valttlfflum
1254 1768 1395 1829 verum,
1421 1769 1484 1837 (1¹¹¹
1536 1779 1590 1838 tos
1621 1790 1662 1835 eo
1691 1768 1860 1851 misisset,
1894 1768 2178 1858 interrogatums
2202 1776 2246 1842 dc
2279 1794 2405 1849 eventu
2429 1780 2524 1847 belli

505 1884 585 1933 cum
605 1855 781 1929 ΕῦθΙθὸῑὸθ
810 1851 938 1942 P³⁸⁵i¹¹¹
970 1848 1007 1915 3¹¹
1035 1868 1162 1934 m³8ss⁰
1187 1846 1310 1915 d⁰¹⁰f0
1330 1859 1365 1916 0²
1387 1858 1486 1916 metu
1537 1864 1678 1939 Persici.
1729 1865 1842 1957 Saepe
1859 1879 1961 1937 antea
1977 1868 2176 1960 direptum,
2202 1887 2237 1944 et
2251 1875 2436 1969 aliquoties
2454 1883 2528 1947 de-

505 1974 638 2044 essent,
679 1956 770 2027 dixit
804 1948 904 2021 hunc,
936 1963 1133 2065 tyrannum·
1162 1942 1378 2066 nubeculam
1412 1969 1486 2016 2⁸⁸²
1539 1968 1648 2037 letum
1679 1979 1732 2037 est
1751 1962 1964 2059 Delphicum
1995 1972 2189 2063 templum,
2221 1978 2280 2044 sed
2314 2000 2435 2047 rursus
2461 2004 2525 2047 ex-

506 2064 577 2133 cito
598 2057 836 2132 transituram.
884 2048 1056 2136 Congruit
1077 2071 1171 2117 enrm
1188 2060 1300 2117 exitus
1315 2071 1390 2118 erus
1406 2070 1487 2117 cum
1539 2081 1693 2138 ,metum
1717 2080 1752 2137 ει
1773 2081 1949 2138 ornatum,
2019 2066 2068 2141 Ag
2087 2087 2167 2163 post
2189 2069 2280 2144 han,
2302 2080 2526 2148 ,versionem

506 2162 635 2232 Psalm·
651 2154 729 2228 55ss
758 2152 836 2220 Viti
858 2150 1069 2238 sanguinum
1093 2161 1128 2218 ‘t
1152 2148 1267 2216 d⁰¹⁰⁸i
1289 2172 1362 2219 ¹¹0ss
1380 2149 1488 2219 affin·
1539 2167 1711 2239 divinitns
1734 2169 1880 2255 factam,
1905 2167 2036 2240 Iuliani
2052 2186 2229 2266 tempore,
2255 2199 2438 2271 nunquam
2452 2183 2529 2249 de·

508 2275 591 2352 gent
622 2255 810 2328 dimidium
842 2252 979 2320 dierum
1011 2271 1167 2321 suorum.
1238 2244 1489 2319 Cumulaverat
1539 2269 1659 2361 inceps
1675 2268 1986 2343 inspaumpumegg

509 2362 654 2442 scelera,
679 2357 811 2426 cultum
828 2352 1024 2433 idolorum,
1049 2344 1304 2440 blasphemias,
1326 2350 1489 2439 magiam,

509 2460 693 2532 saeviciam
712 2478 792 2545 erga
800 2450 1040 2535 Christianos,
1063 2450 1271 2520 seditionem
1285 2464 1406 2522 contra
1420 2448 1490 2517 im-

508 2573 717 2653 pacatorem.
774 2553 988 2645 Quanquam
1011 2550 1117 2640 igitur
1137 2566 1239 2621 antea
1260 2575 1340 2621 cum
1362 2548 1491 2621 Cacsar

1642 2384 1755 2456 Primi
1779 2401 1988 2473 narrantur,
2034 2382 2207 2482 Phlegyae
2227 2394 2288 2482 qui
2308 2392 2455 2463 suerunt
2484 2394 2532 2460 in

1541 2482 1724 2557 Thessalia
1750 2484 1929 2579 lapithae,
1951 2488 2181 2558 combussisse
2195 2486 2404 2581 Delphicum
2431 2508 2533 2563 tem-

716 2656 757 2674 „
1542 2586 1652 2676 plum.
1715 2585 1856 2657 Deinde
1884 2603 2000 2680 partes
2031 2589 2185 2683 aliquas,
2224 2590 2348 2660 Xerxis
2378 2594 2532 2666 milites.

511 2674 616 2743 esset,
640 2657 814 2727 foeliciter
835 2665 1044 2744 represserat
1058 2652 1250 2722 Alemanos
1267 2665 1299 2722 et
1316 2650 1489 2721 Francos:
1541 2687 1625 2758 Post
1651 2683 1748 2758 hunc
1773 2683 1971 2759 Phocenses
2001 2689 2087 2777 ipsi,
2119 2692 2248 2761 deinde
2268 2689 2404 2762 Βωηῐιί
2426 2718 2531 2763 em·

510 2776 629 2831 tamen
659 2754 932 2846 ⁸0¹¹1⁸i¹¹¹Pef5⁰
963 2752 1095 2869 P⁰fi¹¹¹ff
1124 2750 1334 2869 ῑῑῑθΡῗῖἰῐῑ·
1399 2751 1490 2871 Nam
1542 2788 1632 2860 citus
1655 2788 1826 2860 accendit.
1874 2787 1996 2860 Toties
2016 2790 2288 2863 instaurationes
2304 2793 2525 2865 factaesunt.

510 2861 645 2931 bellum
668 2880 791 2975 Sefffffi
813 2880 901 2973 ‘¹¹¹2
915 2852 1049 2972 ΡΜ)
1081 2875 1127 2970 ¹¹¹,
1143 2854 1277 2973 meh?
1300 2854 1430 2972 vulnuff
1452 2878 1491 2922 ¹¹¹
1543 2889 1590 2958 At
1607 2904 1687 2980 post
1702 2885 1879 2960 lulianum
1896 2891 1995 2962 nulla
2011 2890 2098 2962 facta
2113 2906 2164 2963 cst
2179 2892 2399 2965 instauratio.

512 2974 610 3050 epate
629 2974 762 3050 aceepit
783 2982 803 3026 a
825 2957 953 3034 mahte,
984 2980 1047 3047 qur
1067 2976 1147 3045 quis
1168 2954 1293 3040 lueret,
1325 2969 1492 3028 nescitur.

511 3060 660 3133 Relatus
682 3060 721 3127 in
743 3073 854 3127 eastra
871 3056 1077 3144 sanguinem
1095 3077 1178 3123 cava
1195 3079 1303 3125 manu
1317 3056 1493 3146 excipiens

511 3185 650 3231 sursum
664 3160 806 3250 sparsit,
831 3157 998 3225 clamans:
1026 3153 1150 3225 Vicisti
1167 3157 1307 3225 tandem
1323 3155 1493 3226 Galilaee.

512 3260 588 3332 Hac
602 3286 687 3331 voce
702 3260 839 3342 emissa,
865 3280 934 3349 qua
949 3253 1078 3326 fatetur
1093 3255 1236 3345 impiam
1253 3277 1349 3324 suam
1363 3256 1493 3327 volun—

432 3363 436 3368 ’
513 3378 639 3446 tatem,
664 3375 699 3433 et
720 3358 875 3433 ostendit
898 3357 1075 3448 ingentem
1101 3355 1281 3426 fremitum
1303 3367 1493 3428 etsensum

513 3455 726 3555 poenamnr,
758 3461 931 3531 extinctus
958 3472 1030 3543 est,
1061 3480 1156 3526 anno
1186 3457 1310 3526 aetatis
1333 3480 1418 3530 snae
1438 3483 1493 3529 se·

515 3567 631 3634 cundo
649 3578 684 3632 et
698 3562 885 3632 tricesimo.
1134 3614 1137 3618 s

613 3659 769 3731 Narrant
782 3659 974 3752 Didymum
989 3658 1271 3730 Alexandrinum
1292 3657 1331 3730 in
1354 3660 1496 3729 somnio
1595 3657 1703 3730 Anno
1722 3661 1849 3729 mundi
1871 3671 1997 3751 quater
2010 3659 2199 3732 millesimo
2213 3668 2462 3742 trecentesimo
2479 3676 2538 3744 vi·

515 3763 644 3831 vidisse
664 3761 834 3831 candidos
858 3783 988 3851 equos,
1014 3772 1048 3827 et
1068 3759 1104 3826 in
1127 3756 1183 3829 his
1202 3760 1339 3852 equites
1359 3760 1492 3830 dicere:
1747 3760 1876 3828 cesimo
1894 3782 2004 3834 nono.

512 3863 661 3933 Narrate
678 3860 852 3954 Didymo,
879 3855 944 3930 hac
967 3856 1053 3929 hora
1069 3858 1247 3931 Iulianum
1271 3860 1493 3930 interfectum
1595 3858 1703 3932 Anno
1722 3858 1858 3930 Romae
1887 3860 2074 3931 millesimo
2102 3865 2294 3937 centesimo
2315 3871 2449 3938 decimo
2471 3894 2532 3941 se-

513 3987 597 4038 esse.
1756 3961 1878 4051 ptimo.
2281 3970 2284 3976 ’

614 4062 687 4135 Iam
724 4063 834 4135 lector
871 4063 1040 4151 integram
1066 4058 1198 4132 iuliani
1224 4054 1407 4133 historiam
1436 4060 1494 4129 in-
1595 4056 1702 4132 Anno
1717 4055 1852 4132 Christi
1866 4061 2113 4134 trecentesimo
2128 4066 2331 4156 sexagesimo
2343 4067 2521 4157 septimo.

513 4179 669 4249 tueatur,
696 4187 787 4256 quae
802 4165 927 4253 exiguo
944 4177 1099 4254 ternpore
1114 4162 1270 4251 insignes
1281 4161 1493 4232 mutationes

511 4262 650 4337 habuit.
708 4263 889 4335 Decennio
919 4288 1000 4333 cum
1031 4263 1162 4349 collega
1185 4275 1273 4331 esset
1294 4260 1495 4333 Constantii

511 4367 550 4435 in
575 4365 680 4436 bellis
699 4364 861 4456 legitimis
885 4367 1051 4434 adversus
1069 4357 1261 4431 Alemanos
1277 4377 1310 4433 ct
1326 4362 1496 4448 Francos,
1647 4359 1871 4434 Iovinianus
1891 4363 2047 4434 militnm
2066 4365 2237 4454 suffragiis
2256 4366 2368 4435 factus
2385 4383 2442 4440 est
2461 4372 2540 4441 im-

512 4467 581 4539 fuit
603 4467 720 4541 foelix.
771 4465 895 4538 Postea
917 4464 1029 4533 movit
1044 4453 1273 4546 seditionem,
1295 4477 1330 4534 et
1342 4487 1494 4554 occupa·
1545 4476 1697 4558 perator.
1748 4462 1847 4534 Vixit
1868 4465 1905 4533 in
1929 4465 2079 4556 imperio
2100 4478 2229 4556 septem
2250 4471 2424 4536 menses.
2453 4469 2539 4541 No-

513 4567 564 4635 vit
586 4565 784 4638 Constantii
813 4565 1044 4659 provinciam.
1110 4558 1279 4634 Ostendit
1300 4585 1337 4631 se
1357 4560 1491 4635 hostem
1544 4580 1602 4637 tus
1623 4566 1719 4635 enim
1741 4563 1811 4633 fuit
1831 4564 2020 4650 militibus,
2046 4578 2080 4637 et
2096 4564 2176 4658 qnia
2193 4566 2323 4637 ductor
2336 4567 2456 4642 fuerat
2471 4596 2539 4642 on-

516 4688 588 4733 esse
614 4665 767 4753 Christi,
805 4667 991 4738 saeviciam
1023 4662 1177 4735 exercuit
1206 4663 1245 4732 in
1271 4659 1495 4736 Christianos
1545 4666 1642 4739 dinis
1665 4663 1958 4752 domesticorum,
1998 4680 2031 4737 et
2052 4665 2133 4759 qnia
2157 4679 2260 4756 pater
2281 4665 2537 4751 Varronianus

516 4765 655 4852 gladio,
679 4770 771 4860 stylo
787 4783 821 4839 et
838 4767 947 4835 variis
962 4760 1119 4843 technis,
1142 4766 1367 4835 bonorumet
1383 4768 1493 4836 facul·
1546 4769 1662 4840 clarus
1682 4766 1772 4850 fnit,
1796 4765 1860 4857 qui
1873 4767 1942 4837 fuit
1955 4766 2201 4850 Pannonicus,
2228 4791 2344 4838 comes
2357 4771 2535 4843 ordinum

517 4877 627 4934 tatum
663 4867 859 4955 ereptione,
899 4881 935 4937 et
970 4865 1126 4936 incitatis
1155 4863 1306 4938 ludaeis.
1372 4862 1493 4936 Palam
1545 4870 1622 4958 agri
1637 4866 1929 4957 singidunensis,
1954 4869 2018 4961 qui
2037 4892 2110 4936 non
2133 4870 2259 4959 procul
2282 4870 2379 4942 abest
2399 4872 2446 4942 ab
2458 4869 2540 4943 Ul-

515 4965 621 5035 etiam
644 4967 797 5038 exercuit
823 4968 975 5059 magicas
997 4981 1103 5040 artes.
1159 4963 1256 5038 Haec
1275 4963 1406 5038 scelera
1428 4968 1495 5039 tri·
1546 4970 1604 5060 pia
1620 4968 1796 5053 Traiana,
1821 4990 1911 5060 quae
1924 4967 2168 5053 unncCoronp
2183 4970 2399 5044 nominatur.
2455 4972 2541 5043 lni-

514 5067 577 5140 stis
592 5065 704 5139 exitus
719 5068 789 5140 cito
805 5083 973 5164 sequutus
989 5081 1052 5142 est.
1545 5070 1599 5141 tio
1624 5071 1800 5160 professus
1819 5081 1873 5138 est
1886 5090 1924 5138 se
1936 5064 2179 5139 Christianum
2195 5093 2287 5157 esse,
2312 5085 2345 5141 et
2362 5075 2540 5166 amplecti

1545 5169 1714 5241 Nicenam
1724 5169 1925 5265 Synodum.
1971 5165 2099 5239 Pacem
2113 5170 2194 5240 fecit
2207 5195 2283 5240 curn
2292 5170 2422 5257 Persis,
2448 5180 2541 5246 red.

1546 5273 1619 5344 dita
1651 5271 1735 5365 ipsis
1759 5267 2025 5359 Mesopotamia.
2095 5269 2168 5359 Qui
2190 5294 2269 5340 enm
2293 5274 2395 5345 sciret
2416 5276 2539 5367 impe.

1545 5374 1640 5445 rium
1670 5397 1691 5443 a
1714 5370 1854 5442 iuliano
1879 5368 2059 5440 turbatum
2081 5395 2175 5452 esse,
2205 5372 2321 5441 redire
2344 5375 2380 5442 in
2404 5374 2538 5447 Asiam

613 5478 849 5553 Utilissimum
865 5490 1046 5546 essentem
1063 5475 1101 5544 in
1117 5472 1410 5552 historialuliani
1425 5476 1496 5552 hoc
1545 5475 1738 5565 cogitabat,
1770 5481 1812 5538 ut
1839 5471 2128 5563 tranquillitatem
2150 5468 2320 5543 Bcclesiis
2347 5489 2381 5544 et
2406 5479 2539 5548 multis

513 5585 755 5667 considerare,
781 5579 874 5674 quod
895 5573 991 5645 Deus
1011 5575 1149 5645 duobus
1166 5576 1365 5650 illustribus
1384 5582 1492 5652 mira·
1545 5577 1710 5665 gentibus
1729 5566 1936 5640 restitueret.
1996 5571 2100 5643 lussit
2120 5574 2278 5643 revocari
2300 5577 2441 5658 extales,
2469 5583 2539 5674 qni

514 5685 601 5752 culis
629 5684 799 5768 ostendit,
830 5681 953 5750 eodem
986 5691 1162 5765 tempore,
1192 5698 1291 5746 suam
1320 5682 1407 5751 iram
1428 5686 1493 5753 ad·
1544 5675 1637 5766 pulsi
1656 5681 1757 5740 erant
1779 5684 1925 5762 propter
1946 5697 2063 5742 veram
2086 5676 2352 5765 professionem.
2419 5678 2537 5751 Man-

517 5806 634 5850 versns
651 5783 797 5855 ludaeos
811 5797 845 5853 et
861 5775 1043 5852 Ethnicos.
1092 5775 1177 5850 Diri
1197 5792 1300 5851 antea
1322 5783 1408 5874 qnid
1431 5806 1490 5852 ac-
1542 5775 1639 5844 davit
1653 5767 1819 5841 Ecclesiis
1839 5772 1978 5844 restitui
1996 5789 2129 5864 partem
2145 5776 2344 5860 redituum,
2369 5804 2463 5870 qnos
2482 5785 2538 5852 eis

1646 3003 1785 3075 Horum
1809 3007 1962 3076 duorum
1985 3006 2195 3096 templorum
2219 3008 2355 3079 Iudaici
2379 3024 2415 3081 et
2435 3006 2528 3081 Del·

1543 3100 1640 3200 phici
1663 3106 1796 3175 eversio
1818 3106 1990 3176 divinitus
2006 3106 2096 3177 facta
2113 3109 2236 3177 eodem
2254 3123 2414 3201 tempore
2428 3112 2532 3183 inso-

1543 3207 1690 3277 lentiam
1716 3204 1924 3277 ludaeorum
1946 3221 1980 3277 ct
2003 3202 2240 3279 Ethnicorum
2262 3211 2364 3280 valde
2389 3236 2534 3304 repres-

1544 3308 1602 3394 sit,
1627 3322 1660 3379 et
1673 3306 1750 3401 pios
1764 3307 1995 3380 confirmavit.
2044 3304 2140 3378 Haec
2150 3310 2320 3382 miracula
2338 3313 2377 3381 in
2396 3310 2533 3387 tuliani

1545 3404 1693 3479 historia
1709 3409 1930 3479 considerare
1945 3409 2049 3479 valde
2065 3410 2219 3502 prodest.

1891 4215 2187 4288 Iovinianus.

777 5330 833 5393 De
854 5339 1003 5417 templu
1027 5331 1239 5417 Delphico.

513 5882 784 5991 cidecitludaeis
794 5909 874 5955 cum
884 5881 1119 5976 ierosolymae
1130 5880 1491 5975 concedentelnliauo
1514 5868 1518 5883 ⁶
1541 5873 1700 5945 inlisum
1717 5875 1894 5945 ademerat
1907 5916 1927 5959 ,·
1941 5897 1981 5944 sc
2001 5887 2146 5947 lettalut
2163 5890 2214 5945 θεῖ
2236 5892 2383 5970 propter
2397 5883 2536 5953 famem
