6025 6775
558 705 634 778 eos
1333 695 1819 786 ussaunartoues
2511 742 2588 813 004

562 901 631 970 qua
648 874 809 945 evadant.
865 869 950 941 ldeo
965 868 1123 939 difficilia
1140 891 1236 938 nunc
1251 883 1335 941 sunt
1351 874 1554 946 certamina.
1604 880 1866 955 Stenckieldius
1880 886 2017 981 inquit,
2043 916 2117 962 non
2141 911 2231 968 esset
2254 899 2489 978 ministerium
2510 914 2582 1004 spi.

562 979 643 1051 see
660 977 739 1071 piae
757 987 892 1043 mentes
916 971 987 1041 siut
1009 970 1161 1056 dociles,
1206 983 1241 1040 et
1264 974 1382 1062 agnita
1405 976 1554 1047 veritate
1604 983 1704 1058 ritus,

561 1105 637 1154 non
651 1079 781 1149 faciant
798 1074 866 1145 sibi
882 1096 973 1160 nova
990 1071 1150 1151 vulnera,
1170 1095 1291 1142 verum
1308 1076 1554 1168 obtemperent
1705 1092 1742 1160 2.
1759 1083 1923 1161 Corinth.
1939 1086 1991 1161 h:
2024 1090 2095 1164 Pro
2109 1092 2253 1172 Ghristo
2276 1102 2453 1193 legatione
2466 1110 2584 1200 rongi.

559 1179 656 1270 Deo,
683 1192 718 1249 et
741 1178 781 1246 in
801 1197 882 1244 vera
906 1173 1040 1244 laetitia
1063 1187 1098 1243 et
1119 1173 1337 1263 gratitudine
1359 1200 1440 1246 eum
1461 1180 1554 1251 cele-
1604 1211 1686 1258 mur
1705 1204 1874 1284 tanquam
1890 1188 1966 1261 Deo
1991 1190 2202 1271 adhortante
2222 1224 2284 1273 seu
2299 1209 2506 1280 consolante
2525 1236 2588 1303 per

559 1285 685 1365 brent,
716 1280 805 1349 sicut
827 1275 998 1368 scriptum
1022 1288 1091 1345 est:
1126 1274 1167 1347 Si
1183 1298 1257 1346 non
1281 1279 1449 1365 credetis,
1476 1306 1552 1352 non
1603 1311 1678 1362 nos.
1731 1290 1833 1362 Sicut
1853 1304 1887 1363 et
1912 1296 1946 1366 1.
1970 1292 2133 1374 Corinth.
2154 1301 2188 1372 8.
2210 1303 2359 1377 dicitur:
2392 1309 2489 1383 θεοῦ
2509 1310 2588 1410 yato

562 1386 661 1456 eritis
676 1380 800 1452 securi.
1606 1386 1718 1487 ἐσμὲν
1741 1386 1925 1493 mivepyut,

666 1494 721 1570 15.
747 1496 838 1567 Cum
854 1495 959 1567 toties
974 1495 1188 1567 vociferetur
1205 1496 1468 1571 Stenkeieldius
1482 1495 1550 1571 ho·
1703 1497 1738 1569 Β.
1755 1492 1920 1571 Con’nth.
1940 1499 2014 1571 tu:
2049 1495 2160 1572 Arma
2183 1505 2328 1578 militiae
2352 1525 2493 1584 nostrae
2510 1538 2587 1586 non

559 1607 674 1676 mines
688 1597 866 1684 converti,
892 1597 1051 1684 renasci,
1076 1599 1318 1669 consolatione
1334 1601 1441 1691 erigi,
1465 1624 1552 1672 san·
1603 1610 1685 1668 sunl
1706 1598 1881 1683 carnalla,
1907 1602 1967 1669 ⁸0d
1991 1603 2148 1694 potentia
2167 1601 2246 1676 Deo
2268 1611 2313 1679 ad
2335 1611 2584 1687 destruendam

563 1703 709 1780 ggjfioori
726 1702 801 1772 Deo
825 1712 949 1790 agente
969 1700 1008 1767 in
1033 1701 1203 1771 cordibus
1228 1701 1304 1771 sine
1324 1704 1459 1790 medio,
1484 1727 1551 1774 nec
1603 1723 1745 1769 omnem
1760 1700 2003 1788 altitudinem,
2029 1727 2120 1797 quae
2134 1708 2310 1781 attollitur
2323 1727 2444 1786 contra
2461 1720 2585 1809 cogni-

561 1803 802 1877 mioioterium
831 1799 1022 1892 Evangelii
1050 1824 1111 1873 seu
1145 1802 1393 1893 cogitationem
1427 1804 1551 1898 scripti
1601 1802 1736 1871 tionem
1752 1799 1837 1885 Dei,
1862 1817 1897 1873 et
1911 1805 1957 1872 ad
1971 1808 2199 1896 captivandas
2222 1835 2345 1883 omncs
2358 1817 2585 1909 cogitationes

561 1908 663 1979 verbi
679 1905 837 1976 medium
855 1926 949 1989 esse,
975 1927 1039 1996 per
1051 1905 1147 1999 quod
1163 1918 1244 1994 agat
1260 1902 1374 1993 Dens,
1400 1907 1549 1979 miratus
1601 1905 1645 1973 ad
1661 1902 1901 1973 obedientiam
1918 1899 2064 1978 Christi.

560 2035 661 2091 sum,
687 2032 751 2078 cur
774 2005 902 2075 sentiat
925 2006 1091 2076 traditam
1113 2028 1187 2076 esse
1211 2020 1390 2078 externam
1413 1969 1578 2094 vocem,l
1702 1999 1930 2078 lohan.17.:
1974 2006 2160 2082 sanctifica
2184 2037 2245 2085 eos
2267 2015 2306 2087 in
2337 2023 2484 2094 veritate
2513 2035 2587 2109 tna,

561 2129 595 2184 et
622 2109 731 2183 tantis
753 2106 966 2179 testimoniis
987 2106 1213 2193 institutum,
1246 2109 1492 2182 confirmatum
1515 2124 1550 2181 et
1600 2129 1715 2177 sermo
1733 2119 1816 2176 tuus
1832 2121 1884 2178 est
1901 2108 2039 2185 veritas.

510 2219 514 2226 ’
559 2214 768 2285 mandatum
791 2231 866 2278 esse
880 2208 1118 2279 ministerium
1134 2205 1332 2301 Evangelii.
1382 2209 1452 2283 Hic
1467 2214 1550 2282 bre·

1702 2204 1832 2278 Psalm.
1854 2209 1956 2281 tte:
1984 2209 2080 2285 Haec
2096 2230 2148 2286 est
2165 2220 2360 2292 consolatio
2379 2247 2454 2295 mea
2470 2226 2509 2294 in
2523 2229 2587 2297 ad-

561 2316 705 2385 vissime
728 2310 939 2403 respondet,
982 2309 1062 2381 ideo
1093 2325 1277 2382 externum
1309 2312 1549 2383 ministerium
1601 2310 1759 2380 dictione
1781 2331 1877 2395 mea,
1902 2312 2083 2406 eloquium
2107 2330 2208 2388 tuum
2227 2322 2463 2402 vivificatme.

561 2416 765 2488 institutum
781 2433 873 2498 esse,
898 2426 938 2483 ut
953 2406 1063 2482 horno
1080 2414 1234 2484 exterior
1250 2408 1379 2485 habeat
1396 2437 1549 2507 occupa-

560 2520 695 2591 tionem
719 2515 894 2609 aliquam,
927 2537 996 2607 qua
1019 2528 1054 2586 et
1074 2508 1160 2584 haec
1187 2539 1268 2606 pars
1289 2515 1369 2586 Deo
1404 2517 1552 2603 serviat,

562 2622 653 2692 sicut
674 2615 889 2689 abstinentia
915 2639 934 2684 a
959 2616 1063 2685 suilla
1087 2640 1191 2686 carne
1212 2617 1280 2689 luit
1295 2631 1553 2689 tantumoccu·

563 2724 662 2817 patio
683 2717 866 2793 exterioris
888 2711 1057 2792 hominis.
1108 2714 1211 2789 Hanc
1234 2718 1383 2811 impiam
1399 2733 1434 2792 et
1450 2722 1552 2790 fana·

563 2827 670 2896 ticam
690 2820 980 2912 imaginationem
996 2841 1137 2889 necesse
1153 2833 1204 2891 est
1221 2822 1334 2891 taxari
1352 2836 1386 2894 et
1403 2824 1553 2893 damna·

562 2929 613 3006 ri,
646 2926 730 3018 quia
755 2935 790 2993 et
811 2921 940 2992 multas
963 2920 1068 2990 falsas
1089 2922 1279 3013 opiniones
1309 2926 1485 3010 eontinet,
1518 2937 1554 2993 et

563 3028 704 3120 penitus
719 3023 838 3095 abolet
854 3045 937 3092 vera
953 3022 1117 3092 exercitia
1133 3025 1213 3093 fidei
1230 3037 1265 3094 et
1282 3024 1527 3097 invocationis.

669 3144 729 3216 16.
770 3138 875 3212 Prius
909 3154 1027 3211 autem
1062 3142 1365 3212 adseverationem
1391 3156 1552 3215 nostram

359 3247 364 3258 '
470 3304 475 3312 .
561 3245 760 3342 perspicuis
777 3242 989 3316 testimoniis
1007 3242 1271 3313 confirmemus.
1313 3242 1555 3317 Adfirmamus

563 3352 682 3425 Deum
700 3342 861 3432 trahere,
887 3355 1114 3429 convertere,
1138 3367 1366 3436 regenerare,
1391 3350 1553 3420 consola-

561 3456 616 3535 ri,
641 3448 858 3521 sanctificare
882 3440 1045 3517 homines
1070 3471 1134 3540 per
1156 3448 1313 3518 medium
1330 3450 1375 3520 ab
1391 3451 1467 3542 ipso
1481 3466 1555 3523 tra-

562 3556 699 3637 ditum,
722 3548 855 3619 scilicet
873 3571 938 3639 per
955 3544 1141 3639 Evangelii
1160 3573 1292 3634 vocem,
1319 3553 1476 3622 auditam
1492 3578 1554 3624 seu

562 3658 689 3727 lectam
706 3665 741 3723 et
755 3650 952 3741 cogitatam.
989 3647 1037 3721 Et
1053 3665 1198 3743 propter
1210 3646 1302 3721 hanc
1320 3666 1451 3725 tantam
1470 3681 1554 3726 cau·

562 3781 637 3829 sam
661 3754 864 3824 institutum
892 3767 943 3824 est
965 3752 1205 3822 ministerium
1221 3747 1428 3844 Evangelii,
1454 3770 1494 3827 ut
1510 3757 1554 3826 sit

565 3858 743 3937 medium,
769 3880 842 3951 quo
866 3854 966 3925 Deus
988 3855 1034 3923 sit
1056 3853 1095 3922 in
1114 3853 1218 3923 nobis
1235 3855 1368 3926 efficax.
1417 3852 1465 3929 Et
1492 3882 1556 3951 per

561 3957 751 4053 Evangelii
779 3957 1020 4051 cognitionem
1053 3953 1154 4025 Deus
1185 3958 1359 4030 convertit
1390 3952 1555 4032 homines

563 4078 597 4136 et
612 4062 814 4134 nonaliter.

670 4180 731 4255 17.
758 4173 981 4248 Testimonia
1000 4169 1084 4244 hace
1100 4175 1171 4247 sint
1195 4176 1233 4246 in
1250 4195 1453 4274 conspectu.

665 4304 837 4380 Rom.1.:
863 4295 1100 4391 Evangelium
1116 4314 1167 4371 est
1184 4305 1341 4393 potentia
1350 4308 1422 4379 Dei
1439 4308 1483 4377 ad
1499 4331 1555 4377 sa.

563 4413 675 4483 lutem
700 4404 802 4479 omni
823 4404 993 4478 credenti.
1046 4400 1094 4473 Et
1115 4403 1215 4496 loqui
1235 4403 1387 4480 Paulum
1422 4411 1466 4480 de
1495 4434 1557 4479 ex·

563 4528 664 4583 terna
690 4534 777 4581 voce
801 4506 1029 4579 manifestum
1053 4516 1104 4574 est
1126 4528 1167 4572 ex
1190 4529 1265 4596 cap.
1291 4509 1349 4584 10.
1370 4513 1414 4580 ad
1430 4508 1555 4583 Rom:

564 4612 759 4701 Quomodo
776 4611 943 4695 credent,
968 4607 1038 4678 nisi
1054 4606 1259 4677 audierint?
1284 4607 1477 4700 Quomodo
1492 4635 1557 4682 oo.

572 4714 674 4783 dient
689 4712 767 4782 sine
781 4710 1032 4801 praedicante?

667 4823 873 4900 Rom.15.:
907 4823 955 4894 Ut
979 4848 1043 4915 per
1062 4824 1269 4916 patientiam
1295 4841 1327 4897 et
1342 4830 1557 4902 consolatio-

565 4954 649 5003 nem
669 4930 927 5022 scripturarum
948 4948 1049 5017 spem
1067 4921 1271 5003 habeamus.
1322 4926 1410 5001 Vult
1423 4929 1557 5005 Paulos

564 5034 695 5104 deduci
718 5032 825 5102 corda
850 5029 894 5099 ad
917 5023 1009 5098 hanc
1034 5050 1157 5097 vocem
1180 5027 1218 5097 in
1244 5029 1429 5123 scripturis
1444 5037 1558 5107 tradi·

563 5154 649 5209 tam.
699 5131 803 5205 Hanc
830 5132 907 5203 vult
931 5131 1000 5201 lide
1023 5129 1159 5222 accipi,
1192 5131 1299 5204 etita
1322 5158 1390 5205 nos
1413 5140 1558 5233 acquie-

564 5262 661 5311 scere
676 5222 913 5308 adsentientes
931 5227 1017 5303 huic
1039 5232 1136 5317 voci,
1163 5256 1204 5302 ac
1221 5234 1250 5303 si
1265 5237 1470 5312 audiremus
1487 5266 1557 5311 no·

564 5366 646 5412 vam
671 5342 715 5411 de
737 5336 836 5408 coelo
859 5360 980 5405 vocem
1003 5335 1098 5405 inter
1112 5358 1206 5405 nova
1222 5349 1255 5408 et
1271 5337 1426 5412 illustria
1444 5344 1556 5414 mira·

564 5444 656 5517 cula.
708 5438 805 5511 llaec
831 5436 996 5509 exercitia
1019 5435 1101 5507 bdei
1117 5450 1151 5507 et
1170 5435 1410 5514 invocationis
1426 5445 1477 5537 pii
1495 5446 1556 5515 in-

563 5548 743 5638 telligunt.

668 5672 705 5741 2.
722 5654 888 5735 Corinth
904 5657 958 5729 da
986 5652 1222 5748 Evangelium
1243 5672 1295 5730 est
1316 5661 1555 5735 ministerium

566 5770 732 5863 spiritus,
757 5766 795 5836 id
810 5775 879 5848 est,
905 5782 970 5857 per
983 5762 1080 5856 qnod
1107 5774 1159 5832 est
1183 5759 1304 5831 efficax
1320 5757 1438 5881 1.)qu
1480 5762 1557 5834 lam

565 5871 597 5941 si
628 5883 718 5939 esset
751 5881 890 5941 tantum
917 5863 1103 5958 occupatio
1129 5860 1266 5932 externi
1300 5856 1474 5948 hominis,
1516 5880 1556 5937 ut

1706 2408 1836 2480 Psalm.
1856 2412 1959 2486 129.:
1982 2410 2189 2508 Expectavit
2205 2418 2411 2508 Dominum,
2427 2442 2588 2521 expecta·

1603 2512 1653 2583 vit
1670 2511 1788 2582 anirna
1806 2537 1903 2600 mea,
1932 2529 1967 2587 et
1981 2517 2019 2587 in
2036 2519 2146 2590 verbo
2166 2523 2241 2595 eins
2257 2528 2409 2619 speravi.

1708 2613 1763 2683 ts.
1799 2615 1870 2687 Sed
1886 2622 2076 2711 respondet
2089 2621 2367 2699 Stenckleldius:
2396 2629 2586 2705 Sanctifics

1603 2716 1733 2800 verbo,
1767 2718 1901 2792 scilicet
1925 2719 2002 2815 ipso
2029 2723 2103 2793 lilio
2127 2723 2206 2797 Dei.
2262 2727 2387 2824 Neque
2412 2755 2479 2803 uos
2508 2735 2582 2804 sola

1603 2812 1758 2887 humana
1783 2819 1996 2910 cogitatione
2016 2826 2140 2918 scripti
2155 2830 2255 2900 verbi
2271 2832 2423 2904 dicimus
2438 2835 2515 2906 fieri
2530 2837 2588 2905 vi·

1603 2918 1839 2990 vilicationem
1862 2936 1896 2994 et
1919 2927 2249 3018 sanctificationem,
2273 2936 2336 3003 scd
2359 2935 2586 3009 adfirmamus

1603 3022 1716 3090 filium
1733 3020 1803 3093 Dei
1824 3017 1936 3123 λόγον
1961 3027 2134 3099 efficacem
2158 3056 2233 3103 esse
2256 3037 2468 3125 cogitatione
2484 3042 2585 3112 verbi

1603 3123 1746 3212 scripti,
1774 3138 1807 3196 et
1831 3128 1996 3218 colligere
2019 3143 2197 3202 aeternam
2221 3131 2417 3210 Ecclesiam
2440 3155 2586 3213 externo

1603 3225 1822 3311 ministerio,
1856 3241 1891 3298 et
1912 3232 2097 3303 ostendere
2119 3238 2347 3311 credentibus
2369 3243 2590 3315 voluntatem

1603 3327 1738 3397 aeterni
1751 3329 1882 3419 patris,
1908 3345 1943 3403 et
1957 3356 2020 3425 per
2029 3334 2203 3428 Spiritum
2220 3355 2380 3414 sanctum
2397 3349 2588 3419 accendere

1606 3431 1645 3499 in
1671 3430 1721 3498 eis
1749 3432 1919 3503 laetitiam
1941 3450 1975 3506 et
1996 3437 2283 3531 invocationem,
2305 3461 2339 3518 et
2359 3447 2447 3518 alios
2470 3464 2588 3522 motus

1604 3548 1837 3621 congruentes
1863 3560 1944 3605 cum
1969 3536 2057 3609 Deo.
2109 3540 2230 3631 Quare
2259 3546 2304 3617 ad
2322 3543 2416 3641 Eph.
2436 3551 2590 3623 dicitur:

1605 3634 1699 3704 mitti
1715 3659 1734 3704 a
1752 3636 1828 3707 lilio
1842 3640 2013 3727 doctores,
2029 3656 2069 3712 ut
2083 3647 2288 3718 aedificetur
2302 3673 2430 3742 corpus
2441 3648 2589 3725 Christi.

1605 3733 1651 3806 Et
1676 3739 1800 3807 eodem
1824 3742 1932 3809 modo
1954 3744 1999 3817 de
2023 3745 2097 3815 lilio
2114 3760 2149 3817 et
2166 3763 2311 3823 externo
2329 3756 2527 3827 ministerio
2539 3758 2590 3827 si-

1605 3836 1680 3907 mul
1702 3839 1935 3911 concionatur
1950 3841 2140 3929 Salomon,
2167 3852 2333 3944 inquiens
2354 3858 2399 3926 de
2422 3858 2513 3926 filio:
2539 3855 2588 3927 Et

1604 3939 1657 4008 sui
1673 3962 1754 4009 cum
1774 3964 1814 4011 eo
1834 3944 1980 4029 artilex,
2005 3962 2039 4027 et
2054 3950 2203 4021 deliciae
2218 3957 2443 4049 quotidianae
2459 3958 2585 4025 ludens

1606 4064 1724 4110 coram
1752 4066 1793 4112 eo
1822 4047 2120 4141 omnitempore,
2156 4055 2281 4125 ludens
2305 4058 2342 4125 in
2365 4059 2451 4126 orbe
2472 4070 2587 4128 terrae

1606 4166 1707 4227 suae,
1733 4159 1768 4214 et
1789 4146 2039 4222 delectationes
2066 4178 2162 4226 meae
2184 4180 2263 4228 cum
2284 4158 2366 4228 filiis
2384 4152 2587 4230 hominum.

1604 4243 1717 4314 Ludit
1732 4244 1768 4312 in
1783 4248 1869 4317 urhe
1885 4263 2009 4338 terrae,
2029 4259 2217 4329 ostendens
2230 4260 2429 4330 mirandam
2442 4263 2589 4358 sapien-

1605 4346 1690 4416 tiam
1707 4345 1778 4416 Dei
1801 4349 1839 4417 in
1865 4354 1992 4423 ordine
2015 4359 2224 4451 creationis,
2257 4361 2341 4431 item
2364 4363 2404 4432 in
2424 4364 2591 4435 miranda

1606 4449 1864 4536 gubernatione
1898 4469 1930 4525 et
1966 4458 2239 4533 liberationibus
2272 4461 2468 4552 Ecclesiae,
2507 4490 2589 4538 cnm

1607 4549 1743 4639 profert
1762 4577 1882 4623 vocem
1899 4561 2144 4647 promissionis
2160 4588 2200 4632 ex
2218 4567 2299 4633 sinu
2317 4570 2452 4639 aeterni
2468 4568 2592 4661 patris,

1607 4663 1643 4720 et
1664 4652 1774 4722 tradit
1799 4680 1876 4724 eam
1900 4660 2024 4749 primis
2049 4665 2272 4755 parentibus,
2301 4682 2336 4738 et
2361 4664 2509 4741 retrahit
2530 4692 2590 4740 eos

1608 4776 1649 4821 ex
1674 4767 1809 4839 morte,
1842 4782 1926 4832 cum
1948 4780 2063 4836 servat
2087 4759 2279 4835 Ecclesiam
2303 4770 2341 4838 iu
2369 4771 2525 4853 diluvio,
2551 4772 2592 4840 in

1609 4853 1699 4923 mari
1714 4858 1823 4930 rubro
1842 4875 1907 4936 etc.
1958 4862 2061 4934 Hanc
2077 4870 2225 4945 eandem
2247 4871 2455 4963 sapientiam
2471 4872 2593 4966 inquit

1607 4953 1778 5028 Salomon
1801 4963 1952 5033 clamare
1972 4966 2008 5035 in
2031 4967 2142 5060 portis
2166 4985 2199 5041 et
2221 4972 2359 5064 plateis.
2411 4974 2465 5047 Ita
2481 4973 2595 5064 signi-

1605 5059 1685 5130 ficat
1708 5061 1783 5148 regi
1809 5058 2001 5137 Ecclesiam
2029 5092 2048 5140 a
2073 5068 2147 5141 lilio
2171 5072 2241 5144 Dei
2262 5098 2326 5167 per
2351 5077 2591 5150 ministerium

1606 5157 1855 5253 Evangelium.
2128 5181 2133 5185 '

1713 5264 1769 5336 19.
1811 5264 1984 5361 Expresse
2024 5287 2142 5346 autem
2182 5277 2270 5351 dicit
2308 5276 2591 5352 Stenclseleldius

1607 5388 1685 5457 pag.
1705 5366 1807 5438 111.:
1836 5368 1942 5442 Fides
1957 5374 2149 5448 iustificans
2171 5402 2245 5449 non
2271 5393 2323 5452 est
2345 5404 2386 5450 ex
2407 5378 2592 5466 concione,

1606 5469 1667 5536 sed
1690 5491 1732 5537 ex
1755 5466 1849 5557 Deo;
1878 5476 2008 5549 deinde
2033 5479 2118 5552 citat
2141 5480 2276 5552 dictum
2298 5480 2443 5576 cyrilli,
2469 5481 2591 5552 Deum
2668 5506 2670 5511 ’

1608 5570 1693 5638 dare
1715 5591 1788 5641 sese
1810 5596 1885 5645 non
1907 5602 1973 5670 per
1984 5582 2161 5665 medium,
2189 5585 2250 5654 nbi
2265 5580 2421 5677 Cyrillus
2436 5585 2595 5655 excludit

1609 5668 1723 5740 media
1743 5696 1816 5743 non
1833 5679 1997 5753 ordinata
2012 5707 2032 5753 a
2047 5682 2140 5761 Deo.
2192 5686 2261 5759 Sed
2280 5683 2461 5757 vultDeus
2476 5688 2595 5757 audiri

1607 5783 1642 5841 et
1657 5771 1804 5861 eogitari
1818 5781 1967 5852 verbum
1983 5785 2166 5879 scriptum,
2194 5800 2227 5860 et
2241 5789 2279 5859 in
2298 5782 2365 5859 hac
2382 5790 2596 5880 cogitatione

1607 5874 1666 5945 dat
1687 5898 1761 5948 sese
1786 5882 1962 5968 credenti,
1996 5886 2087 5959 sicot
2108 5890 2148 5959 in
2173 5890 2266 5963 veris
2290 5892 2595 5965 consolationibus
