6025 6775
439 747 516 838 (1⁷5
1076 730 1341 809 PHILIPPI
1380 725 1833 807 MELANTHONIS.
2390 745 2466 830 674

439 917 584 1008 Quanta
601 909 856 984 dissimilitudo
870 921 921 980 est
934 901 1051 991 Eliae,
1080 916 1117 976 et
1131 905 1292 978 mulieris
1308 929 1424 976 mere-
1476 901 1650 977 serviatur
1678 903 1859 996 proximo',
1896 920 1937 980 nt
1965 914 2192 1004 quorundam
2222 915 2291 991 fuit
2317 929 2461 1015 agrestis

438 1019 538 1092 tricis
554 1015 769 1086 conversae?
816 1007 864 1082 llt
882 1023 1000 1080 tamen
1016 1007 1205 1076 mulierem
1218 1030 1423 1078 conversam
1475 1007 1611 1092 oratio,
1647 1010 1709 1077 sed
1733 1007 1802 1078 alia
1824 1007 2031 1102 principalis
2045 1029 2115 1102 est,
2149 1020 2314 1095 videlicet
2336 1028 2460 1116 debiti,

438 1140 582 1214 quoque
610 1138 751 1186 necesse
781 1123 832 1182 est
861 1122 1031 1194 statuere,
1071 1130 1109 1178 se
1137 1123 1312 1199 receptam
1337 1130 1423 1195 esse,
1472 1108 1570 1200 quod
1586 1132 1660 1177 non
1675 1109 1847 1197 significat
1859 1112 2075 1185 coactionem
2089 1140 2152 1190 sen
2161 1120 2377 1211 violentiam,
2395 1135 2455 1202 sed

434 1222 576 1314 placere
591 1213 690 1300 Deo,
715 1226 749 1284 et
764 1211 924 1282 exaudiri
943 1205 1067 1284 aDco.
1116 1205 1196 1279 Nisi
1214 1210 1312 1279 enim
1335 1203 1422 1282 haec
1471 1221 1703 1282 aeternumet
1718 1212 1904 1281 immotum
1919 1214 2098 1304 ordinem,
2124 1245 2196 1315 qno
2215 1240 2374 1299 creatura
2395 1255 2454 1303 ra.

437 1322 524 1391 fides
547 1319 584 1388 in
599 1341 637 1387 ea
652 1317 786 1399 luceat,
820 1336 895 1383 non
919 1309 1055 1382 accedit
1074 1309 1119 1381 ad
1134 1305 1251 1382 Deum
1274 1334 1340 1383 nec
1361 1312 1421 1384 in·
1469 1308 1615 1381 tionalis
1633 1311 1879 1383 universaliter
1891 1310 1968 1384 Deo
1984 1318 2027 1386 ad
2045 1321 2281 1396 obedientiam
2297 1330 2453 1421 obligata

436 1434 547 1491 vocat,
1470 1425 1534 1482 est.
1584 1411 1669 1484 ldeo
1686 1427 1722 1485 et
1737 1411 1870 1485 Paulus
1884 1416 2015 1509 inquit:
2040 1418 2229 1496 Debitores
2245 1449 2377 1503 sumus.
2525 1496 2527 1501 .

532 1512 649 1589 XVll.
686 1511 736 1588 Ut
750 1513 859 1604 igitur
877 1508 964 1582 baec
978 1510 1139 1584 doctrina
1154 1512 1339 1606 perspicua
1361 1513 1419 1601 sit,
1569 1511 1668 1587 xxt
1695 1510 1834 1586 Deinde
1850 1519 2021 1591 accedunt
2035 1534 2069 1592 et
2084 1523 2204 1614 plures
2219 1552 2350 1607 causae.
2376 1531 2449 1605 Ne-

435 1623 500 1694 boc
523 1619 649 1690 ordine
670 1618 859 1709 praecipua
883 1615 1041 1685 membra
1064 1609 1317 1706 comprehendi
1336 1639 1419 1709 pos·
1468 1613 1643 1685 cessitasa
1662 1639 1763 1687 cansa
1778 1619 1918 1687 lormali
1933 1635 2049 1693 sumta
2060 1638 2129 1711 est,
2152 1633 2247 1720 quod
2267 1656 2345 1703 cnm
2362 1658 2449 1705 con-

432 1736 525 1795 sunt.
575 1717 738 1790 Primum
760 1718 911 1788 sciamus
926 1718 1132 1787 mandatum
1149 1711 1217 1785 Dei
1234 1730 1417 1788 aeternum
1467 1715 1583 1784 versio
1607 1738 1729 1785 revers
1753 1718 2005 1811 complectatur
2027 1716 2092 1795 hos
2110 1741 2245 1816 motus,
2281 1733 2446 1807 timorem

431 1839 466 1896 et
488 1823 676 1892 immotum
700 1842 791 1904 esse,
831 1831 874 1889 nt
894 1816 1026 1907 singuli
1048 1816 1209 1887 conversi
1232 1819 1277 1900 ad
1299 1814 1417 1889 Deum
1465 1811 1554 1902 Dei,
1587 1816 1883 1904 consolationem,
1917 1846 2045 1894 novam
2066 1826 2200 1916 lucem,
2228 1834 2445 1923 agnitionem

431 1938 625 1996 statuamus
660 1920 771 2012 recipi
804 1932 838 1990 et
871 1919 1010 2012 placere
1040 1941 1229 2009 personam
1270 1933 1416 2012 propter
1466 1911 1534 1985 Dei
1555 1930 1591 1988 et
1609 1913 1759 1987 Domini
1788 1922 1899 1989 nostri
1922 1923 2003 1996 Iesu
2024 1923 2175 2016 Christi,
2215 1946 2250 2004 et
2279 1935 2444 2008 fiduciam

430 2026 546 2097 filium
563 2021 631 2094 Dei
643 2023 893 2100 mediatorem,
919 2018 1046 2109 gratis,
1078 2019 1217 2092 etiamsi
1237 2015 1354 2091 adhuc
1375 2021 1415 2090 in
1465 2019 1743 2111 acquiescentem
1765 2018 1804 2088 in
1826 2022 2039 2110 mediatore,
2062 2030 2308 2120 dilectionem,
2339 2038 2442 2110 invo-

430 2127 536 2197 nobis
554 2125 689 2217 reliqua
704 2136 757 2195 est
770 2143 897 2213 magna
910 2119 1116 2205 infirmitas,
1139 2134 1175 2191 et
1191 2121 1321 2193 multae
1336 2144 1415 2192 sor·
1465 2120 1659 2206 cationem,
1681 2143 1798 2213 spem,
1822 2144 1888 2192 nec
1900 2137 2014 2214 potest
2035 2128 2179 2219 quidem
2206 2159 2280 2206 esse
2300 2152 2334 2210 et
2357 2144 2442 2211 reti-

430 2230 503 2301 des.
541 2226 725 2311 Secundo,
749 2245 979 2313 agnoscamus
994 2244 1060 2291 nos
1074 2223 1414 2314 nequaquamsatis-
1463 2221 1541 2291 neri
1571 2223 1675 2307 fides,
1714 2246 1805 2316 quae
1830 2237 1881 2295 est
1904 2224 2032 2295 bducia
2056 2229 2334 2325 misericordiae,
2373 2243 2442 2312 nisi

428 2330 541 2400 lacere
556 2327 625 2416 legi
635 2325 719 2412 Dei,
743 2338 779 2395 et
792 2319 908 2395 adhuc
923 2324 1148 2394 circumferre
1161 2322 1200 2391 in
1215 2324 1319 2394 nobis
1332 2349 1414 2417 pec·
1462 2322 1570 2393 simul
1585 2324 1657 2394 sint
1671 2323 1760 2394 aliae
1778 2326 1910 2397 multae
1933 2327 2091 2405 virtutes.
2147 2331 2244 2407 llaec
2266 2361 2339 2410 non
2359 2358 2444 2415 sunt

430 2444 527 2510 cata,
552 2442 586 2499 et
608 2424 699 2497 hanc
725 2439 884 2498 nostram
906 2422 1148 2495 infirmitatem
1165 2425 1258 2494 veris
1273 2426 1413 2514 gemiti·
1461 2425 1610 2494 obscura
1625 2426 1852 2496 mediocriter
1867 2428 2035 2511 eruditis,
2055 2446 2090 2504 et
2105 2458 2179 2504 non
2196 2436 2443 2527 ignorantibus

430 2531 499 2602 bus
514 2529 744 2620 deploremus.
785 2525 931 2609 Tertio,
954 2537 1120 2596 ettamen
1137 2525 1287 2595 sciamus
1295 2524 1411 2596 Deum
1462 2549 1545 2595 vera
1562 2526 1726 2599 exercitia
1740 2528 1978 2619 poenitentiae
1993 2544 2027 2602 et
2043 2532 2288 2613 invocationis.

430 2629 629 2723 postulare,
667 2644 709 2702 ut
731 2630 776 2699 sit
797 2627 837 2695 in
861 2625 967 2696 nobis
996 2620 1164 2695 inchoata
1195 2627 1411 2716 obedientia,
1562 2625 1683 2703 xxll.
1707 2625 1823 2699 Datur
1837 2630 1909 2700 vita
1924 2645 2065 2705 aeterna
2083 2653 2229 2731 propter
2241 2642 2442 2732 liliumDei,

429 2733 515 2802 tides
532 2742 566 2802 et
582 2731 719 2803 iusticia
734 2732 850 2800 bonae
867 2725 1119 2811 conscientiae,
1144 2738 1179 2797 et
1194 2721 1279 2802 haec
1302 2752 1409 2821 opera
1460 2751 1534 2799 non
1549 2743 1696 2821 propter
1715 2744 1873 2801 nostram
1895 2733 2116 2820 dignitatem.
2173 2738 2222 2813 Et
2245 2768 2323 2838 spes
2349 2748 2443 2819 vitae

429 2833 497 2925 ipsi
538 2833 677 2925 placere
716 2832 755 2900 in
789 2827 1024 2900 reconciliatis
1057 2841 1202 2921 propter
1234 2831 1409 2903 mediato·
1458 2842 1622 2899 aeternae
1639 2831 1685 2900 sit
1705 2844 1798 2900 certa
1819 2847 1963 2923 propter
1988 2836 2236 2932 mediatorem,
2260 2870 2332 2916 non
2356 2873 2441 2938 pro-

427 2958 501 3005 rem
527 2935 609 3008 fide,
687 3013 690 3018 Ι
1458 2945 1537 3022 pter
1552 2945 1709 3001 nostram
1728 2931 1953 3019 dignitatem,
1976 2934 2073 3006 iuxta
2087 2937 2195 3010 illud:
2222 2945 2296 3035 Qui
2310 2949 2442 3036 gloria.

528 3030 664 3108 XVlll.
697 3030 836 3102 Horum
852 3028 961 3102 trium
982 3035 1223 3103 membrorum
1246 3033 1422 3105 conside·
1458 3046 1535 3119 tur,
1558 3030 1599 3100 in
1618 3026 1775 3100 Domino
1796 3030 1977 3120 glorietur.
2037 3031 2143 3108 ltem:
2170 3040 2252 3114 Non
2273 3046 2442 3118 iustifica-

426 3138 517 3209 ra'tio
531 3129 967 3208 necessariamdoctrinam
981 3145 1013 3203 et
1031 3134 1307 3205 consolationem
1323 3160 1410 3205 con·
1459 3134 1557 3205 bitur
1577 3132 1616 3201 in
1638 3145 1828 3224 conspectu
1847 3144 1910 3205 tuo
1931 3135 2049 3206 omnis
2071 3137 2204 3212 vivens
2252 3141 2302 3218 Et
2322 3162 2440 3220 tamen

428 3238 532 3312 tinet.
575 3232 747 3310 Prohibet
769 3236 1006 3324 arrogantiam
1030 3237 1195 3328 propriae
1218 3238 1410 3328 dignitatis,
1459 3235 1556 3306 bona
1571 3257 1677 3325 opera
1693 3247 1873 3304 merentur
1888 3236 1998 3307 multa
2016 3240 2170 3330 praemia
2186 3246 2382 3336 spiritualia
2406 3267 2441 3322 et

428 3354 464 3411 et
478 3353 592 3413 tamen
606 3338 762 3412 ostendit
775 3350 929 3429 portum,
954 3336 1086 3408 scilicet
1098 3339 1345 3426 mediatorem,
1369 3364 1410 3410 ac
1459 3335 1677 3428 corporalia,
1717 3358 1807 3429 qnae
1830 3335 1961 3408 dantur
1982 3351 2058 3411 tum
2082 3342 2121 3413 in
2143 3337 2209 3417 hac
2230 3350 2320 3435 vita,
2362 3364 2440 3423 tum
2534 3381 2537 3389 ·

427 3442 531 3513 iubet
542 3441 687 3512 eluctari
703 3465 743 3511 ex
759 3438 999 3524 dubitatione,
1025 3463 1065 3508 ac
1081 3452 1233 3510 statuere
1248 3465 1315 3510 nos
1337 3463 1409 3511 esse
1459 3432 1647 3530 posthanc
1663 3437 1790 3517 vitam,
1813 3451 1852 3507 ut
1876 3441 2008 3511 multae
2029 3441 2145 3514 tristes
2165 3471 2299 3537 poenae
2320 3454 2441 3543 publi-

428 3544 469 3611 in
483 3542 593 3630 gratia
612 3554 756 3632 propter
769 3542 1013 3614 mediatorem.
1053 3536 1102 3610 Et
1117 3542 1160 3609 de
1175 3542 1409 3632 amplitudine
1459 3563 1520 3609 cae
1544 3552 1578 3609 et
1598 3537 1754 3630 privatae
1776 3538 1984 3630 mitigantur
2006 3559 2152 3636 propter
2176 3554 2443 3640 poenitentiam,

428 3640 693 3712 misericordiae
712 3638 781 3710 Dei
800 3665 864 3712 nos
889 3642 1177 3726 commonefacit,
1210 3666 1288 3711 cum
1313 3644 1410 3713 allie-
1459 3653 1494 3710 et
1509 3642 1604 3711 bons
1621 3663 1727 3732 opera
1743 3639 1945 3733 aliquorum
1962 3643 2001 3711 in
2016 3640 2193 3731 Ecclesia,
2216 3651 2312 3724 iuxta
2329 3655 2441 3726 illud:

428 3754 504 3815 mat
520 3742 624 3813 etiam
642 3736 732 3812 hanc
749 3738 947 3813 inchoatam
965 3754 1000 3813 et
1016 3744 1216 3813 mendicam
1239 3744 1409 3814 obedien·
1458 3739 1719 3813 Convertimini
1734 3743 1779 3812 sd
1795 3765 1870 3825 me,
1896 3755 1932 3814 et
1945 3766 2008 3835 ego
2024 3762 2210 3821 convertar
2229 3757 2271 3824 ad
2292 3780 2363 3827 vos.

426 3848 512 3917 tiam
528 3846 568 3915 in
583 3842 828 3930 reconciliatis,
846 3867 1000 3938 quorum
1015 3867 1142 3935 magna
1156 3845 1410 3917 dissimilitudo
1561 3839 1700 3917 XXlll.
1732 3841 1816 3913 Non
1838 3845 1989 3916 dubium
2006 3861 2059 3919 est
2074 3853 2366 3928 comminationes
2384 3858 2444 3929 di·

396 3968 399 3973 ·
425 3962 495 4032 est,
520 3942 597 4016 Deo
614 3945 760 4038 placere.
1458 3944 1562 4015 vinas
1590 3956 1682 4015 ratas
1712 3967 1806 4029 esse,
1842 3969 1883 4015 ae
1906 3942 2023 4017 Deum
2046 3973 2129 4020 vere
2149 3952 2262 4027 irasci·
2281 3960 2441 4048 peccatis,

525 4045 625 4118 xlx.
659 4045 798 4117 Multae
814 4045 1033 4137 perniciosae
1047 4046 1305 4119 alucinationes
1327 4062 1409 4120 sunt
1458 4047 1555 4139 iuxta
1571 4044 1680 4116 illud:
1711 4042 1809 4115 Deus
1825 4044 1917 4134 ignis
1934 4070 2147 4122 consumens
2165 4071 2224 4127 est
2273 4054 2321 4129 Et
2344 4055 2441 4130 baud

427 4173 570 4236 eornm,
601 4171 755 4244 quorum
771 4149 900 4239 scripta
919 4160 1037 4219 extant
1052 4148 1096 4239 de
1110 4144 1176 4219 hac
1193 4149 1410 4243 quaestione.
1458 4145 1569 4218 dubie
1584 4144 1689 4237 punit
1703 4156 1844 4236 peccata
1862 4145 1901 4214 in
1918 4141 1984 4215 bac
1999 4147 2091 4234 vita,
2116 4166 2150 4223 et
2166 4171 2245 4248 post
2269 4154 2360 4229 banc
2387 4185 2443 4227 vr-

424 4249 499 4320 Alii
523 4253 648 4323 iubent
670 4272 810 4342 semper
839 4251 879 4317 in
905 4240 1129 4320 dubitatione
1158 4274 1322 4335 manere,
1362 4274 1409 4320 an
1458 4261 1542 4331 tam,
1567 4245 1607 4315 in
1623 4241 1680 4314 bis
1694 4245 1757 4337 qui
1773 4267 1848 4313 non
1862 4259 2129 4322 convertuntur.
2181 4254 2321 4330 Rursus
2337 4260 2442 4330 etism

425 4353 624 4439 placeamus
635 4351 732 4439 Deo,
765 4349 828 4421 alii
846 4349 946 4437 signa
963 4350 1127 4439 colligere
1143 4351 1327 4421 docentia
1342 4375 1409 4420 no·
1458 4344 1712 4442 promissiones
1741 4346 1885 4436 legales,
1928 4347 1966 4418 id
1997 4363 2065 4437 est,
2110 4377 2199 4446 quae
2229 4360 2444 4449 promittunt

346 4511 350 4517 .
428 4449 510 4518 stris
531 4452 722 4541 operibns·
773 4451 844 4524 Sed
864 4449 1008 4542 utrique
1031 4463 1168 4534 errant,
1206 4450 1409 4539 ignorantes
1457 4447 1616 4541 praemia
1648 4471 1712 4540 pro
1738 4448 1925 4539 operibns,
1961 4464 2057 4523 ratae
2084 4467 2167 4525 sunt
2197 4462 2444 4547 reconciliatis,

427 4548 617 4619 discrimen
629 4552 716 4643 legis
731 4550 972 4643 etEvangelii.
1021 4549 1256 4622 Promissioni
1269 4532 1410 4624 credere
1458 4549 1598 4623 etiarnsi
1623 4549 1693 4640 legi
1725 4573 1800 4621 non
1832 4550 2062 4624 satisfacimus
2071 4557 2087 4644 :j
2132 4558 2193 4625 sed
2220 4562 2303 4654 quia
2332 4558 2478 4654 placet*

425 4673 570 4721 necesse
593 4664 664 4736 est,
687 4668 722 4726 et
741 4672 875 4731 mentes
895 4653 1123 4724 deducendae
1144 4667 1248 4745 sunt,
1273 4657 1327 4746 ,ad
1349 4654 1408 4725 in·
1459 4651 1664 4723 obedientia
1688 4650 1727 4720 in
1748 4652 2000 4740 reconciliatis,
2041 4669 2198 4729 meretur
2223 4666 2379 4754 praemia
2404 4665 2442 4733 in

427 4753 601 4824 tuendum
619 4752 864 4847 mediatorem,
891 4769 926 4829 et
946 4755 990 4826 ad
1014 4754 1286 4847 promissionem
1306 4756 1407 4827 firma
1459 4752 1534 4823 illis
1550 4754 1721 4845 legalibus
1737 4754 2033 4845 promissionibus
2047 4760 2245 4849 proposita,
2273 4779 2328 4836 nt:
2355 4763 2445 4837 Date

426 4854 495 4921 tide
509 4868 544 4926 et
557 4875 618 4945 spe
632 4854 929 4946 amplectendam,
954 4856 1088 4928 non'ad
1109 4858 1323 4929 munditiem
1342 4882 1410 4928 no·
1459 4869 1495 4927 et
1509 4855 1653 4927 dabitur
1667 4855 1779 4926 vobis.
1813 4854 1925 4938 Item:
1950 4854 2025 4946 Qui
2042 4858 2180 4931 dederit
2195 4877 2317 4955 potum
2333 4888 2446 4962 aquae

428 4966 539 5023 stram
566 4955 902 5048 magnifacieudam,
942 4961 988 5031 de
1018 4982 1087 5053 qua
1116 4956 1278 5030 Psalmns
1307 4958 1408 5029 dicit:
1459 4956 1526 5027 nni
1545 4981 1587 5026 ex
1599 4955 1757 5025 minimis
1771 4979 1933 5029 meorum
1958 4973 2105 5050 propter
2125 4963 2339 5053 doctrinam,
2381 4965 2446 5039 bs-

427 5052 510 5124 Non
527 5054 776 5127 iustificabitur
787 5058 825 5127 in
840 5075 1030 5153 conspectu
1043 5075 1105 5133 tuo
1121 5058 1239 5129 omnis
1252 5060 1387 5129 vivens.
1459 5059 1559 5128 bebit
1574 5058 1782 5128 mercedem.
1834 5055 1922 5129 Vult
1934 5056 2031 5129 Deus
2046 5074 2080 5129 et
2094 5063 2224 5135 talibus
2239 5071 2446 5158 promissio-

1098 5233 1106 5249 ·
1462 5158 1571 5227 nibns
1585 5156 1738 5226 exerceri
1754 5156 1872 5226 fidem.
1916 5154 1989 5229 Nec
2002 5160 2154 5233 dubium
2178 5181 2229 5238 est
2253 5163 2338 5242 haec
2361 5196 2445 5264 pro-

622 5224 689 5296 De
718 5232 897 5320 quarto
922 5238 1214 5319 quaestione:
1460 5258 1567 5329 mim
1584 5257 1766 5350 praem,

426 5325 581 5399 Scilicet
616 5323 664 5400 de
705 5330 853 5417 comis,
898 5348 966 5398 cur
994 5335 1207 5407 necessaria
1235 5330 1288 5401 sit
1313 5348 1409 5400 noua

805 5424 1033 5503 obedientia.
1654 5425 1725 5497 ne
1751 5430 1920 5518 quinto
1947 5435 2259 5523 quaestione:

528 5561 611 5637 XX·
634 5559 683 5636 Et
697 5578 816 5636 tamen
829 5584 969 5654 semper
980 5577 1100 5637 mm,
1111 5566 1285 5639 “mentia
1299 5563 1410 5636 veri„
1461 5531 1521 5602 An
1534 5530 1613 5600 sint
1624 5535 1785 5620 peccota
1802 5531 1843 5601 in
1858 5536 2017 5620 renatis,
2039 5537 2081 5605 in
2094 5532 2169 5608 tac
2183 5539 2337 5609 osortoli
2352 5544 2445 5615 sito.

425 5662 527 5746 sima,
541 5667 776 5739 necessariam
793 5688 867 5738 esse
882 5657 1086 5735 inchoatam
1101 5667 1351 5752 obedientiam,
1376 5676 1411 5735 et
1564 5659 1698 5734 XXlV.
1734 5661 1964 5737 Manifestum
1983 5683 2035 5739 est
2047 5670 2231 5760 caliginem
2248 5686 2283 5744 et
2304 5696 2448 5764 magnos

426 5776 467 5834 nt
481 5784 588 5857 supra
604 5768 699 5855 dixi,
725 5794 804 5841 cum
820 5767 889 5839 lide
903 5761 1080 5837 iusticiam
1095 5764 1210 5838 bonae
1226 5768 1411 5839 conscien·
1463 5764 1731 5837 dubitationum
1759 5765 1888 5837 fluctus
1918 5769 1957 5839 in
1989 5769 2168 5841 mentibus
2195 5792 2289 5858 esse,
2332 5781 2450 5850 msni-

426 5862 509 5937 tiae.
570 5861 620 5939 Et
640 5869 857 5943 necessitatis
878 5889 983 5940 causa
1005 5877 1075 5953 est,
1110 5886 1187 5935 non
1208 5880 1348 5940 tantum
1370 5880 1411 5940 ut
1464 5868 1594 5942 lestnm
1608 5881 1660 5939 est
1680 5879 1714 5938 et
1738 5866 1849 5940 mults
1871 5890 1998 5960 magna
2016 5869 2183 5942 incendis
2205 5893 2279 5944 esse
2301 5875 2450 5955 viciose.

361 5986 364 5991 ’
478 5969 658 6039 Mssasre.
681 5975 786 6045 Orsa.
813 5972 992 6042 vonxlt.
1862 5965 1912 6040 43
