6025 6775
492 549 567 621 41a
1247 529 1740 612 Pnoeoslrlouus
2301 559 2309 566 ·
2423 553 2498 628 414
2577 514 2582 522 ’

493 712 691 785 cutPaqus
707 708 825 802 inquit
839 705 991 780 Roman.
1005 702 1057 774 8.:
1084 698 1278 792 Accepistis
1296 702 1470 795 Spiritum
1521 704 1618 775 Deus
1641 718 1821 797 peccatum
1840 704 2017 800 reliquum
2041 713 2222 801 approbat.
2273 717 2343 789 Sed
2365 716 2428 792 has
2440 747 2498 794 re.

420 883 423 888 .
493 812 698 904 adoptionis
713 812 888 892 filiorum,
914 831 982 899 quo
1001 804 1207 873 clamamus:
1234 798 1338 874 Abba
1361 818 1469 894 pater.
1521 806 1648 897 liquias
1672 807 1775 877 etiam
1796 808 1906 877 deleri
1929 809 2007 878 vult
2028 810 2067 877 in
2088 826 2200 883 morte
2215 822 2393 906 corporis,
2412 824 2498 892 reii-

494 915 649 1007 Spiritus
671 935 815 1002 precum
838 908 1059 987 nominatur,
1087 903 1171 995 quia
1191 904 1310 991 agnita
1332 904 1470 975 miseri·
1521 908 1568 975 cit
1590 908 1695 977 etiam
1716 930 1837 978 rursus
1857 931 2043 1001 personam
2066 911 2178 999 ipsam
2202 937 2276 982 non
2298 940 2497 1007 repugnan-

495 1014 616 1083 cordia
632 1014 671 1080 iu
693 1013 882 1080 mediatore
898 1005 1091 1098 proposita,
1117 1004 1286 1075 exuscitat
1303 1008 1407 1074 corda
1425 1007 1469 1073 ad
1522 1021 1590 1076 tem
1608 1021 1766 1097 peccato:
1792 1007 2003 1080 sindones
2027 1011 2144 1081 carnis
2165 1014 2290 1103 spiritu
2307 1019 2495 1091 mortifica-

497 1114 771 1193 iuvocationem,
812 1108 919 1176 etsie
945 1106 1052 1175 simul
1074 1104 1267 1175 subiiciunt
1298 1128 1333 1174 se
1364 1107 1470 1175 corda
1519 1108 1621 1193 bitis,
1646 1109 1789 1193 vivetis,
1813 1106 1940 1182 Roma.
1954 1110 1989 1184 8.

496 1213 585 1286 Deo,
1621 1206 1664 1280 L.
1688 1207 1814 1278 Manet
1831 1210 2002 1301 sapientia
2015 1208 2081 1282 Dei
2105 1226 2138 1283 et
2165 1216 2240 1299 lex,
2265 1237 2401 1306 semper
2416 1243 2497 1308 pec·

597 1306 722 1381 XLVI.
758 1304 837 1377 Etsi
857 1302 944 1376 haec
967 1303 1170 1376 obedientia
1194 1305 1393 1374 voluntaria
1410 1319 1471 1391 est,
1521 1322 1636 1378 catum
1656 1322 1707 1380 est
1721 1310 1888 1402 quiddam
1904 1311 2127 1398 damnatum,
2151 1329 2186 1384 et
2200 1317 2306 1385 corda
2322 1320 2366 1387 ad
2381 1316 2497 1389 Deum

497 1432 611 1484 tamen
631 1403 697 1476 hae
717 1408 976 1499 propositiones
1004 1430 1105 1476 verae
1129 1420 1232 1485 sunt,
1258 1406 1358 1475 Nova
1384 1408 1469 1476 obe·
1520 1431 1710 1494 conversa,
1739 1410 1895 1480 sentiunt
1917 1435 2019 1480 veros
2040 1415 2197 1500 dolores,
2223 1417 2352 1508 quibus
2374 1442 2495 1508 pecca-

494 1508 626 1580 dientia
646 1530 842 1597 congruens
854 1509 1029 1595 Decalogo
1051 1519 1107 1602 est⁸
1122 1506 1301 1585 debitum,
1326 1507 1416 1577 sicut
1434 1519 1469 1576 et
1521 1523 1596 1580 tum
1612 1510 1797 1583 iudicatur.
1824 1509 1899 1580 Imo
1907 1507 2061 1581 Ecclesia
2074 1509 2305 1587 horribilibus
2317 1522 2496 1588 aerumnis

491 1609 624 1679 Paulus
653 1609 832 1702 loquitur,
871 1606 997 1680 Roma.
1027 1611 1077 1680 8.:
1117 1606 1303 1677 Debitores
1336 1630 1468 1679 sumus.
1518 1611 1674 1681 subiecta
1695 1624 1747 1682 est
1766 1623 1911 1702 propter
1936 1608 1998 1683 has
2014 1614 2197 1707 reliquias,
2223 1614 2295 1686 Nec
2317 1619 2415 1688 veuit
2436 1645 2495 1688 re-

491 1710 598 1780 Item:
624 1707 726 1778 Nova
749 1709 949 1780 obedientia
969 1730 1165 1798 congruens
1188 1731 1268 1776 cum
1291 1704 1466 1794 Decalogo
1521 1712 1680 1793 demtor,
1707 1725 1747 1782 ut
1771 1713 1954 1782 confirmet
1976 1727 2175 1804 peccatum,
2207 1718 2267 1785 sed
2288 1731 2327 1788 ut
2350 1742 2495 1810 prorsus

493 1825 545 1881 est
566 1809 770 1880 necessaria.
822 1807 924 1880 Item:
953 1809 1133 1900 Quicquid
1150 1821 1283 1898 pugnat
1298 1832 1377 1878 cum
1393 1808 1468 1895 lege
1519 1812 1693 1895 destruat,
1727 1812 1885 1885 restituta
1909 1814 2043 1904 integra
2070 1815 2226 1905 iusticia,
2265 1819 2354 1889 sicut
2379 1818 2495 1889 1.10-

492 1909 578 1997 Dei,
603 1924 864 2002 estpeccatum,
890 1924 924 1980 et
937 1910 1105 2003 quiddam
1120 1911 1325 1980 damnatum
1348 1905 1469 1991 aDeo,
1518 1905 1600 1980 han.
1624 1914 1660 1981 3.
1685 1909 1829 1980 dicitur:
1856 1908 2032 2003 Apparuit
2057 1914 2150 1985 filins
2164 1913 2249 2000 Dei,
2274 1930 2314 1987 ut
2339 1921 2495 1990 destruat

497 2026 529 2082 et
540 2035 613 2080 non
630 2025 680 2081 est
695 2012 849 2097 iusticia,
873 2035 937 2081 nec
955 2010 1118 2099 congruit
1138 2034 1219 2080 cum
1235 2009 1373 2100 Spiritu
1386 2030 1468 2076 sau·
1519 2031 1624 2100 opera
1639 2007 1804 2096 Diaboli,
1829 2012 1961 2082 scilicet
1982 2029 2161 2104 peccatum
2186 2029 2220 2086 et
2234 2030 2395 2093 mortem.
2444 2017 2495 2089 Et

494 2126 562 2183 cto.
616 2110 797 2201 Quaedam
818 2125 932 2181 autern
956 2112 1041 2180 talia
1056 2122 1156 2195 sunt,
1180 2122 1239 2189 ut,
1266 2128 1467 2200 quanquam
1517 2111 1591 2200 ipse
1605 2106 1781 2180 Dominus
1798 2111 1915 2203 inquit
1929 2110 2059 2188 Matth.
2077 2112 2131 2189 5.:
2164 2116 2246 2186 Non
2260 2120 2341 2188 veni
2358 2120 2494 2189 solvere

493 2214 633 2305 reliqua
646 2226 728 2281 sunt
742 2212 779 2280 in
794 2212 924 2281 renatis
940 2212 978 2279 in
994 2206 1060 2280 hac
1075 2211 1165 2293 vita,
1189 2221 1306 2278 tamen
1322 2219 1468 2298 propter
1517 2211 1649 2299 legem,
1689 2212 1750 2279 sed
1778 2212 1935 2301 implere.
1988 2211 2113 2303 Implet
2142 2230 2257 2287 autem
2285 2220 2401 2309 primo
2432 2246 2494 2288 sua

492 2314 723 2384 mediatorem
745 2313 1008 2395 condonentur,
1034 2310 1116 2402 quia
1138 2307 1250 2376 renati
1268 2320 1301 2375 et
1314 2307 1467 2376 retinent
1518 2309 1729 2384 obedientia.
1780 2308 1918 2382 Deinde
1948 2313 2190 2384 satisfaciendo
2222 2342 2287 2408 pro
2321 2320 2425 2389 nobis
2454 2324 2493 2386 in

455 2428 457 2431 ’
492 2436 612 2483 veram
636 2413 758 2497 fidem,
791 2425 826 2483 et
850 2424 1047 2502 repugnant
1068 2408 1140 2475 illis
1163 2406 1332 2494 peccatis,
1365 2408 1464 2475 etin
1518 2410 1722 2479 sustinenda
1745 2435 1877 2503 poena,
1917 2437 2023 2506 quam
2045 2437 2110 2483 nos
2131 2417 2308 2485 debemus.
2359 2417 2493 2501 Tertio,

494 2514 622 2585 talibus
636 2526 754 2583 manet
762 2512 916 2604 Spiritus
932 2519 1082 2580 sanctus.
1131 2502 1213 2575 Alia
1228 2529 1310 2574 vero
1325 2517 1465 2597 peccata
1517 2510 1700 2580 efficiendo
1717 2511 1754 2578 in
1771 2513 1875 2582 nobis
1891 2514 2084 2598 iusticiam,
2110 2538 2186 2586 eam
2208 2518 2340 2606 ipsam,
2366 2521 2409 2587 de
2425 2545 2493 2611 qua

496 2613 700 2684 contristant
713 2627 747 2684 et
761 2612 943 2682 excutiunt
953 2607 1124 2698 Spiritum
1141 2617 1312 2690 sanctum,
1328 2619 1368 2675 ut
1386 2628 1465 2674 cum
1516 2611 1748 2681 concionatur
1762 2613 1827 2686 lex.
1880 2612 2029 2701 Quarto,
2055 2617 2242 2685 sanciendo
2259 2618 2383 2705 legem,
2409 2623 2492 2709 quia

491 2710 531 2782 hi
555 2715 616 2806 qui
637 2715 781 2784 fuerunt
803 2710 917 2778 renati
934 2709 1099 2778 amittunt
1119 2707 1407 2789 fundamentum,
1432 2717 1466 2774 et
1516 2724 1551 2779 et
1567 2712 1737 2801 approbat
1754 2726 1786 2782 et
1803 2713 1956 2786 illustrat
1971 2738 2059 2787 eam.
2111 2715 2312 2787 Damnandi
2326 2733 2409 2788 sunt
2424 2721 2493 2806 igi-

490 2828 602 2885 ruuut
630 2825 753 2884 eontra
780 2808 1038 2879 conscientiam.
1097 2805 1202 2875 Tales
1232 2820 1374 2896 propter
1404 2805 1465 2872 illa
1516 2823 1574 2880 tur
1595 2824 1629 2879 et
1650 2807 1912 2883 Monachorum
1941 2829 1975 2885 et
2000 2810 2315 2907 Anabaptistarum
2344 2807 2492 2901 errores,

487 2926 629 3007 peccata
649 2913 778 2981 iterum
805 2911 895 2980 liunt
915 2908 965 2976 rei
994 2920 1155 2980 aeternae
1185 2930 1328 2996 poenae.
1381 2905 1465 2973 Ideo
1516 2908 1657 3000 utrique
1680 2912 1775 2979 enim
1797 2914 1955 3003 lingunt,
1986 2916 2024 2981 in
2045 2919 2176 2986 renatIs
2191 2944 2265 2987 non
2280 2942 2354 2988 esse
2370 2942 2492 3009 pecca-

488 3012 622 3087 Paulus
638 3033 795 3102 expresse
809 3010 894 3078 dicit
915 3010 949 3079 1.
964 3003 1126 3078 Corinth.
1142 3009 1195 3079 6.:
1228 3004 1347 3075 Nolite
1370 3027 1466 3073 erra·
1516 3023 1612 3093 tum,
1652 3009 1718 3078 etsi
1745 3006 2056 3102 Anabaptistarum
2086 3014 2222 3086 insania
2252 3018 2403 3085 atrocior
2430 3035 2491 3099 est,

488 3139 546 3201 re,
572 3126 781 3185 scortatores
795 3122 829 3179 et
845 3109 1016 3195 adulteri,
1041 3104 1258 3191 homicidae,
1284 3107 1465 3189 idolatr'ae,
1517 3109 1598 3201 quia
1615 3109 1703 3180 facta
1720 3121 1841 3179 eontra
1857 3112 1968 3199 legem
1980 3129 2109 3201 negant
2123 3137 2196 3184 εεεε
2217 3129 2354 3206 peccata
2377 3131 2442 3189 etc.

489 3240 563 3286 non
593 3212 824 3308 possidebunt
851 3232 999 3301 reguum
1021 3207 1100 3281 Dei.
1153 3206 1240 3277 Item
1263 3203 1463 3279 Colossis:
1616 3206 1676 3278 LI.
1709 3206 1846 3280 Interea
1861 3226 1977 3282 tamen
1994 3214 2081 3281 scire
2104 3237 2242 3283 necesse
2264 3230 2332 3298 εει,
2358 3217 2490 3286 doctri-

491 3312 637 3411 Propter
666 3309 752 3382 haec
781 3310 879 3381 venit
908 3310 961 3378 ira
987 3306 1055 3377 Dei
1079 3330 1185 3399 super
1210 3307 1465 3379 inobedientes.
1516 3332 1598 3377 nam
1628 3310 1673 3376 de
1698 3309 1906 3381 liberatione
1935 3336 1954 3381 a
1985 3313 2078 3402 lege,
2112 3315 2206 3385 iuxta
2231 3315 2364 3387 dictum
2387 3318 2491 3398 illud,

489 3412 538 3487 Et
553 3412 721 3490 Matthaei
744 3414 802 3485 12.
828 3412 975 3493 dicitur,
1000 3408 1132 3480 Redire
1148 3406 1464 3499 spiritusimmuu-
1515 3408 1643 3480 Roma.
1657 3410 1712 3481 o:
1745 3409 1827 3480 Non
1841 3414 1923 3483 estis
1936 3415 2002 3483 sub
2019 3414 2112 3502 lege,
2137 3418 2197 3484 sed
2214 3418 2279 3485 sub
2294 3418 2425 3505 gratia,
2451 3419 2490 3484 id

489 3521 555 3588 dos
567 3518 607 3584 iu
621 3519 764 3585 domum
779 3536 937 3596 vacuam,
961 3533 1050 3602 quae
1063 3511 1176 3579 fuerat
1191 3521 1292 3577 antea
1306 3521 1463 3598 purgata.
1515 3524 1586 3589 est,
1609 3511 1768 3580 conversi
1784 3512 1854 3581 iam
1871 3514 1996 3583 fiducia
2010 3514 2212 3583 mediatoris
2233 3518 2277 3584 ad
2292 3514 2427 3599 Deum,
2453 3520 2491 3584 id

490 3613 542 3685 Et
567 3612 720 3686 asturi
738 3616 787 3686 2.:
828 3611 918 3683 Cum
943 3606 1000 3694 hi,
1040 3610 1102 3701 qui
1123 3609 1323 3696 effugerunt
1342 3631 1464 3677 rursus
1515 3623 1584 3693 est,
1609 3634 1690 3681 vere
1703 3612 1828 3693 renati,
1854 3638 1927 3683 nou
1942 3626 2026 3683 sunt
2042 3614 2200 3685 damnati
2215 3629 2254 3685 ut
2270 3631 2387 3687 antea:
2413 3617 2490 3708 pla-

495 3713 776 3785 contaminantur
789 3714 913 3784 iisdem
927 3710 1087 3802 pcccatis,
1100 3710 1190 3779 liunt
1205 3709 1254 3779 eis
1270 3710 1464 3799 posteriora
1515 3724 1594 3781 cent
1612 3712 1707 3780 enim
1728 3726 1873 3804 propter
1893 3714 2141 3799 mediatorem,
2166 3716 2229 3807 qui
2252 3728 2285 3786 et
2305 3718 2372 3806 legi
2388 3718 2491 3787 satis-

492 3826 630 3904 peccata
651 3814 823 3883 deteriora
841 3813 1032 3905 prioribus.
1514 3812 1598 3883 facit
1611 3835 1676 3903 pro
1693 3814 1810 3897 nohis,
1826 3826 1859 3883 et
1875 3815 2007 3884 camin
2021 3814 2124 3884 nobis
2138 3817 2301 3896 restituit,
2328 3831 2362 3887 et
2377 3840 2491 3910 quau-

585 3911 731 3984 XINII.
766 3913 850 3983 Ideo
875 3911 1059 3983 execrandi
1076 3925 1159 3982 sunt
1179 3910 1345 3979 diabolici
1364 3913 1464 3978 furo·
1514 3935 1620 4004 quam
1644 3907 1759 3982 adhuc
1783 3908 1931 3986 haerent
1952 3915 1990 3983 in
2016 3914 2120 3984 nobis
2152 3916 2324 4008 reliquiae
2346 3918 2489 4006 peccati,

486 4038 543 4085 res
567 4012 896 4106 Anabaptistarum,
921 4011 983 4104 qui
1007 4011 1146 4093 dicunt,
1171 4011 1210 4077 in
1235 4010 1365 4079 renatis
1388 4033 1462 4079 non
1514 4025 1631 4082 tamen
1645 4036 1702 4082 eas
1723 4013 1808 4101 tegit
1831 4015 2001 4105 imputata
2025 4015 2175 4089 iusticia.
2229 4015 2281 4085 Ac
2301 4017 2488 4105 diligenter

488 4140 560 4185 esse
584 4117 762 4209 reliquum
786 4127 987 4206 peccatum,
1015 4126 1049 4181 et
1063 4112 1112 4181 sic
1128 4133 1192 4180 nos
1208 4134 1227 4179 a
1243 4110 1318 4198 lege
1331 4109 1462 4179 libera·
1514 4112 1772 4181 observandum
1787 4126 1856 4196 est,
1881 4116 1977 4205 quod
2001 4115 2161 4185 nominat
2181 4117 2346 4205 gratiam,
2370 4130 2405 4185 et
2426 4139 2490 4182 uos

485 4232 538 4287 tos
552 4240 644 4298 esse,
671 4218 803 4287 utiam
826 4210 918 4282 nihil
937 4214 982 4283 sit
999 4213 1074 4295 lex,
1098 4213 1169 4282 sint
1185 4233 1345 4280 concessa
1361 4211 1463 4279 adul·
1513 4212 1624 4298 gratia
1648 4212 1783 4301 placere
1806 4213 1982 4296 adfirmat,
2004 4217 2101 4305 quod
2125 4217 2297 4303 significat
2314 4215 2488 4284 iusticiam

485 4318 572 4388 teria
603 4331 637 4388 et
667 4310 878 4396 homicidia,
910 4326 943 4383 et
968 4313 1035 4380 alia
1056 4312 1249 4402 pugnantia
1276 4335 1355 4380 curu
1377 4310 1462 4399 lege.
1513 4309 1721 4399 gratuitam,
1759 4335 1828 4402 qua
1851 4326 1996 4403 propter
2015 4314 2243 4383 mediatorem
2262 4332 2401 4405 passum
2425 4337 2488 4403 pru
2557 4402 2561 4406 .
2669 4400 2672 4406 Ι

483 4417 560 4487 Ηοε
576 4418 770 4488 diabolicos
792 4416 928 4484 lurores
952 4413 1089 4481 erudite
1113 4415 1262 4481 refutare
1278 4412 1462 4483 discamus.
1515 4409 1635 4493 nobis,
1661 4424 1696 4479 et
1718 4410 1787 4478 iam
1813 4413 2054 4503 deprecantem
2079 4437 2144 4503 pro
2159 4415 2282 4498 nobis,
2303 4414 2491 4503 placemus,

586 4516 752 4590 XLVIII.
786 4515 887 4586 Sicut
910 4512 1080 4603 sapientia
1096 4526 1131 4583 et
1145 4514 1308 4580 voluntas
1322 4508 1390 4579 Dei
1412 4523 1463 4580 est
1512 4507 1602 4580 sicut
1612 4522 1645 4579 et
1655 4510 1741 4580 alibi
1754 4513 1901 4601 gratiam
1917 4514 2088 4596 nominat,
2102 4510 2488 4606 inquiensRoman.5.:

487 4631 625 4688 aeterna
650 4630 684 4686 et
705 4618 868 4698 immota,
894 4615 941 4685 ita
959 4627 993 4683 et
1009 4612 1063 4680 lex
1083 4613 1228 4682 moralis
1245 4625 1295 4682 est
1311 4626 1462 4695 aeterna,
1513 4609 1656 4698 Quanto
1677 4612 1789 4701 magis
1810 4615 1921 4702 gratia
1937 4612 2004 4683 Dei
2030 4628 2063 4684 et
2088 4616 2223 4705 donum
2248 4613 2490 4704 pergratiam,

486 4720 570 4810 qnia
585 4715 680 4788 Deus
704 4731 754 4788 est
776 4718 875 4800 talis,
908 4714 1048 4806 qualem
1072 4736 1108 4781 se
1124 4713 1162 4781 in
1188 4714 1262 4800 lege
1286 4712 1462 4796 describit,
1514 4727 1657 4803 propter
1670 4736 1782 4784 unum
1797 4708 1979 4784 hominem
1994 4713 2109 4785 Iesum
2125 4709 2308 4784 Christum
2323 4715 2490 4783 exuberat

487 4818 536 4890 Et
557 4831 675 4888 manet
689 4820 778 4888 ordo
794 4818 979 4899 immotus,
1004 4827 1044 4884 ut
1058 4827 1216 4885 creatura
1231 4809 1308 4881 Deo
1323 4813 1461 4881 obtem·
1511 4814 1550 4880 in
1568 4813 1708 4884 multos.
1764 4811 1817 4884 Ac
1834 4815 2022 4904 diligenter
2037 4814 2233 4885 consideret
2252 4814 2362 4883 lector
2385 4834 2489 4882 voca·

489 4933 594 5006 peret.
649 4917 702 4989 De
728 4913 794 4987 hoc
815 4917 939 4986 ordine
964 4914 1113 4984 dicimus
1134 4939 1214 4984 cum
1236 4911 1461 4982 nominamus
1512 4913 1636 4983 bulum
1660 4915 1790 5002 gratiae
1813 4916 1851 4984 in
1874 4916 2004 4986 talibus
2027 4915 2131 4998 locis,
2164 4927 2204 4984 ut
2227 4908 2491 4983 hancnecessa-

492 5018 659 5088 vocabula
682 5017 793 5089 debiti
813 5031 847 5088 et
871 5016 1095 5088 necessitatis.
1144 5013 1243 5084 Nova
1260 5013 1461 5083 obedientia¹
1512 5014 1601 5082 riam
1615 5012 1890 5084 consolationem
1910 5031 2101 5099 teneamus,
2127 5015 2221 5105 quod
2239 5014 2277 5080 in
2292 5035 2417 5102 magna
2432 5015 2490 5079 iu-

488 5130 541 5186 est
562 5117 731 5188 debitum.
781 5116 870 5188 Item
893 5129 944 5186 εει
965 5115 1178 5199 necessaria,
1202 5135 1276 5181 non
1299 5115 1393 5203 quod
1415 5113 1459 5181 sit
1510 5113 1673 5182 firmitate
1689 5115 1861 5196 conversi,
1885 5127 2003 5183 tamen
2018 5119 2177 5205 placeant
2197 5125 2341 5204 propter
2356 5114 2490 5182 media-

486 5217 670 5287 coactione
684 5232 836 5300 extorta,
861 5221 921 5287 sed
939 5218 1020 5310 quia
1036 5211 1094 5287 hic
1109 5217 1196 5285 ordo
1214 5215 1380 5282 immotus
1397 5225 1460 5296 est,
1509 5226 1639 5290 torem,
1665 5208 1780 5281 Deum
1794 5227 1828 5282 et
1843 5207 2036 5286 hominem.

486 5332 524 5387 ut
540 5331 701 5389 creatura
722 5316 797 5388 Deo
811 5319 1040 5409 obtemperet,
1608 5309 1686 5386 LII.
1729 5310 1845 5402 Magis
1868 5315 2047 5404 perspicue
2065 5314 2277 5404 intelligitur
2289 5313 2488 5382 liberatioa

583 5418 716 5493 XLIX.
756 5417 967 5513 Quanquam
993 5417 1101 5508 igitur
1121 5440 1267 5508 persona
1292 5417 1460 5507 recipitur
1509 5415 1602 5503 lege,
1626 5413 1768 5504 quando
1785 5414 1959 5501 integrum
1976 5416 2183 5486 beneficium
2201 5418 2389 5495 intuemur,
2404 5424 2490 5478 tunc

481 5535 624 5613 propter
640 5522 752 5591 lilium
767 5518 850 5600 Dei,
877 5533 912 5589 et
926 5543 988 5609 por
1003 5542 1084 5589 eum
1107 5535 1271 5613 tanquam
1289 5516 1459 5586 mediato·
1510 5537 1589 5583 curn
1630 5513 1824 5584 resuscitati
1857 5514 2068 5587 habebimus
2102 5519 2274 5587 iusticiam
2312 5528 2346 5581 et
2378 5511 2485 5579 vitam
2554 5599 2558 5607 Ι

482 5647 556 5692 rem
571 5637 605 5694 et
622 5625 870 5695 umbraculum
884 5620 1028 5707 tegitur:
1054 5633 1172 5690 tamen
1188 5645 1261 5691 non
1274 5632 1458 5712 propterea
1510 5627 1709 5714 aeteruum,
1734 5614 1809 5685 sine
1831 5630 1973 5707 peccato
1997 5633 2031 5688 et
2056 5618 2130 5688 sine
2147 5630 2278 5691 morte,
2304 5609 2487 5678 manifeste
