6025 6775
356 4086 359 4091 ,
463 4061 522 4118 tos
548 4044 687 4140 lapsus,
717 4059 758 4116 ut
787 4040 922 4130 David,
962 4044 1152 4130 Salomon,
1191 4041 1299 4116 Osias
1325 4058 1360 4116 et
1389 4045 1452 4114 alii

477 537 553 616 788
716 522 932 608 SCRIPTA
955 523 1033 602 PH.
1058 521 1176 599 Mnn
1198 518 1268 598 AD
1293 518 1423 601 lllS'l'.
1447 514 1596 597 PROP·
1619 513 1689 596 ΕΤ
1712 518 1909 607 PHILOS.
1933 523 2254 645 SPECTANTIA,
2302 585 2308 593 .
2422 542 2502 620 704

470 695 668 788 metuebat,
701 730 749 777 ne
777 701 903 777 ludaei
931 705 982 771 se'
997 694 1182 791 Aegyptiis
1210 694 1457 786 adiungerent.
1508 691 1613 765 citata
1630 692 1671 764 in
1685 694 1793 768 rebus
1806 698 1973 789 gerendis
1985 700 2170 778 instruxit:
2195 719 2316 782 tamen
2331 704 2497 798 horlon.

470 814 524 882 lta
540 807 645 881 novis
667 807 826 880 consiliis
839 801 1003 874 diabolus
1024 796 1211 890 impedivit
1223 796 1379 868 reditum
1393 795 1459 867 Iu·
1508 815 1551 884 ge
1565 794 1679 867 maius
1696 793 1835 871 bonnm
1855 800 1944 884 fuit,
1970 805 2070 896 quod
2087 820 2211 898 pectus
2231 809 2307 882 eius
2327 815 2371 885 ad
2392 818 2497 907 agni.

471 913 662 992 dacorum,
693 923 729 983 et
744 902 920 978 Ecclesiae
942 900 1247 974 instaurationem.
1296 896 1458 970 Fuerunt
1508 894 1642 968 tionem
1657 910 1692 968 et
1710 897 1971 974 invocationem
1988 906 2068 976 veri
2079 907 2151 981 Dei
2166 923 2204 983 et
2216 910 2367 986 Messiae
2385 917 2498 1005 flexit,

470 1015 594 1109 itaque
614 1012 655 1081 in
677 1010 775 1081 luctu
798 1005 869 1099 pii,
896 1000 1103 1097 praesertim
1132 1013 1322 1096 postquam
1342 997 1458 1097 Cyrus
1508 997 1639 1069 eteius
1662 997 1849 1092 imperium
1870 1004 1990 1100 ,votuit
2017 1030 2093 1079 esse
2124 1012 2282 1086 salutare
2309 1014 2496 1091 Ecclesiae,

471 1115 677 1191 interfectus
691 1122 754 1180 est·
1305 1153 1309 1160 ·
1507 1095 1608 1170 Haec
1626 1112 1711 1172 sunt
1731 1124 1868 1174 summa
1887 1106 1981 1177 bona
2001 1109 2271 1201 gubernatoris,
2298 1119 2383 1213 quia
2405 1121 2500 1211 poli.

464 1278 467 1283 .
580 1211 785 1284 Herodotus
815 1206 958 1291 scribit,
996 1203 1179 1277 Persicum
1214 1201 1403 1274 exercitum
1435 1224 1457 1271 a
1509 1200 1580 1273 tiae
1595 1201 1727 1272 debent
1740 1224 1815 1273 csse
1829 1199 1984 1297 hospitia
1996 1204 2185 1301 Ecclesiae,
2203 1228 2240 1288 et
2254 1220 2500 1292 ministerium

471 1313 678 1405 hlassagetis
699 1309 836 1402 ingenti
856 1308 991 1402 praelio
1014 1307 1148 1378 victum
1174 1328 1266 1390 esse,
1291 1315 1327 1375 et
1347 1302 1457 1374 simul
1506 1297 1697 1393 Evangelii
1711 1303 1982 1396 etdisciplinam
1996 1312 2103 1397 tueri,
2123 1313 2220 1388 iuxta
2239 1318 2396 1392 dictum:
2422 1321 2500 1395 Re·

469 1422 511 1491 in
530 1416 603 1491 acie
622 1411 756 1511 Cyrum
780 1411 1003 1483 intersectum
1027 1431 1121 1493 esse,
1146 1431 1186 1477 ac
1205 1418 1326 1499 postea
1351 1406 1457 1476 cada·
1507 1426 1568 1493 ges
1600 1415 1708 1475 erunt
1737 1405 1932 1479 nutritores
1963 1409 2030 1483 tui.
2080 1408 2129 1487 Et
2163 1415 2324 1490 Psalmus
2357 1422 2500 1515 inquit:

470 1519 547 1595 veri
567 1527 673 1609 caput
689 1512 885 1607 praecisum
901 1535 994 1602 esse,
1024 1511 1122 1603 quod
1141 1506 1310 1603 Tomyris
1333 1505 1456 1595 regina
1507 1501 1656 1597 Aperite
1688 1519 1810 1598 portas
1838 1521 1873 1581 et
1892 1506 2078 1604 Principes
2100 1531 2248 1606 vestras,
2279 1523 2497 1614 aperiamini

469 1622 511 1691 in
531 1632 647 1692 utrem
659 1616 816 1709 'plenum
841 1613 1013 1704 sanguine
1041 1610 1209 1694 coniecit,
1240 1608 1362 1680 addito
1387 1602 1458 1678 hoc
1508 1618 1631 1700 portae
1644 1607 1782 1684 mundi.
1820 1645 1825 1652 ·
1871 1625 1877 1660 ¹

468 1721 578 1793 verbo
594 1741 676 1789 cum
696 1715 909 1787 contumelia
925 1728 960 1786 et
974 1711 1244 1805 exprobratione
1264 1709 1458 1780 crudelita-
1609 1702 1820 1808 Optandum
1835 1723 1957 1784 autem
1969 1726 2056 1803 erat,
2071 1716 2185 1810 ¹plura
2199 1721 2243 1790 de
2257 1718 2350 1816 Cyro
2363 1724 2402 1795 in
2417 1721 2493 1796 Da-

468 1823 530 1897 tis:
550 1819 645 1912 Quia
659 1815 866 1909 sanguinem
880 1816 1033 1895 sitiisset,
1050 1814 1101 1884 ibi
1114 1808 1271 1882 humano
1283 1809 1456 1900 sanguine
1506 1807 1601 1878 niele
1618 1825 1755 1897 extare,
1780 1815 1843 1883 scd
1864 1813 2024 1905 legamus
2044 1831 2218 1911 quantum
2233 1825 2378 1897 tradidit
2398 1827 2495 1897 anti-

469 1934 695 1998 satnraretur.
728 1913 847 1989 Antea
860 1918 957 1989 enim
971 1914 1086 2011 Cyrus
1101 1924 1135 1984 et
1152 1914 1341 1985 exercitum
1355 1911 1456 1984 Mas-
1506 1909 1642 2003 quitas,
1665 1925 1701 1984 et
1721 1914 1873 1987 virtutes
1887 1912 1974 2012 Cyri
1995 1919 2187 2011 diligenter
2202 1923 2242 1992 in
2256 1911 2495 2017 Xenophonte

467 2039 667 2119 sagetarum
691 2019 949 2104 trucidaverat,
988 2016 1163 2089 etlilium
1198 2015 1340 2107 reginae
1373 2037 1455 2085 coe-
1506 2014 1796 2106 contemplemur.
1847 2015 2032 2113 Nusquam
2047 2021 2215 2094 irascitur
2234 2024 2273 2095 in
2289 2038 2360 2097 tota
2381 2024 2496 2098 histo-

467 2142 579 2223 ΡΜ,
1505 2111 1580 2198 ria,
1605 2137 1679 2184 non
1702 2129 1813 2189 certat
1840 2120 2052 2203 ambitione,
2078 2125 2175 2195 cedit
2198 2122 2369 2220 Cyaxari,
2389 2127 2439 2200 ait
2457 2152 2496 2198 se

570 2225 651 2301 Etsi
664 2237 780 2298 autem
795 2223 914 2319 inquit
927 2219 1152 2304 Herodotus,
1178 2219 1367 2290 dissimiles
1381 2240 1455 2288 esse
1506 2237 1583 2286 non
1597 2215 1707 2288 effuse
1724 2218 1888 2291 laetatum
1902 2243 1987 2310 esse,
2014 2219 2380 2321 οὐδἐὐφραίνεσθαι
2392 2227 2500 2300 ἐκπε-

470 2351 650 2406 sermones
664 2329 708 2398 de
724 2325 811 2421 Cyri
825 2337 959 2410 morte,
983 2338 1102 2396 tamen
1123 2322 1293 2414 utrinqne
1309 2340 1455 2410 magnos
1504 2311 1712 2409 πταμένως.
1768 2318 1963 2413 Diligentia
1989 2337 2087 2397 unta
2106 2328 2196 2413 fuit,
2231 2342 2372 2400 utnon
2395 2332 2499 2402 daret

471 2434 642 2507 exercitus
672 2428 865 2499 trucidatos
891 2448 964 2496 esse
992 2435 1269 2495 consentaneum
1294 2434 1357 2493 est.
1406 2416 1456 2491 Et
1504 2421 1674 2490 mandata
1691 2420 1849 2508 incertis,
1873 2437 1915 2495 ut
1930 2426 2108 2519 negligens
2122 2430 2377 2520 paterfamilias
2389 2431 2496 2504 dicit:

468 2533 548 2606 lieri
568 2542 700 2626 potest,
724 2541 766 2600 ut
779 2524 893 2621 Cyrus
907 2523 1022 2596 Deum
1041 2538 1135 2596 recte
1158 2522 1393 2607 invocaverit,
1419 2534 1455 2593 et
1504 2517 1572 2590 Eat
1591 2520 1721 2615 aliquis
1733 2525 1779 2594 ad
1796 2547 1925 2619 aquam
1940 2528 2136 2598 serendam:
2158 2527 2269 2622 Ligna
2285 2533 2418 2625 aliquis
2433 2556 2496 2603 se-

467 2634 578 2706 fuerit
599 2625 894 2702 verae·Ecclesiae
910 2628 1128 2712 membrum,
1159 2648 1200 2695 ac
1221 2620 1343 2696 haeres
1360 2623 1455 2695 vitae
1505 2633 1604 2705 cato,
1627 2624 1687 2693 sed
1703 2625 1917 2696 nominatim
1934 2627 2040 2701 certis
2054 2631 2216 2701 mandata
2231 2633 2345 2715 dedit,
2369 2646 2403 2704 et
2418 2658 2491 2701 no-

468 2748 648 2819 aeternae,
673 2730 845 2801 didicerat
865 2727 960 2798 enim
980 2725 1165 2798 aDaniele
1181 2750 1300 2797 veram
1322 2726 1456 2796 doctri·
1506 2722 1603 2792 mina
1618 2725 1794 2799 meminit.
1843 2725 1949 2799 lussit
1966 2730 2197 2821 praeconium
2212 2732 2287 2804 heri
2309 2733 2348 2802 in
2369 2734 2492 2818 bellis,

467 2859 572 2921 nam,
595 2847 712 2904 umen
734 2843 777 2908 ut
790 2828 900 2900 losias
920 2842 1018 2900 moto
1040 2851 1113 2898 nou
1136 2827 1330 2898 necessario
1347 2827 1456 2912 bello,
1505 2836 1548 2896 ut
1562 2841 1775 2928 parceretur
1796 2829 1975 2917 agricolis,
2002 2844 2038 2902 et
2061 2856 2170 2925 quom
2190 2833 2376 2905 minimum
2398 2833 2491 2904 belli

363 2915 368 2936 ⁸
468 2938 604 3009 cladem
620 2930 811 3024 acceperit,
836 2944 871 3002 et
884 2930 980 3000 inter
1000 2929 1158 3021 exempla
1180 2928 1382 3022 propositus
1394 2930 1454 3012 sit,
1506 2940 1613 3012 esset,
1653 2922 1901 3024 σμικρότατον
1924 2933 1994 3003 τοῦ
2015 2929 2184 3027 πολέμου
2209 2935 2339 3010 λιπεῖν.
2386 2933 2497 3004 lubet

468 3061 559 3134 quae
574 3046 733 3120 monent,
751 3045 826 3102 non
841 3032 956 3102 solum
971 3031 1100 3124 impios
1111 3045 1147 3103 et
1159 3030 1291 3103 iniusta
1305 3054 1455 3100 moven-
1504 3027 1555 3098 sic'
1570 3029 1722 3115 vincere,
1746 3043 1787 3101 ut
1802 3054 2018 3122 possessores
2029 3048 2199 3107 maneant
2210 3036 2251 3106 in
2266 3036 2342 3108 suis
2353 3056 2498 3128 posses-

468 3153 533 3224 tes,
553 3134 664 3209 aDeo
681 3133 804 3220 everti,
824 3146 864 3204 ut
878 3127 1113 3219 Pharaonem,
1135 3130 1291 3216 Saulem,
1314 3145 1350 3203 et
1365 3132 1454 3202 alios
1504 3130 1677 3201 sionibus.
1728 3128 1893 3223 Reprimi
1917 3135 1996 3206 vult
2017 3149 2172 3210 armatos
2194 3132 2334 3223 hostes,
2359 3149 2395 3210 et
2418 3157 2499 3207 ser·

470 3238 767 3322 innumerabiles,
798 3233 989 3305 sedetiam
1015 3234 1156 3317 electis,
1189 3257 1269 3304 cum
1292 3231 1334 3304 in
1353 3232 1455 3304 fasti·
1504 3232 1581 3302 vari
1596 3233 1769 3326 populum
1785 3234 1882 3327 pacis
1898 3236 2077 3330 cupidam.

470 3342 568 3435 ginm
590 3349 784 3423 venerunt,
816 3336 1024 3408 metuendos
1051 3358 1125 3408 esse
1149 3335 1315 3406 adversos
1341 3356 1454 3417 casus,
1864 3417 1866 3427 Ι

468 3443 675 3536 praesertim
694 3441 723 3510 si
744 3439 833 3509 liant
853 3438 1048 3528 segniores,
1072 3450 1113 3509 nt
1134 3436 1329 3508 multorum
1350 3460 1453 3528 prae-
1832 3459 1901 3531 D,
1924 3461 2064 3533 3001,
2071 3465 2163 3535 ,qao

468 3542 764 3616 stantissimorum
788 3535 973 3610 hominum
993 3562 1056 3610 sua
1071 3540 1242 3633 quaedam
1257 3551 1339 3609 sunt
1356 3561 1454 3609 erra-

468 3659 523 3734 ta,
543 3665 633 3738 quae
650 3641 863 3712 comitantur
875 3664 1021 3733 poenae,
1046 3642 1085 3713 ut'
1101 3636 1267 3725 Aaronis,
1288 3636 1454 3711 Salomo-

467 3744 543 3829 nis,
575 3737 703 3822 Osiae,
735 3739 859 3814 Iosiae.
915 3739 964 3813 Et
985 3740 1234 3812 universaliter
1256 3741 1334 3812 vult
1353 3741 1453 3812 Deus

467 3866 591 3918 omnes
612 3854 751 3915 sanctos
776 3865 963 3934 agnoscere
986 3842 1225 3912 infirmitatem
1247 3837 1453 3926 humanam,

468 3959 502 4017 et
515 3944 779 4036 obtemperare,
806 3968 885 4014 eum
903 3957 965 4017 aut
988 3941 1190 4035 puniuntur
1211 3956 1357 4034 propter
1376 3965 1452 4012 eer-

1605 3585 1708 3661 Anni
1728 3614 1834 3684 supra
1858 3615 1900 3662 ex
1915 3589 2018 3663 Mose
2036 3605 2072 3666 et
2092 3588 2251 3665 historiis
2275 3589 2497 3689 propheticis

1503 3693 1630 3764 ordine
1645 3694 1778 3785 sumpti
1792 3704 1886 3764 sunt.

1605 3794 1702 3863 Anni
1723 3795 1768 3863 ab
1794 3792 1899 3863 initio
1920 3792 2048 3877 mundi
2073 3815 2186 3887 usque
2210 3795 2256 3866 ad
2279 3797 2496 3871 destnrctio-

1502 3918 1584 3965 nem
1602 3892 1837 3991 ierosolymae
1852 3888 1966 3969 3556.

1603 4007 1709 4084 Adde
1730 4012 1780 4087 70
1803 4011 1901 4083 exilii
1923 4009 2134 4107 Babylonici
2155 4019 2331 4108 usquead
2351 4033 2496 4111 captam

467 4147 587 4220 multi:
622 4143 697 4218 Aut
713 4145 883 4237 singulari
898 4147 1047 4218 consilio
1066 4146 1139 4218 Dei
1160 4158 1356 4218 onerantur
1371 4170 1453 4218 crn-
1501 4111 1724 4233 Babyl⁰ff¹⁸¹¹¹
1747 4112 1897 4234 wilfi·
1920 4125 1957 4186 ‘²
1970 4137 2083 4207 mque
2103 4115 2157 4234 δᾶ.
2173 4117 2326 4187 ‘ditium
2339 4116 2427 4211 Cyri.
2441 4125 2493 4193 de

467 4271 507 4320 ce
523 4262 558 4320 et
573 4247 771 4333 aerumnis,
798 4247 888 4318 sicut
910 4248 1079 4339 scriptum
1100 4261 1167 4320 estc
1197 4246 1452 4321 Humiliamioi
1501 4227 1724 4287 mmmmm
1744 4215 1887 4307 te¹¹¹P¹¹a
1911 4234 2008 4287 ⁸⁰⁰⁰
2030 4217 2160 4317 mundi
2181 4211 2289 4291 34²5·
2385 4266 2387 4271 ’

466 4351 534 4421 sub
550 4349 689 4442 potenti
705 4371 814 4418 manu
830 4344 909 4420 Dei.
963 4346 1067 4420 ltcm:
1094 4344 1248 4441 Oportet
1270 4373 1336 4422 nos
1351 4352 1451 4421 simi·
1525 4378 1532 4393 ‘
1606 4330 2488 4426 Utauleffl¹0¹⁰P⁶15030130‘mmmmm‘-

465 4451 517 4522 les
532 4451 609 4522 lieri
626 4450 790 4544 imaginis
804 4449 867 4519 filii
883 4448 966 4523 Dei.
1022 4464 1026 4471 ·
1503 4436 1656 4509 randum
1670 4449 1741 4521 est,
1765 4457 1855 4530 qnae
1870 4448 1904 4506 et
1921 4434 1983 4505 ubi
1999 4433 2106 4508 fuerit
2117 4429 2288 4518 Ecclesia,
2311 4457 2402 4529 quae
2416 4428 2490 4509 ha-
2520 4482 2527 4494 ·

567 4551 697 4626 Narrat
731 4566 848 4625 autem
881 4544 1105 4641 Xenophon,
1146 4546 1281 4646 Cyrum
1315 4554 1453 4644 placid,
1502 4537 1622 4610 buerit
1644 4537 1866 4617 testimonia,
1895 4536 2071 4629 pericula,
2101 4533 2347 4618 liberationes,
2371 4551 2490 4611 certa.

468 4664 748 4739 mmmmm,
775 4653 900 4725 eteius
915 4653 1111 4723 orationem
1127 4652 1260 4738 recitat,
1284 4679 1355 4748 qua
1371 4670 1453 4726 0111,
1502 4639 1618 4713 mina:
1659 4639 1708 4710 ita
1740 4662 1838 4709 stunc
1871 4650 2030 4730 tempore
2061 4630 2289 4707 monarchiae
2321 4635 2490 4715 Persicae

469 4764 621 4823 mortem
642 4753 734 4823 lilios
757 4750 922 4825 hortatur
935 4755 981 4824 ad
1003 4754 1178 4826 iusticiam
1195 4756 1288 4824 etad
1304 4779 1452 4826 concor·
1503 4743 1626 4813 efldeffl
1643 4739 1899 4810 ⁶0ss⁸3d⁸r³¹¹d³
1914 4753 2009 4810 ⁸¹¹¹1l·
2055 4732 2199 4808 Dictum
2217 4752 2268 4820 tt!
2289 4752 2405 4811 aulem
2421 4764 2487 4813 ⁸¹1-

468 4853 575 4927 diam,
623 4849 672 4923 Et
685 4853 783 4922 addit
797 4855 1166 4926 commemorationem
1181 4856 1225 4923 de
1240 4855 1453 4927 immortali.
1503 4867 1585 4936 pra,
1610 4841 1717 4912 fnisse
1741 4840 1935 4913 Ecclesiam
1954 4838 2057 4911 annis
2080 4836 2131 4908 70
2152 4838 2192 4907 in
2215 4840 2321 4911 exilio
2337 4853 2367 4912 et
2389 4841 2487 4915 tristi

467 4967 539 5026 aare
561 4952 718 5037 animae,
743 4968 778 5026 er
796 4955 841 5025 de
862 4957 1028 5046 praemii,
1050 4969 1085 5027 et
1108 4955 1231 5048 poeni,
1250 4960 1452 5051 mummi,
1502 4945 1670 5017 servitute
1686 4942 1723 5012 in
1739 4937 1936 5026 Chaldaea,
1961 4942 2000 5012 in
2016 4965 2085 5036 qua
2101 4955 2219 5012 tamen
2235 4940 2330 5013 Dens
2346 4945 2492 5018 ornavit

468 5068 550 5147 post
571 5050 798 5132 hancvitam,
848 5053 902 5128 Ac
922 5057 1047 5129 iudicii
1069 5058 1186 5129 divini
1205 5073 1240 5133 eg
1259 5060 1399 5148 ,ignum
1419 5075 1453 5132 ει
1503 5070 1579 5117 eam
1596 5046 1794 5120 illustribus
1808 5044 2018 5116 testimoniis
2035 5056 2069 5114 et
2091 5042 2225 5133 ingenti
2240 5043 2368 5132 gloria,
2394 5045 2490 5116 libe-

467 5156 711 5229 testimonium
724 5181 798 5229 esse
811 5157 972 5245 affirmat,
994 5153 1190 5234 horrendos
1205 5142 1354 5255 pavores
1365 5186 1453 5234 con·
1501 5147 1640 5220 ratione
1661 5148 1820 5218 limum
1844 5146 1974 5232 trium,
2006 5145 2069 5240 qui
2093 5147 2132 5215 5¹¹
2155 5145 2314 5216 fl³¹¹¹¹¹¹³⁸
2334 5146 2484 5217 (θῦῑθῑίῖ
2544 5140 2549 5151 ’

467 5259 645 5344 scientiae,
665 5259 727 5352 qui
742 5272 826 5330 sunt
843 5260 1000 5332 vindices
1015 5263 1199 5350 scelerum,
1221 5264 1358 5336 etiamsi
1373 5268 1453 5358 quis
1501 5253 1653 5334 sumni,
1668 5265 1702 5321 01
1715 5249 1795 5319 ²¹5⁸
1809 5249 2006 5322 miraculi&
2026 5243 2081 5319 Ac
2097 5267 2219 5317 ΜΝ*
2232 5259 2313 5318 ³⁰¹0
2328 5246 2484 5320 ‘ditium

468 5356 623 5432 humana
638 5358 770 5430 iudicia
786 5361 958 5452 effugerit.
1501 5349 1588 5448 Cyri
1606 5349 1734 5423 Daniel
1747 5355 1842 5421 inter
1863 5349 1984 5420 leones
2005 5360 2165 5420 servatus
2178 5361 2240 5420 est.

568 5458 648 5534 Etsi
673 5477 790 5533 autem
811 5485 980 5554 magnum
1005 5465 1112 5534 decus
1135 5475 1205 5547 est,
1236 5466 1333 5557 quod
1350 5467 1450 5539 Dens
1602 5465 1707 5536 Nune
1720 5451 1910 5535 laetissima
1922 5465 2082 5541 reductio
2096 5464 2136 5535 in
2151 5462 2299 5557 patriam
2314 5464 2493 5559 sequitur·

465 5559 598 5660 Cyrum
615 5567 659 5635 ad
675 5563 815 5656 imperii
831 5566 1012 5657 fastigium
1026 5562 1176 5648 vocavit,
1201 5568 1450 5655 etprudentia,
1501 5562 1716 5658 Quanquam
1751 5578 1868 5637 autem
1902 5579 2123 5639 accesserunt
2153 5566 2285 5636 multae
2310 5565 2490 5653 miseriae,

462 5665 599 5741 iusticia
606 5704 620 5752 ι
638 5667 862 5743 ,fortitudine
888 5681 923 5739 et
944 5664 1026 5737 aliis
1050 5662 1261 5759 virtutibus,
1286 5679 1321 5740 et
1342 5668 1446 5739 foeli—
1500 5679 1618 5739 tamen
1641 5663 1846 5739 monarchia
1871 5649 2010 5742 Persica
2038 5691 2152 5764 usque
2179 5662 2317 5739 adhoc
2345 5680 2489 5760 tempus
