6025 6775
496 568 567 645 110
1050 554 1210 632 DECL.
1246 553 1324 630 DE
1353 549 1583 632 saututs
1616 552 1947 641 saxonicis,
1993 585 1997 592 ·
2181 503 2183 509 Α
2432 567 2505 652 12¹0

501 736 697 831 adprobare
717 745 849 816 artem,
871 741 905 799 et
926 725 1012 798 baec
1031 738 1149 795 nostra
1173 725 1306 813 oliicia,
1328 749 1370 796 sc
1387 728 1478 798 velle
1527 726 1595 798 diis
1617 727 1710 797 vitae
1730 741 1870 800 uostrae
1892 735 2101 823 cogitemus,
2127 738 2186 818 sed
2209 741 2333 827 etiam,
2357 755 2397 814 ut
2415 746 2506 815 ordo

503 863 603 922 eum,
627 851 668 908 ut
687 830 848 903 homines
870 825 1033 899 remediis
1057 849 1076 893 a
1097 848 1133 894 se
1156 828 1307 898 conditis
1323 843 1480 908 utantur,
1528 843 1561 898 et
1583 828 1730 897 consilia
1752 832 1796 900 de
1818 823 1885 901 usu
1910 858 2049 921 rerum,
2074 840 2215 928 quaein
2229 854 2323 912 tauta
2339 846 2505 917 varietate

503 941 595 1010 velle
607 938 711 1007 etiam
732 934 879 1004 artifices
902 952 992 1012 esse,
1017 926 1079 1019 qui
1102 939 1211 996 artem
1230 927 1309 996 aliis
1331 931 1481 1012 tradant,
1528 927 1616 996 mira
1632 941 1707 999 arte
1721 930 1928 1003 distributae
1942 948 2047 1018 sunt,
2073 939 2247 1009 deducant
2266 966 2332 1012 uos
2345 948 2388 1013 ad
2404 946 2506 1034 agni-

506 1054 540 1110 et
555 1036 708 1108 remedia
726 1030 923 1113 exhibeant,
949 1040 984 1096 et
998 1027 1164 1096 adiuvare
1181 1052 1261 1097 eum
1278 1029 1392 1097 fidelis
1406 1053 1482 1097 rue-
1529 1028 1660 1097 tionem
1683 1029 1837 1119 opificis,
1868 1047 1903 1103 et
1925 1033 2026 1103 fateri
2049 1059 2116 1103 nos
2136 1053 2280 1128 cogant,
2309 1065 2380 1112 esse
2404 1069 2505 1113 meu-

506 1139 579 1210 diei
601 1138 731 1216 officia,
768 1128 971 1222 praesertim
999 1128 1197 1197 invocantis
1226 1128 1360 1217 ipsum,
1401 1152 1479 1198 cum
1530 1141 1600 1198 tem
1621 1125 1951 1217 architectatricem,
1982 1158 2071 1225 quae
2086 1160 2158 1204 non
2174 1141 2288 1209 solum
2302 1141 2507 1217 formaverit

507 1242 676 1332 scripturn
692 1234 751 1302 sit:
777 1229 963 1300 Dalocum
979 1230 1133 1313 medico,
1157 1250 1240 1297 nam
1257 1242 1290 1298 et
1304 1227 1482 1300 Dominus
1530 1230 1649 1297 omnia
1677 1231 1804 1299 mundi
1829 1255 1991 1321 corpora,
2024 1248 2058 1304 et
2078 1252 2276 1308 conservet:
2317 1244 2507 1314 sedetiam

509 1365 588 1413 eum
602 1333 749 1410 creavit,
773 1344 864 1401 certe
879 1330 955 1401 vult
971 1352 1114 1422 operam
1136 1342 1293 1399 nostram
1314 1353 1389 1399 non
1408 1352 1481 1400 esse
1530 1329 1746 1420 prospiciens
1771 1323 1957 1401 hominum
1980 1336 2102 1413 saluti,
2143 1338 2191 1405 sic
2221 1339 2419 1414 distinxerit
2453 1366 2508 1414 res

507 1435 654 1509 irritam.
704 1429 772 1500 His
792 1430 1093 1502 consolationibus
1108 1453 1165 1498 me
1179 1431 1368 1516 confirmo,
1391 1455 1483 1523 quo·
1530 1441 1729 1512 nascentes,
1761 1443 1802 1498 ut
1817 1434 2001 1521 praecipue
2017 1436 2228 1505 adminicula
2245 1438 2315 1508 sint
2333 1435 2508 1515 humanae

507 1540 572 1609 ties
593 1538 638 1603 ad
661 1545 879 1621 aegrotantes
899 1532 1045 1615 accedo,
1077 1544 1111 1599 et
1133 1530 1239 1598 simul
1253 1527 1368 1600 Deum
1391 1535 1483 1600 vitae
1530 1530 1641 1613 vitae,
1666 1542 1702 1600 et
1715 1530 1874 1619 singulae
1889 1534 2080 1622 peculiares
2094 1538 2262 1606 utilitates
2278 1540 2448 1613 adierant.

504 1639 639 1707 {nutem
666 1647 701 1703 et
729 1633 965 1704 remediorum
986 1632 1203 1702 conditorem
1229 1654 1312 1711 oro,
1345 1644 1386 1702 ut
1408 1631 1482 1721 ipse
1632 1627 1890 1701 Testimonium
1904 1633 2011 1724 igitur
2032 1639 2076 1704 de
2095 1638 2208 1728 seipso
2221 1637 2318 1708 Deus
2333 1643 2509 1728 conditor,

504 1748 657 1807 mentem
674 1746 709 1803 et
720 1734 876 1803 dextram
891 1756 1003 1803 meam
1018 1732 1199 1822 gubernet.
1223 1729 1305 1801 Scin
1319 1754 1482 1820 maguam
1530 1741 1564 1797 et
1580 1729 1624 1797 de
1636 1729 1877 1819 providentia,
1903 1728 2278 1826 hanclpuleherrimam
2295 1764 2413 1812 rerum
2428 1744 2504 1815 dis-

398 1883 401 1890 ·
506 1861 580 1908 esse
596 1835 834 1905 infirmitatem
849 1847 995 1905 naturae
1010 1827 1206 1917 humanae,
1242 1853 1307 1922 nee
1326 1832 1482 1901 ullima-
1528 1829 1759 1900 tributionem
1795 1845 1830 1903 et
1859 1838 2102 1908 oeconomiam
2130 1860 2203 1907 esse
2230 1840 2354 1915 voluit.
2429 1842 2505 1914 Nos

506 1939 560 2028 gis
574 1934 642 2008 hoc
658 1926 809 2019 nbrunt,
831 1957 937 2027 quam
951 1933 1096 2016 medici,
1121 1931 1183 2024 qui
1199 1933 1356 2021 exempla
1370 1933 1482 2002 multa
1529 1953 1670 2023 quoque
1692 1931 1926 2023 intelligentes
1948 1937 2030 2007 fecit
2055 1951 2248 2023 creaturas,
2272 1954 2313 2010 ut
2333 1964 2429 2011 suam
2448 1945 2507 2013 lu-

445 2025 449 2032 ’
507 2040 650 2122 vident,
676 2048 710 2104 et
722 2058 821 2125 saepe
836 2047 985 2105 cernunt
1007 2056 1047 2101 ex
1070 2032 1206 2102 levibus
1226 2031 1482 2104 offensionibus
1529 2053 1621 2114 cem,
1652 2029 1876 2122 sapientiam,
1916 2037 2108 2108 bonitatem
2135 2052 2168 2107 et
2199 2039 2371 2110 iusticiam
2401 2044 2506 2113 uobis

464 2152 468 2159 '
508 2139 595 2208 oriri
612 2135 763 2207 exitialia
779 2135 882 2218 mala,
906 2158 1007 2225 saepe
1023 2131 1301 2203 convalescentes
1317 2155 1392 2200 non
1408 2156 1481 2201 ser·
1529 2132 1785 2219 communicet,
1823 2136 1907 2226 quia
1938 2137 2073 2208 bouum
2104 2153 2155 2209 est
2187 2137 2406 2213 asosvumutds‘¹
2437 2143 2506 2215 sui.

508 2252 588 2308 vato
604 2249 749 2306 naturae
762 2235 888 2303 ordine
910 2232 1058 2303 saevicia
1078 2232 1258 2302 redeuntis
1278 2233 1396 2302 morbi
1421 2256 1482 2301 ex·
1530 2227 1569 2297 ld
1596 2231 1671 2298 lieri
1697 2255 1770 2303 nou
1798 2248 1928 2325 potest,
1962 2237 2032 2305 nisi
2052 2260 2280 2327 agnoscamus
2300 2253 2334 2312 et
2352 2241 2506 2313 celebre-

508 2337 634 2427 tiugui,
657 2357 757 2426 saepe
777 2347 873 2404 tanta
897 2348 948 2404 est
968 2333 1125 2423 corporis
1143 2333 1324 2417 debilitas,
1356 2345 1396 2403 ut
1417 2355 1482 2402 nec
1528 2350 1608 2398 mus
1632 2352 1723 2418 eum.

507 2439 646 2518 cibum,
677 2459 744 2506 nac
767 2435 922 2504 remedia
943 2435 1116 2504 admittat.
1171 2431 1268 2502 Haec
1289 2433 1355 2503 etsi
1378 2433 1480 2517 bunt,
1512 2487 1520 2516 ,
1610 2425 1790 2512 Eruscitat
1805 2433 1914 2523 igitur
1927 2460 1992 2510 nos
2005 2439 2048 2507 ad
2063 2439 2117 2508 sui
2134 2439 2360 2529 agnitionem,
2386 2456 2505 2512 osteu-

509 2551 627 2610 tameu
658 2538 746 2606 ordo
775 2534 918 2604 divinus
944 2558 1017 2603 non
1046 2532 1276 2623 negligendus
1301 2546 1372 2617 est,
1405 2534 1482 2603 vult
1528 2530 1576 2597 sis
1593 2530 1791 2603 illustribus
1806 2534 2069 2610 testimouiisde
2083 2561 2175 2624 sese,
2203 2540 2242 2608 in
2262 2542 2422 2611 universa
2440 2567 2506 2613 na·

507 2635 606 2720 Deus
621 2649 654 2706 et
667 2635 764 2707 cibos
780 2646 813 2704 et
826 2636 980 2704 remedia
996 2629 1172 2719 exhiberi,
1203 2634 1240 2702 id
1260 2633 1328 2704 rite
1344 2634 1422 2718 fiat,
1446 2646 1483 2703 et
1530 2644 1624 2713 tura,
1663 2655 1753 2723 quiae
1782 2657 1862 2703 cum
1889 2640 2085 2708 enumerari
2113 2641 2231 2709 omnia
2260 2663 2333 2708 uon
2361 2644 2506 2733 possint,

509 2750 654 2808 eventus
682 2736 748 2828 ipsi
780 2737 1055 2807 commendetur.
1112 2732 1202 2803 Nam
1224 2746 1259 2804 et
1275 2733 1429 2804 amentia
1448 2745 1482 2803 et
1530 2731 1715 2822 praecipua
1732 2746 1850 2804 tamen
1869 2758 2004 2827 semper
2018 2739 2057 2808 iu
2072 2753 2257 2830 conspectu
2274 2741 2362 2822 siut,
2388 2757 2429 2812 ut
2448 2765 2506 2811 as-

509 2838 621 2913 scelus
638 2850 745 2921 esset,
770 2836 845 2905 seni
861 2849 921 2906 aut
934 2834 1126 2925 aegrotanti
1141 2857 1186 2904 ue
1201 2833 1321 2903 cibum
1338 2835 1482 2927 quidem
1532 2831 1727 2904 sensionem
1752 2836 1796 2903 de
1825 2837 2049 2925 providentia
2078 2840 2294 2912 confirment.
2363 2841 2505 2935 Nequa-

507 2940 611 3023 dare,
634 2936 718 3030 quia
734 2959 807 3006 non
822 2936 931 3005 simili
947 2935 1303 3025 voluptate-fruatur,
1328 2936 1483 3005 ut'iuve-
1532 2954 1637 3022 quam
1668 2956 1749 3002 casu
1780 2958 1822 3003 cx
1853 2933 2047 3008 Democriti
2080 2941 2205 3015 atomis
2236 2942 2404 3012 confluxit
2445 2937 2504 3012 bic

507 3038 582 3120 nis,
606 3036 918 3118 autrectevalens.
967 3033 1053 3124 Legi
1071 3033 1212 3104 divinae
1236 3046 1340 3126 atque
1362 3034 1482 3103 ordini
1532 3031 1665 3120 positus
1678 3034 1785 3116 coeli,
1809 3035 1919 3118 aeris,
1944 3060 2056 3130 aquae
2071 3052 2105 3110 et
2122 3053 2248 3111 terrm.
2296 3040 2369 3114 Nec
2389 3043 2504 3111 sidera

507 3137 678 3208 divinitus
694 3137 826 3205 sancito
843 3137 1143 3227 obtemperemus,
1167 3128 1322 3203 etDeum
1337 3149 1482 3204 naturae
1532 3154 1614 3200 casu
1628 3149 1811 3223 perpetuas
1823 3136 1915 3225 leges
1931 3153 2092 3213 motuum
2107 3156 2261 3225 servant,
2286 3167 2376 3238 quse
2392 3155 2506 3231 gratas

507 3238 725 3308 conditorem
742 3259 943 3325 precemur,
968 3249 1010 3308 ut
1031 3259 1112 3320 nos,
1136 3255 1226 3327 quos
1248 3233 1483 3323 languefactos
1532 3244 1567 3300 et
1579 3232 1684 3301 utiles
1698 3235 1854 3306 efficiunt
1876 3238 2014 3308 dierum
2037 3264 2077 3309 ac
2102 3242 2282 3326 noctium,
2298 3243 2451 3314 ,aestatis
2474 3255 2508 3314 et

507 3340 635 3409 scelere
648 3336 801 3421 diaboli,
825 3348 941 3407 mmen
956 3338 994 3406 in
1009 3331 1075 3406 hac
1090 3334 1384 3410 infirmitatenon
1406 3334 1484 3407 vult
1532 3326 1669 3425 byemis
1684 3335 1788 3407 vices.
1838 3336 1910 3408 Nec
1925 3338 2001 3412 siue
2018 3340 2149 3412 auxilio
2162 3338 2231 3412 Dei
2244 3346 2341 3422 [terra
2357 3358 2507 3436 quotan-

508 3439 625 3509 subito
639 3436 812 3524 extingui,
836 3430 966 3519 servet,
992 3451 1026 3509 et
1043 3438 1210 3506 concedat
1223 3435 1339 3527 aliqua
1355 3436 1483 3525 spacia,
1533 3433 1589 3501 nis
1606 3434 1642 3502 fit
1658 3434 1848 3537 foecunda,
1873 3464 1938 3510 nec
1956 3464 2037 3512 casu
2051 3442 2182 3531 gignit,
2206 3444 2349 3533 stirpes,
2373 3464 2506 3525 succos,

509 3551 549 3609 ut
570 3533 761 3607 Ecclesiam
782 3536 874 3607 inter
890 3562 954 3609 nos
976 3537 1137 3624 colligat,
1160 3558 1266 3626 quam
1286 3549 1325 3604 ut
1348 3559 1484 3626 semper
1532 3535 1686 3604 metalla.
1737 3535 1899 3629 Denique
1920 3532 2118 3630 intellectus
2138 3564 2364 3613 numerorum
2386 3554 2421 3613 et
2443 3565 2505 3620 on·

509 3638 547 3706 iu
573 3633 628 3706 his
648 3637 850 3724 regionibus
871 3640 1013 3729 colligat
1036 3650 1069 3708 et
1092 3637 1281 3727 gubernet,
1302 3646 1378 3706 toto
1401 3660 1481 3708 eum
1532 3634 1642 3714 dinis,
1668 3648 1701 3703 et
1723 3635 1843 3704 lumen
1868 3639 1905 3705 in
1928 3641 2050 3721 nobis,
2083 3644 2286 3712 discernens
2306 3637 2450 3712 honesta
2472 3656 2508 3715 et

508 3753 732 3831 pectoreoro.
782 3736 877 3813 Dixi,
1532 3734 1667 3821 turpia,
1705 3748 1740 3804 et
1762 3729 1959 3807 horrendae
1983 3761 2117 3826 poenae
2141 3743 2310 3810 scelerum
2335 3744 2372 3810 in
2386 3745 2505 3813 ¹corde

1534 3857 1604 3902 non
1621 3845 1811 3922 potuerunt
1826 3835 1932 3916 oriri,
1958 3835 2027 3907 uisi
2044 3839 2089 3907 ab
2107 3853 2247 3909 aeterna
2263 3852 2390 3928 mente,
2416 3865 2506 3930 quae

1534 3929 1625 4003 bane
1639 3934 1752 4003 lucem
1768 3935 1806 4003 iu
1823 3937 2000 4009 mentibus
2014 3952 2049 4010 et
2060 3941 2218 4012 accendit
2233 3952 2268 4010 et
2284 3954 2477 4010 conservat.

1635 4033 1738 4103 Talia
1755 4030 1822 4105 Dei
1837 4038 1980 4127 vestigia
2004 4039 2043 4108 in
2065 4041 2170 4111 nobis
2194 4041 2281 4131 ipsis
2299 4052 2334 4111 et
2356 4040 2394 4110 in
2418 4041 2504 4110 reli-

509 4134 683 4264 ω
1306 4160 1335 4204 a.
1362 4140 1456 4207 1655.
1533 4159 1604 4228 qua
1621 4148 1750 4205 ¹natura
1771 4158 1874 4228 saepe
1895 4140 2115 4230 aspiciamus.
2176 4138 2224 4213 Et
2246 4140 2349 4213 Pauli
2371 4141 2505 4211 dictum

1272 4228 1481 4263 Μ
1533 4236 1738 4323 cogitemus:
1791 4234 1880 4309 Tam
1913 4264 2023 4333 prope
2054 4242 2159 4313 nobis
2191 4242 2356 4314 omnibus
2387 4244 2508 4313 adesse

708 4349 783 4435 De
809 4349 985 4436 salinis
1013 4347 1273 4434 saxonici&
1531 4332 1665 4420 Deum,
1690 4358 1780 4454 pene
1794 4352 1835 4410 ut
1850 4343 2059 4459 contrectari
2074 4345 2239 4415 manibus
2255 4343 2387 4462 possit,
2408 4343 2505 4463 etin

442 4502 445 4509 ⁵
571 4513 669 4571 select.
684 4511 799 4568 Declam
832 4511 866 4565 T.
877 4509 914 4561 lV
945 4526 973 4580 p,
987 4506 1111 4581 tmsqq.
1136 4506 1480 4583 &rvnr.‘t'1v.p278.
1531 4459 1573 4506 eo
1588 4459 1653 4506 nos
1668 4460 1806 4519 mem
1829 4464 1965 4512 mmm
1986 4458 2020 4516 ei
2039 4465 2134 4564 em,
2171 4442 2219 4517 Ei
2242 4445 2410 4516 benefica
2428 4467 2507 4563 εἴη,

742 4581 775 4635 v·
839 4599 866 4650 ν·
1531 4547 2507 4634 ⁸⁰⁰³

505 4758 638 4826 offusio·
668 4755 715 4825 de
742 4758 885 4826 sauna,
912 4752 1136 4842 swontetag
1179 4756 1336 4824 misma
1365 4776 1392 4825 η
1421 4749 1478 4826 D,
1529 4735 1625 4817 Haec
1640 4739 1743 4812 initia
1758 4755 1841 4813 suut
1855 4766 1957 4849 verae
1971 4757 2005 4816 et
2021 4748 2234 4818 necessariae
2247 4746 2465 4837 discipliuae.

635 4855 841 4946 bosporo
869 4852 1119 4938 Guilelmo,
1158 4853 1341 4924 Hellessat.
1628 4837 1672 4909 Iu
1707 4835 1797 4913 banc
1825 4846 2191 4919 commemorationem
2220 4871 2297 4919 sum
2327 4847 2505 4936 ingressus

1528 4937 1625 5023 ideo,
1648 4941 1731 5034 quis
1754 4942 1912 5014 dicturus
1933 4946 1978 5017 de
1998 4948 2186 5033 beneficio,
2211 4952 2306 5043 quod
2322 4945 2419 5019 Deus
2439 4971 2505 5039 pa-

500 5022 786 5128 Cogiahomincs
800 5034 985 5108 necessitas
999 5033 1220 5106 considerare
1236 5032 1329 5104 vitae
1344 5035 1476 5124 praesi-
1527 5039 1615 5109 triae
1637 5064 1735 5112 meae
1757 5043 1871 5129 dedit,
1895 5047 2125 5117 rectissimum
2149 5073 2222 5121 esse
2244 5049 2417 5128 iudicavi,
2440 5071 2502 5116 or·

499 5139 576 5220 dia,
608 5141 771 5211 videlieet
793 5161 850 5209 res
872 5150 1053 5209 nascentes
1073 5137 1111 5207 in
1124 5141 1223 5209 'terra
1248 5147 1284 5211 et
1305 5135 1343 5204 in
1362 5137 1477 5230 aquis,
1525 5139 1595 5210 diri
1616 5135 1747 5214 abbae
1767 5147 2120 5233 commonefactione,
2151 5153 2196 5222 de
2217 5149 2410 5245 praesentia
2430 5142 2500 5215 Dei

495 5237 704 5310 nutritionis
738 5254 773 5311 et
807 5237 1053 5312 medicationis
1081 5261 1195 5312 causa.
1268 5233 1355 5306 Item
1383 5251 1474 5309 artes
1524 5239 1563 5309 in
1589 5255 1727 5313 natura.

494 5339 624 5434 quibus
638 5362 755 5409 carere
771 5365 844 5409 nou
858 5360 1061 5430 possennus,
1084 5350 1135 5420 ut,
1161 5337 1336 5429 coquendi
1350 5351 1472 5423 arten,
1624 5338 1782 5414 Primum
1820 5343 1946 5435 igitur,
1990 5346 2130 5420 affirmo
2156 5353 2283 5424 Salen
2319 5343 2498 5432 singulm

492 5438 773 5530 Agriculturam,
794 5435 1134 5517 Architectouicam,
1159 5433 1380 5520 vestiariam,
1402 5435 1472 5505 Fa-
1521 5436 1588 5509 Dei
1610 5463 1700 5530 opus
1714 5466 1809 5528 esse,
1833 5446 1926 5516 vitae
1946 5470 2134 5538 corporum
2154 5463 2354 5520 mmmm
2376 5468 2499 5516 nete..

491 5543 635 5612 brorum
652 5563 776 5633 operas
791 5550 827 5608 et
841 5536 940 5609 alias.
970 5534 1042 5606 Sed
1059 5529 1125 5606 hac
1139 5538 1340 5609 necessitate
1355 5535 1470 5609 voluit
1520 5538 1673 5618 sarium,
1706 5555 1741 5612 et
1761 5543 1840 5615 Deo
1862 5547 1993 5633 gratias
2012 5572 2099 5640 ago,
2121 5550 2217 5642 quod
2239 5548 2277 5633 id
2300 5567 2390 5638 opus
2410 5569 2499 5615 con.

487 5639 583 5715 Deus
599 5665 664 5715 uos
680 5637 961 5724 commouefieri,
986 5658 1061 5706 nou
1074 5634 1191 5708 solum
1206 5645 1247 5707 ut
1268 5638 1314 5707 de
1334 5635 1495 5728 praeci-r
1517 5636 1611 5708 didit
1625 5649 1662 5709 et
1680 5654 1807 5713 servm.
1856 5640 1998 5721 Deinde
2018 5663 2054 5722 et
2078 5674 2119 5721 eo
2140 5650 2268 5741 gradus
2289 5670 2376 5741 ago,
2398 5650 2499 5742 quod
