6025 6775
503 603 583 720 sac'
968 573 1014 626 ⁷'
1145 631 1149 636 ·
1190 634 1218 707 1.
1266 629 1560 709 ermonrcou
1594 630 1839 713 Gaulotus,
2452 648 2529 723 εει

501 793 581 907 pon*
627 806 801 882 AGslata
818 821 918 910 ortos
940 828 1011 877 esse
1033 795 1214 903 γαλάτας,
1247 806 1346 875 unde
1368 815 1486 896 postea
1537 796 1687 873 Occasio
1703 817 1839 886 autem,
1858 829 1933 899 qua
1951 804 2070 878 Celtae
2087 823 2121 880 et
2136 808 2294 882 Senones
2308 812 2347 880 in
2365 810 2524 906 Tyrrhe-

442 983 447 1000 ,
499 916 631 985 factum
655 925 706 982 est
723 934 853 979 nomen
875 908 976 979 Celti.
1026 904 1099 975 Nos
1122 929 1205 976 vero
1229 906 1376 986 scimus,
1401 928 1487 993 ean-
1536 903 1634 974 niam
1650 906 1794 978 adducti
1809 922 1911 993 sunt,
1933 903 2020 978 haec
2035 910 2118 980 fuit:

472 1017 668 1108 *demesso
685 1036 805 1081 vocem
823 1008 965 1079 Galliet
984 1005 1123 1082 flisilett
1175 1005 1357 1096 Significat
1379 1006 1487 1097 igitur
1638 1000 1854 1077 Adolescens
1868 1010 2001 1081 nobilis
2015 1009 2202 1098 Clusinus,
2225 1003 2439 1098 Euctemon,
2465 1031 2523 1088 tu.

503 1139 624 1184 revera
652 1107 749 1180 G'alli
775 1109 1052 1199 peregrinatores
1082 1132 1144 1178 seu
1170 1109 1377 1197 migrantes.
1437 1102 1488 1178 Et
1536 1104 1623 1175 toris
1651 1107 1834 1198 coniugem
1863 1110 1990 1202 rapuit.
2054 1109 2172 1184 Tutor
2193 1110 2262 1184 hoe
2283 1115 2375 1204 iusto
2398 1118 2522 1189 dolore

502 1215 647 1307 quidem
662 1210 822 1281 vocabuli
838 1208 939 1298 origo
955 1204 1092 1278 Ebraea
1107 1220 1170 1281 est.
1536 1206 1718 1288 incensus,
1745 1210 1909 1281 invitavit
1923 1209 2060 1299 Celtas,
2084 1227 2124 1285 ut
2139 1217 2238 1285 sedes
2254 1232 2463 1308 quaererent
2482 1219 2520 1288 in

463 1309 468 1319 ⁸
604 1311 739 1383 Multae
753 1321 870 1378 autem
886 1322 920 1379 et
935 1309 1094 1378 diversae
1109 1320 1229 1398 gentes
1251 1308 1486 1380 consederunt
1535 1330 1575 1376 ea
1602 1321 1703 1399 parte
1725 1308 1848 1380 haliae
1869 1313 2070 1393 uberrima,
2110 1329 2145 1386 et
2169 1317 2283 1387 scelus
2302 1316 2520 1390 Lucumonis

502 1419 699 1503 inutraque
716 1410 793 1501 ripa
809 1405 950 1492 Rheni,
975 1421 1009 1479 et
1026 1408 1065 1477 in
1082 1407 1142 1478 illa
1158 1408 1326 1478 ulteriore
1341 1411 1486 1499 regiona
1533 1408 1715 1499 punirent.
1779 1409 1832 1483 lta
1854 1436 1935 1483 cum
1959 1411 2054 1485 Deus
2076 1419 2260 1488 universae
2288 1419 2402 1508 gentis
2424 1418 2521 1512 Tyr·

501 1537 619 1583 versus
635 1506 817 1581 Oceanum
834 1504 1101 1578 Occidentalem
1120 1523 1155 1580 et
1171 1532 1292 1579 versus
1314 1533 1408 1578 mare
1423 1508 1486 1578 Li·
1534 1503 1666 1577 rhenae
1681 1512 1812 1583 scelera
1833 1514 2023 1603 puniturus
2046 1532 2153 1598 esset,
2185 1519 2313 1608 egressi
2338 1542 2380 1589 ex
2400 1512 2521 1589 horri-

498 1614 683 1704 gnsticum.
746 1609 837 1679 Nam
864 1622 897 1678 et
919 1606 1169 1703 Massylienses
1189 1610 1333 1679 fuemnt
1356 1607 1486 1679 Ionum
1535 1606 1696 1679 dioribus
1717 1612 1804 1682 locis
1818 1612 1937 1686 Celtae
1956 1629 1989 1687 et
2011 1617 2091 1702 alii,
2115 1615 2323 1712 Tyrrhenos
2337 1641 2521 1711 oppresse-

497 1714 648 1785 colonia.
698 1706 747 1781 Et
764 1708 901 1778 Vienna
918 1710 957 1778 in
973 1707 1091 1780 Gallia
1107 1708 1329 1783 Cretensium
1346 1710 1484 1780 colonia
1535 1721 1629 1779 runt.
1677 1706 1727 1780 Et
1740 1714 1908 1784 credibile
1921 1730 1990 1802 est,
2015 1741 2089 1788 non
2111 1719 2217 1789 fuisse
2237 1721 2380 1814 brprem
2403 1734 2438 1791 et
2459 1744 2521 1791 su-

498 1828 561 1888 est.
618 1812 704 1906 Fuit
724 1810 817 1879 enim
839 1812 961 1880 eodem
985 1810 1130 1882 nomine
1150 1812 1237 1881 urbs
1261 1808 1405 1896 Cretae,
1445 1825 1486 1882 ut
1533 1810 1641 1880 bitam
1658 1812 1928 1901 expeditionem,
1954 1820 2015 1887 sed
2029 1820 2199 1910 paulatim
2215 1820 2335 1912 plures
2348 1821 2521 1891 exercitus

498 1908 848 2005 scribitStephanus,
874 1912 979 1997 dicta,
1005 1914 1099 2004 quod
1118 1913 1169 1983 ibi
1179 1907 1273 1982 Otus
1291 1907 1485 2004 etEphial-
1534 1935 1576 1980 ex
1592 1907 1711 1980 Gallia
1727 1925 1760 1982 et
1776 1910 1984 1985 'leutonicis
1998 1920 2160 2007 gentibus
2176 1947 2218 1992 eo
2234 1921 2369 1991 infusos
2383 1944 2468 1995 esse.

499 2032 548 2086 tes
565 2014 719 2086 Martem
742 2013 930 2102 coeperint.
983 2011 1063 2101 Qua
1085 2014 1288 2084 narratione
1309 2013 1485 2101 significa-
1635 2006 1694 2081 Ab
1710 2006 1767 2082 his
1784 2013 1960 2085 affirmant
1981 2031 2116 2090 veteres
2130 2022 2317 2113 scriptores
2333 2018 2462 2096 Graeci
2486 2034 2521 2090 et

496 2132 572 2188 tum
588 2130 656 2200 est,
680 2114 773 2185 bella
796 2114 847 2182 ibi
868 2114 1017 2182 fratrum
1039 2113 1188 2184 istomm
1212 2113 1344 2184 virtute
1366 2116 1484 2185 sedata
1532 2109 1676 2196 Latini,
1703 2114 1863 2184 conditas
1884 2138 1957 2185 esse
1977 2118 2105 2204 urbes,
2133 2119 2243 2204 Senas
2265 2146 2286 2191 a
2305 2120 2520 2203 Senonibus,

497 2241 589 2307 esse,
615 2217 712 2286 unde
729 2221 847 2306 postea
860 2214 1030 2307 reliquiae
1045 2215 1082 2282 in
1100 2213 1219 2285 Gallia
1237 2216 1485 2289 consederunt.
1507 2225 1510 2232 '
1534 2210 1799 2297 Mediolanum,
1826 2214 2023 2302 Veronam,
2046 2231 2080 2289 et
2095 2220 2182 2289 alias
2204 2223 2386 2313 quasdam.
2411 2203 2414 2207 ⁴
2438 2220 2519 2309 Qua

495 2316 666 2405 Magnam
676 2312 814 2385 Galliae
829 2328 964 2406 partem
981 2312 1151 2407 etLigyes
1166 2329 1368 2400 tenuerunt,
1394 2337 1483 2408 qnos
1532 2323 1650 2382 autem
1668 2314 1851 2385 occasione
1866 2313 2021 2388 Rornam
2043 2321 2182 2390 attracti
2205 2320 2296 2402 sint,
2318 2334 2439 2392 narrat
2457 2320 2525 2391 Li-

495 2414 694 2508 Stephanus
709 2415 824 2508 inquit
838 2439 879 2484 ex
893 2413 1006 2483 Tarso
1020 2416 1168 2491 venisse.
1219 2414 1352 2488 Tarsus
1366 2429 1483 2486 autem
1532 2412 1627 2496 vius,
1651 2416 1745 2505 apud
1763 2439 1869 2509 quem
1883 2417 2020 2510 integra
2034 2412 2183 2492 historia
2197 2422 2344 2511 legatur.
2436 2475 2439 2479 .

499 2520 662 2604 dicitura
681 2513 803 2586 Tarsis
817 2515 890 2584 filio
908 2511 1027 2586 lavan.

599 2616 808 2690 Consedisse
825 2628 941 2685 autem
962 2614 1002 2683 in
1024 2639 1086 2685 ora
1101 2613 1376 2707 septentrionali
1395 2613 1483 2687 Gal·
1581 2580 1884 2655 mmmm
1906 2580 2077 2700 ⁰⁰I⁸l⁴⁸⁹
2109 2590 2356 2660 Pemmm
2383 2606 2471 2658 ’ω’

496 2720 564 2789 liae
585 2716 745 2789 Senonas
773 2728 906 2786 certum
922 2705 1009 2801 est,
1047 2716 1108 2809 qui
1131 2717 1275 2789 fuerunt
1299 2743 1340 2787 ex
1362 2731 1482 2788 nostra
1924 2690 2128 2757 ‘mmm‘

496 2832 596 2911 gente
620 2817 837 2900 Teutonica,
877 2840 967 2910 quae
988 2840 1118 2886 nomen
1145 2811 1251 2888 habet
1275 2818 1321 2887 ab
1344 2816 1482 2888 Ascane
1630 2812 1807 2903 Regnavit
1819 2837 1932 2886 annos
1947 2838 2004 2887 sex
2021 2829 2055 2887 et
2071 2816 2216 2904 viginti,
2241 2842 2282 2889 ac
2295 2839 2442 2909 regnum
2458 2840 2518 2886 oc-

494 2919 702 2993 Tuiscones.
752 2913 801 2988 Et
816 2939 890 2987 non
906 2916 1055 2989 dubium
1069 2928 1132 3002 est,
1159 2908 1292 2988 iicinas
1308 2935 1429 3009 gentes
1443 2920 1482 2987 in
1532 2914 1674 3007 cuparit
1693 2915 1825 2985 necatis
1850 2918 1990 2986 duobus
2009 2916 2189 2989 fratribus.
2249 2916 2368 2988 Huius
2384 2919 2519 3008 ,guber-

496 3019 633 3093 ltaliam
663 3034 697 3089 et
728 3030 846 3111 postea
870 3018 909 3086 in
932 3013 1117 3089 Graeciam
1140 3019 1280 3089 duxisse
1301 3019 1482 3108 exercitus,
1532 3018 1630 3087 natio
1654 3039 1734 3086 cum
1750 3015 1856 3106 plena
1880 3017 2004 3088 suisset
2024 3018 2240 3090 cmdelitatis
2258 3018 2427 3089 adversus
2449 3019 2516 3088 do-

496 3124 624 3193 mixtos
638 3145 678 3190 ex
695 3117 919 3190 Teutonibus
933 3132 967 3190 et
982 3115 1109 3191 Gallis.
1532 3116 1712 3201 mesticos,
1750 3128 1909 3187 externas
1932 3118 2114 3204 nationes,
2147 3132 2181 3190 et
2204 3120 2372 3190 adversus
2392 3111 2517 3188 Eccle-

595 3219 649 3291 De
671 3218 891 3311 expeditione
912 3219 951 3287 in
966 3216 1151 3291 Graeciam
1174 3234 1292 3311 postea
1314 3222 1483 3304 dicemus,
1531 3220 1619 3288 siam
1642 3217 1683 3285 in
1701 3213 1847 3303 ludaea,
1872 3242 1962 3311 quae
1986 3221 2199 3290 mediocrem
2223 3219 2517 3313 tranquillitatem

495 3324 534 3392 in
552 3345 618 3417 qua
633 3318 796 3392 Brennus
816 3332 893 3410 post
907 3318 1150 3395 Alexandrum
1166 3337 1307 3392 centum
1326 3338 1361 3394 et
1375 3324 1482 3417 quin·
1531 3333 1566 3390 et
1582 3317 1680 3413 quasi
1697 3315 1894 3412 Halcyonia
1910 3314 2098 3403 habuerat,
2124 3322 2266 3393 tandem
2286 3320 2361 3413 ipse
2385 3311 2406 3391 a
2428 3344 2519 3414 qno-

496 3424 661 3520 quaginta
676 3421 788 3492 millia
804 3422 980 3511 peditum,
1007 3434 1040 3491 et
1055 3422 1180 3512 viginti
1197 3422 1308 3492 millia
1323 3425 1481 3517 equitum
1531 3423 1612 3491 dam
1636 3441 1700 3489 suo
1720 3421 1810 3491 duce
1824 3422 2026 3494 interfectus
2043 3438 2105 3494 est.
2158 3421 2265 3494 Initio
2291 3422 2521 3512 gubernatio·

496 3541 531 3596 et
556 3524 832 3617 quadringentos
854 3521 892 3590 in
916 3520 1099 3591 Graeciam
1122 3520 1242 3602 duxit,
1281 3524 1326 3592 de
1353 3525 1481 3615 quibus
1531 3522 1587 3590 nis
1604 3518 1773 3591 Sidonem
1788 3522 1992 3614 proditione
2009 3524 2144 3615 coepit,
2167 3524 2232 3593 ubi
2247 3546 2327 3594 cum
2343 3520 2522 3613 supplices

495 3625 616 3695 scribit
637 3619 894 3707 Callimachus,
925 3622 1041 3692 dicere
1063 3618 1287 3712 Apollinem,
1326 3647 1424 3692 suam
1448 3639 1481 3695 et
1533 3621 1777 3707 interfecisset,
1818 3621 2084 3709 irati'Sidonii,
2112 3625 2179 3716 ipsi
2200 3625 2325 3695 urbem
2349 3623 2519 3693 incende-

495 3726 587 3814 regis
601 3722 795 3796 Ptolemaei
809 3747 1032 3813 communem
1054 3722 1129 3793 fore
1152 3722 1355 3809 victoriam,
1378 3747 1415 3793 se
1438 3726 1481 3793 ad
1531 3734 1628 3795 runt.
1686 3718 1740 3792 Ao
1761 3723 1907 3814 periisse
1930 3724 1981 3795 ibi
2003 3725 2235 3817 quadraginta
2257 3722 2371 3794 millia
2399 3719 2520 3795 homi-

494 3821 653 3918 Delphos
681 3822 830 3892 fulmine
859 3825 1122 3895 interfecturum
1153 3847 1226 3894 esse
1248 3821 1384 3910 Celtas,
1421 3826 1479 3894 sed
1530 3847 1617 3892 num
1644 3824 1821 3899 scribitur.
1888 3825 2011 3895 Postea
2030 3821 2228 3916 Evagoram
2249 3822 2365 3920 Cypri
2389 3848 2518 3915 regem,

495 3953 610 4019 regem
633 3925 874 3995 Ptolemaeum
904 3926 1170 3995 interfectumm
1202 3948 1275 3996 esse
1295 3923 1413 3997 Celtas
1437 3927 1482 3996 ad
1531 3927 1574 3993 de
1589 3949 1660 4018 quo
1675 3938 1768 3995 extat
1783 3922 1946 3996 Isocratis
1961 3927 2091 4012 oratio,
2115 3951 2195 3996 cum
2217 3925 2341 3996 fuisset
2361 3924 2439 3995 eius
2458 3948 2516 3994 so·

494 4032 610 4101 lacum
631 4024 884 4104 Serbonidem,
917 4025 1044 4110 idest,
1069 4019 1306 4116 Asphaltiten.
1358 4025 1482 4097 Postea
1531 4025 1626 4110 cius,
1652 4024 1840 4097 interfecit.

494 4134 589 4203 enim
614 4154 695 4202 cum
716 4127 755 4195 in
779 4123 900 4196 Asiam
924 4125 1065 4198 attracti
1093 4140 1223 4211 essent,
1260 4125 1484 4197 Ptolemaeus
1753 4192 1763 4209 .
1798 4150 1836 4210 ‚·
1966 4194 1975 4211 .

494 4231 681 4323 Evergetes
696 4228 828 4298 multos
843 4226 1017 4298 interfecit
1033 4229 1078 4297 ad
1095 4223 1332 4320 Asphaltiten.
1532 4196 1569 4266 D
1578 4213 1602 4264 θ
1623 4213 1644 4263 ⁸
1653 4209 1841 4263 “mm
1859 4192 1917 4261 ⁰⁰
1926 4187 1974 4263 '⁸⁸
1995 4189 2226 4266 “liffeim
2242 4195 2457 4266 8⁶⁰1&th
2465 4214 2515 4266 m·

595 4331 651 4402 Ex
677 4327 733 4400 his
760 4327 1027 4399 narrationibus
1055 4340 1218 4419 apparet,
1256 4340 1292 4396 et
1313 4350 1481 4416 magnum
1632 4320 1868 4413 Recuperavit
1890 4318 2016 4394 Ochus
2037 4338 2072 4397 et
2093 4321 2304 4419 Aegyptum.
2353 4324 2516 4421 Cumque

499 4433 608 4500 robur
623 4426 749 4499 harum
764 4428 924 4520 gentium
939 4425 1066 4505 fuisse,
1092 4441 1126 4497 et
1140 4448 1304 4515 magnam
1318 4427 1483 4498 multitu·
1531 4426 1570 4493 in
1594 4424 1722 4495 vicinia
1746 4424 1897 4494 ludaeae
1916 4426 2050 4495 bellum
2069 4440 2223 4516 gereret,
2259 4427 2444 4497 saeviciam
2476 4427 2515 4495 in

498 4533 619 4601 dinem
639 4551 680 4596 ex
699 4532 809 4619 patria
824 4532 985 4601 eductam
1003 4546 1086 4597 esse.
1137 4524 1206 4595 Sed
1223 4527 1483 4617 expeditionem
1532 4525 1682 4596 ludaeos
1710 4526 1816 4596 etiam
1844 4527 2014 4611 exercuit,
2056 4527 2187 4620 quibus
2213 4528 2258 4596 ad
2278 4527 2317 4597 id
2336 4542 2516 4619 tempusa

497 4635 536 4703 in
566 4627 751 4698 Graeciam
776 4629 959 4701 antecessit
990 4624 1130 4711 ltalica,
1178 4628 1235 4696 eui
1263 4629 1482 4700 occasionem
1530 4626 1752 4718 Longimano
1778 4649 1893 4719 usque
1909 4627 2010 4697 Dens
2038 4627 2329 4721 tranquillitatem
2360 4629 2520 4712 dederat,

495 4730 658 4828 praebuit
673 4750 782 4818 poena
797 4731 969 4805 libidinis.
1020 4726 1231 4800 Tenuerunt
1246 4726 1367 4800 ltaliae
1382 4753 1483 4801 oram
1531 4740 1571 4797 ut
1594 4727 1785 4797 instaurari
1808 4728 1931 4809 urbes,
1965 4728 2155 4819 templum,
2180 4729 2363 4799 doctrinae
2385 4728 2519 4814 studia,

496 4840 542 4906 ab
557 4828 712 4923 Alpibus
726 4831 770 4896 ad
786 4828 924 4901 Tibrim
946 4853 1058 4924 usque
1083 4842 1153 4899 tres
1174 4840 1317 4923 gentes:
1340 4820 1483 4902 'Heneti
1532 4841 1566 4899 et
1589 4841 1687 4900 totus
1707 4831 1796 4898 ordo
1819 4826 2090 4918 gubernationis
2111 4841 2264 4918 possent.
2323 4828 2395 4902 Sed
2417 4845 2516 4900 tanta

497 4939 541 5005 ad
568 4934 686 5001 sinum
704 4924 942 5017 Adriaticum;
975 4930 1123 5022 Ligures
1141 4929 1362 5000 contrarium
1385 4932 1484 5003 littus
1533 4944 1584 5001 est
1606 4925 1785 4998 humanae
1800 4943 1947 4999 naturae
1974 4929 2180 5014 infirmitas,
2210 4942 2252 5001 ut
2275 4929 2314 4998 in
2334 4930 2440 5001 rebus
2460 4955 2514 5000 se-

495 5039 540 5106 ad
554 5055 732 5114 occasum3
770 5028 891 5100 Media
915 5054 996 5113 ora,
1021 5055 1112 5126 quae
1134 5044 1171 5103 et
1184 5032 1345 5101 ubertate
1363 5031 1432 5100 soli
1449 5044 1484 5101 et
1531 5031 1659 5100 rundis
1680 5027 1821 5098 laeticia
1845 5030 1969 5098 afferat
1994 5030 2244 5119 negligentiam
2270 5030 2309 5100 in
2331 5031 2517 5102 frenandis

494 5134 706 5208 amoenitate
722 5132 826 5220 longe
841 5128 989 5213 excellit,
1012 5127 1373 5227 fuitTyrrbenorum‚
1392 5156 1484 5225 qno-
1531 5129 1799 5220 cupiditatibus.
1863 5126 2065 5218 Coeperunt
2095 5131 2207 5220 igitur
2225 5129 2296 5199 iam
2322 5132 2448 5204 fratres
2470 5136 2515 5201 de

495 5261 575 5309 rum
601 5232 790 5326 appellatio
812 5228 1055 5323 antiquissima
1072 5246 1135 5306 est.
1187 5231 1344 5305 Ulterior
1361 5230 1484 5303 Italiae
1531 5253 1673 5299 summo
1687 5229 1885 5300 sacerdotio
1899 5243 2045 5302 certare.
2077 5229 2427 5305 SummnsSacerdos
2443 5245 2515 5311 erat

494 5362 575 5432 pars
590 5333 772 5406 nominata
788 5327 1033 5416 estAusonia,
1058 5333 1105 5403 ab
1119 5330 1267 5406 Ausone
1284 5332 1359 5404 filio
1376 5331 1483 5427 Ulys-
1532 5325 1721 5404 lohannes.
1783 5325 1891 5402 llnnc
1910 5345 1951 5403 nt
1972 5331 2081 5404 frater
2101 5333 2180 5404 eius
2201 5333 2299 5405 lesus
2330 5347 2516 5415 excuteret,

493 5441 540 5511 sis
560 5453 595 5509 et
610 5435 795 5530 Calypsus.
844 5431 1007 5503 Fuerunt
1027 5445 1144 5502 autem
1164 5429 1344 5530 Tyrrheni
1360 5432 1481 5529 Lydo-
1504 5506 1507 5515 ,
1530 5433 1618 5522 petit
1634 5453 1655 5501 a
1673 5429 1809 5520 Vagose
1827 5431 1971 5503 Persico
1986 5433 2148 5524 praeside
2169 5435 2364 5515 amilium,
2395 5446 2432 5505 et
2454 5457 2515 5502 co·

493 5565 572 5611 rum
596 5537 725 5607 coloni.
777 5534 871 5630 Lydi
889 5544 1006 5600 autem
1028 5529 1074 5599 ab
1096 5524 1277 5626 Aegyptiis
1295 5535 1365 5608 orti
1386 5547 1481 5609 sunt
1528 5545 1637 5603 natur
1649 5531 1685 5600 vi
1700 5527 1882 5624 occupare
1888 5534 2074 5626 templum.
2117 5533 2206 5605 lhia
2223 5539 2335 5605 fratre
2352 5526 2512 5603 lohanua

492 5639 539 5710 Et
554 5639 660 5707 fuisse
675 5650 784 5706 tetras
802 5636 995 5704 libidinum
1018 5630 1240 5703 confusiones
1265 5637 1305 5706 in
1321 5631 1481 5733 Tyrrhe·
1529 5635 1638 5704 frater
1659 5634 1700 5703 in
1723 5634 1856 5724 templo
1879 5635 2087 5708 trucidatur.
2140 5635 2243 5706 Talia
2269 5645 2407 5722 pecema
2431 5631 2514 5701 irri-

492 5743 562 5825 uia,
589 5735 899 5822 narratTimaeus,
921 5735 984 5828 qui
999 5733 1092 5803 circa
1109 5725 1195 5800 baec
1210 5745 1364 5826 tempora
1380 5738 1481 5810 vixit.
1529 5747 1649 5808 terunt
1669 5735 1758 5806 iram
1780 5733 1861 5811 Dei.
1913 5734 2021 5809 Venit
2046 5736 2158 5827 igitur
2173 5731 2433 5825 'lerosolymam
2442 5729 2517 5803 Va-
