6025 6775
817 418 1042 450 w..-

488 521 565 608 stt
881 451 2129 576 oacnoaarnontsnosaxroranrrsn.
2218 545 2220 549 a
2453 502 2529 581 272

495 707 600 775 eunt,
624 700 659 760 et
683 685 722 754 in
745 675 1002 771 compositione
1010 670 1273 761 'negligentiam
1295 664 1489 761 repreben·
1539 663 1687 736 dotibus
1709 663 1819 749 belli,
1848 660 2007 736 scholam
2030 663 2124 740 hanc
2147 672 2243 742 velut
2258 673 2303 742 g,
2317 675 2472 747 ,gunfis
2489 700 2530 746 εἰ

497 803 599 877 dunt,
622 806 745 861 tamen
764 775 856 853 bo'na
870 778 1026 860 minent,
1052 774 1151 864 copia
1166 774 1343 842 bonorum
1359 774 1489 841 verbo-
1539 764 1725 855 naufragio
1742 765 1873 835 tabulis
1887 768 2080 841 restituerit
2094 786 2199 865 atque
2216 776 2379 862 erexerit,
2403 800 2530 871 meque

495 920 586 972 rum.
636 886 685 959 Et
698 873 785 957 haec
800 885 875 972 ipsa
890 876 1123 959 foecunditas,
1149 898 1239 965 quae
1255 868 1489 964 reprehendi·
1541 892 1621 937 cum
1637 867 1868 936 moestissima
1883 882 1994 938 matre
2017 872 2163 944 incertis
2179 875 2242 944 diu
2255 875 2419 947 iactatum
2435 880 2530 949 sedi-

419 983 425 988 ·
496 1016 573 1082 tur,
605 994 684 1061 lans
709 1002 761 1057 est
785 982 940 1073 ingenii,
974 978 1188 1048 concedatur
1222 975 1327 1046 etiam
1352 974 1487 1067 aliquid
1541 971 1627 1051 bus,
1653 982 1687 1037 et
1708 969 1815 1058 longo
1839 993 1879 1039 ac
1895 970 2094 1060 periculoso
2117 975 2227 1043 exilio
2241 977 2441 1067 fatigatum,
2466 1005 2530 1051 ceu

458 1100 466 1109 ’
497 1096 614 1194 genti,
639 1105 674 1161 et
689 1088 824 1180 primae
838 1069 1053 1151 institutioni
1074 1079 1110 1148 in
1128 1075 1266 1161 Gallia,
1288 1076 1352 1146 nbi
1369 1076 1490 1165 lingna
1541 1069 1761 1162 postliminio
1778 1071 1958 1141 reduxerit
1974 1073 2012 1140 in
2028 1069 2118 1144 banc
2130 1071 2300 1157 scholam,
2322 1079 2368 1147 ad
2385 1082 2532 1150 audien.

497 1200 613 1299 pstria
630 1194 784 1266 multum
800 1182 907 1279 habet
925 1182 1145 1251 deliciarum.
1449 1259 1451 1264 Δ
1544 1175 1626 1240 darn
1641 1194 1765 1240 rursus
1780 1194 1902 1241 vocem
1927 1175 2129 1261 doctrinae,
2155 1178 2255 1246 cuius
2271 1181 2406 1249 semina
2424 1195 2457 1251 et
2472 1206 2533 1251 ru-

491 1324 495 1328 ·
603 1296 716 1370 Grata
744 1290 813 1361 luit
836 1283 1008 1357 Demetrii
1035 1276 1258 1350 Phalerensis
1283 1279 1418 1362 oratio,
1458 1291 1493 1346 et
1543 1273 1701 1341 dimenta
1721 1285 1821 1361 patre
1842 1285 1966 1343 autore
1991 1289 2025 1345 et
2043 1278 2208 1366 magistro
2231 1280 2328 1347 velut
2345 1305 2425 1349 curn
2444 1283 2534 1353 lacte

501 1430 576 1478 non
589 1387 711 1472 'amisit
721 1391 855 1467 Atticae
863 1383 1038 1456 orationis
1052 1381 1214 1465 formam,
1239 1382 1374 1450 etiamsi
1392 1380 1492 1470 plus-
1543 1374 1666 1443 matris
1687 1395 1849 1443 suxeram
1869 1390 1991 1459 autea,
2020 1390 2125 1470 atque
2145 1380 2383 1449 combiberem
2399 1405 2418 1450 a
2435 1397 2535 1452 teue-

502 1505 624 1581 culum
647 1497 810 1571 babuisse
829 1485 1198 1560 deliciarumdicitur.
1251 1482 1310 1553 Sic
1333 1497 1368 1553 et
1385 1478 1494 1551 Eras-
1545 1475 1606 1543 ris.
1654 1472 1713 1544 Ad
1742 1479 1848 1566 quani
1879 1478 2024 1569 quidem
2053 1480 2144 1548 redii
2166 1467 2353 1567 libentius,¹
2392 1506 2467 1551 non
2491 1509 2533 1554 eo

502 1611 594 1681 mica
619 1614 712 1693 grata
735 1596 797 1679 sit,
824 1605 858 1662 et
880 1589 1007 1660 Latina
1027 1607 1100 1654 esse
1123 1598 1323 1668 censeatur,
1356 1581 1493 1653 etiamsi
1545 1589 1704 1661 tantum,
1732 1579 1829 1668 quod
1854 1579 1967 1667 patria
1991 1580 2258 1652 essetetcnstos
2276 1579 2453 1673 sepulchri
2472 1609 2534 1675 pa-

503 1706 641 1782 flosculi
654 1699 835 1771 densiores
851 1704 953 1775 sunt,
980 1702 1018 1757 nt
1035 1689 1071 1755 in
1087 1700 1199 1777 prato.
1306 1717 1310 1726 ·
1546 1678 1662 1761 terni,
1689 1692 1723 1747 et
1738 1680 1887 1768 puerum
1902 1704 1960 1749 me
1972 1683 2201 1751 sanctissimis
2216 1684 2445 1774 opinionibus
2467 1686 2535 1754 im.

605 1806 702 1877 Haec
726 1803 770 1868 de
794 1798 908 1865 forma
935 1788 1109 1861 orationis
1130 1789 1211 1857 ideo
1235 1786 1383 1856 brevius'
1402 1785 1495 1869 dico,
1546 1779 1699 1862 buisset,
1747 1803 1896 1870 quarum
1934 1782 2136 1852 uberiorem
2173 1798 2208 1854 et
2229 1786 2535 1857 xconfirmatiorem

503 1911 588 2009 quia
610 1930 672 1975 ros
696 1905 791 1994 ipsos
812 1898 934 1966 crebra
955 1892 1106 1962 lectione
1130 1914 1277 1982 operum
1300 1888 1411 1978 ipsius
1434 1911 1494 1954 ex·
1546 1880 1783 1968 cognitionem
1805 1881 2067 1969 desiderabam,
2094 1887 2154 1954 sed
2176 1887 2288 1956 multo
2306 1889 2415 1977 magis
2439 1893 2534 1982 quod

504 2012 613 2110 periri
636 2003 860 2077 dulcedinem
884 1997 957 2066 eius
973 1994 1066 2064 volo.
1118 1988 1268 2083 Aliquid
1285 2014 1368 2059 vero
1391 1988 1496 2071 succi,
1547 1981 1745 2051 doctrinam
1759 2004 1778 2049 a
1794 1995 1892 2071 patre
1907 1997 1941 2052 et
1958 1983 2055 2065 aliis,
2079 1985 2147 2056 Dei
2157 1989 2327 2058 beneficio
2341 2003 2376 2059 et
2392 1992 2537 2075 atsxilio,

506 2128 540 2187 et
556 2115 596 2183 in
609 2122 765 2180 restrum
785 2091 981 2170 sermonem
1006 2093 1243 2177 derivabitur,
1277 2092 1305 2160 si
1334 2113 1436 2182 saepe
1457 2111 1496 2158 ea
1548 2096 1640 2152 recte
1654 2082 1872 2173 explicatam,
1899 2098 2068 2178 tanquam
2084 2111 2222 2158 sacrum
2239 2088 2451 2182 depositum,
2475 2093 2536 2182 pio

389 2287 398 2302 ι
506 2216 641 2307 pegni„
1549 2184 1666 2257 studio
1689 2198 1724 2253 et
1746 2185 1907 2274 religiosa
1937 2188 2005 2256 lide
2029 2205 2273 2276 conservaret,
2312 2217 2352 2261 ac
2380 2206 2537 2263 tueretur

608 2312 699 2385 Cum
716 2307 824 2398 igitur
844 2303 882 2370 in
898 2298 1068 2382 Erasmo,
1095 2310 1128 2366 et
1153 2295 1207 2363 vis
1222 2292 1357 2383 ingenii
1370 2312 1496 2379 magna
1549 2289 1802 2375 incorruptam.
1853 2285 2027 2358 Profiteor
2048 2306 2165 2361 antem
2187 2307 2284 2362 stans
2298 2296 2342 2379 ad
2359 2297 2535 2365 tumulum

505 2418 633 2500 fuerit,
659 2426 693 2483 et
710 2408 844 2479 fuerint
864 2403 902 2471 in
927 2427 968 2472 eo
993 2399 1125 2469 multae
1155 2396 1313 2486 egregiae
1337 2397 1498 2477 virtutes,
1550 2388 1677 2480 patris,
1704 2410 1760 2455 me
1779 2380 1885 2456 buius
1896 2384 2072 2460 Ecclesiae
2087 2393 2200 2463 civem
2213 2417 2298 2479 esse,
2313 2410 2358 2464 et
2373 2398 2537 2487 amplecti

508 2537 649 2594 etcum
678 2510 793 2582 studia
817 2508 1019 2593 linguarum
1044 2499 1236 2569 necessaria
1264 2492 1442 2566 Ecclesiae
1463 2506 1500 2562 et
1553 2503 1625 2559 toto
1659 2500 1801 2578 pectore
1841 2511 2050 2560 consensum
2083 2496 2283 2581 doctrinae,
2323 2521 2429 2588 qnam
2458 2522 2539 2565 curn
2608 2530 2610 2532 >

507 2624 600 2693 vitae
615 2615 730 2698 civili,
754 2609 948 2702 plurimum
969 2601 1165 2683 adiuverit,
1190 2599 1298 2688 gratis
1319 2596 1499 2665 mentibus
1550 2585 1692 2660 scholae
1713 2583 1779 2657 hac
1802 2585 1960 2659 Ecclesia
1980 2594 2103 2683 oppidi
2126 2610 2327 2668 constanter
2344 2599 2425 2666 vivo
2442 2609 2541 2688 patre

509 2725 586 2795 eius
606 2717 814 2789 memoriam
840 2727 1106 2786 conservemus,
1137 2701 1248 2791 ipsius
1269 2711 1499 2770 monumenta
1551 2692 1709 2760 confessa
1733 2703 1800 2773 est,
1833 2707 1866 2762 et
1889 2716 1986 2761 nunc
2007 2698 2154 2762 eandem
2178 2712 2255 2786 post
2277 2701 2386 2789 ipsius
2402 2701 2541 2768 obitum

508 2828 682 2914 legamus,
708 2830 742 2886 et
759 2811 848 2903 grati
867 2832 946 2876 eum
964 2806 1190 2875 celebremus.
1552 2805 1673 2875 sonat,
1704 2794 1936 2886 docendoque
1958 2810 2144 2893 propagat,
2178 2822 2242 2867 nec
2267 2800 2443 2869 discedam
2465 2798 2541 2869 Deo

613 2919 729 2993 Simul
747 2916 851 2984 etiam
873 2907 949 2979 Deo
970 2906 1098 2995 gratias
1122 2926 1282 2993 agamus,
1307 2902 1406 2994 quod
1429 2901 1502 2968 lin·
1552 2897 1697 2964 iuvante
1715 2894 1759 2961 ab
1776 2889 1844 2963 hoc
1861 2918 2034 2965 consensu
2049 2922 2227 2990 unquam,
2254 2902 2367 2969 donee
2383 2892 2521 2972 vixero.

442 3006 445 3013 ¹
472 3063 476 3068 ·
511 3046 660 3119 guarum
683 3015 884 3108 cognitione
905 3008 1101 3080 Ecclesiam
1121 3006 1307 3088 instruxit,
1338 3004 1500 3072 etlucem
1655 2994 1696 3066 si
1712 3019 1794 3064 vero
1810 3011 1955 3088 quaerat
1980 2998 2126 3091 aliquis,
2153 3024 2217 3069 cur
2233 3016 2344 3072 artem
2363 3002 2540 3072 Medicam

511 3122 790 3199 suaedoctrinae
807 3114 912 3183 nobis
929 3112 1089 3204 praebet,
1118 3104 1225 3178 ethis
1242 3104 1502 3179 Deibeneliciis
1553 3099 1689 3186 potius,
1728 3120 1834 3188 quem
1864 3099 1974 3188 patris
2002 3102 2160 3194 exemplo
2183 3104 2382 3172 doctrinam
2407 3128 2539 3174 sacram

512 3230 569 3322 pie
584 3240 736 3298 utamur,
788 3215 883 3285 Dixi.
1555 3200 1619 3289 sim
1637 3209 1785 3267 sectatus
1805 3201 2041 3290 professione,
2067 3199 2202 3297 (studio
2217 3206 2312 3274 enim
2331 3218 2364 3275 et
2383 3230 2466 3276 cura
2484 3207 2542 3275 di-

1555 3301 1674 3369 scendi
1688 3301 1726 3367 in
1742 3315 1869 3371 neutro
1885 3298 1975 3370 mihi
1989 3305 2086 3374 defui
2101 3304 2289 3404 unquam),
2320 3308 2374 3376 illi
2396 3331 2543 3399 respon.

512 3446 1051 3479 ......------—--
1555 3404 1634 3475 deo.
1685 3400 1757 3471 Nec
1775 3416 1906 3473 temere
1928 3428 1986 3473 me
2007 3419 2041 3474 et
2061 3406 2282 3495 inconsulto,
2309 3433 2372 3479 nec
2389 3433 2466 3478 meo
2483 3434 2542 3478 so-

1555 3505 1625 3574 lius
1659 3504 1825 3590 consilio,
1864 3506 1939 3574 sine
1973 3510 2246 3597 prudentiorum
2286 3511 2473 3582 autoritate
2510 3525 2570 3580 etv

521 3600 697 3731 Q·
1135 3620 1138 3622 ’
1332 3616 1380 3660 ⁸¹¹·
1397 3595 1491 3656 ¹557·
1556 3628 1748 3689 consensu,
1775 3620 1837 3676 aut
1858 3608 1897 3674 iu
1913 3603 2230 3697 hocstndiigenus
2248 3614 2443 3700 ingressum
2461 3638 2546 3697 esse,

879 3778 919 3808 ⁸.
1278 3786 1286 3803 ι
1325 3682 1496 3708 „N
1557 3722 1618 3777 aut
1634 3720 1821 3799 postquam
1838 3708 1872 3775 id
1892 3709 2134 3795 suscepissem,
2168 3725 2330 3797 vagatum
2356 3714 2545 3782 ineosine
2640 3699 2645 3707 ⁸

618 3800 694 3885 De
721 3793 980 3906 aphlll'wnw
1012 3785 1116 3870 '⁷1²⁰
1148 3783 1306 3867 Part&
1323 3781 1400 3866 Π·
1557 3809 1694 3878 ratione
1713 3822 1743 3876 et
1759 3809 1885 3876 ordine
1900 3820 2041 3879 temere.

585 3960 616 4014 ln
631 3956 722 4011 select.
736 3947 858 4004 Declsm.
870 3943 961 4000 T·lll.
977 3964 1004 4014 p.
1013 3944 1063 3997 808
1074 3959 1145 4013 sqq,
1163 3939 1281 3997 serven.
1295 3940 1326 3996 T.
1342 3941 1391 3998 lll.
1406 3959 1433 4012 p.
1447 3941 1506 3995 761.
1659 3893 1833 3979 sedicum
1856 3920 1984 3977 mlum
2006 3931 2062 3976 me
2085 3921 2184 3997 Pam
2206 3911 2288 3979 duel
2305 3913 2349 3981 ad
2368 3913 2544 4002 ⁶⁰3⁰ffi0‘

618 4020 744 4080 nithard.
755 4018 788 4073 T.
798 4017 831 4072 ll.
847 4014 944 4105 natt.
1559 4036 1640 4079 nem
1663 4011 1847 4081 mirandae
1869 4008 2050 4079 varietatis
2070 4033 2204 4095 rerum,
2229 4036 2316 4104 quas
2338 4009 2545 4084 boemundi
2580 4062 2586 4067 -

689 4186 697 4202 ι
840 4181 848 4196 ‚
1328 4198 1330 4202 Υ
1558 4113 1791 4196 domicilium,
1808 4112 1906 4183 velut
1920 4106 2097 4182 theatrum
2107 4114 2285 4204 quoddam
2301 4118 2546 4209 contemplan-

544 4192 719 4278 Qua⁶⁸l²⁰
746 4178 939 4269 ‘xl’hcala
966 4194 990 4243 α
1019 4173 1128 4243 Dm·
1155 4173 1274 4243 Pam
1300 4170 1479 4245 Imm·
1558 4219 1620 4285 das
1644 4214 1750 4282 nobis
1772 4208 1932 4295 exhibet,
1966 4227 2000 4284 et
2025 4237 2104 4283 cum
2130 4218 2282 4306 quadam
2304 4219 2483 4290 alacritate
2507 4245 2546 4290 ac

848 4281 894 4360 (d-
915 4283 969 4344 ²9·
985 4278 1044 4343 ¹¹¹¹·
1062 4279 1175 4358 ¹⁵⁵7·)
1192 4334 1219 4389 s
1560 4316 1759 4407 voluptate,
1812 4309 1981 4383 inchoare
2019 4317 2339 4388 considerationem
2383 4312 2548 4407 naturae,

518 4421 630 4503 hmo
655 4419 783 4514 grafia,
806 4437 870 4504 ⁰30
893 4410 970 4482 Deo
992 4425 1153 4491 aeterno,
1186 4392 1284 4482 Patri
1305 4409 1453 4481 Domini
1472 4427 1506 4482 et
1560 4441 1707 4511 puerum
1746 4411 1862 4486 adhuc
1895 4416 2210 4502 animadverteret,
2256 4422 2448 4493 delectatus
2480 4418 2550 4493 hoc
2651 4504 2653 4507 .

519 4526 711 4605 salvatoris
735 4517 850 4590 nostri
876 4515 955 4585 lesu
976 4511 1131 4592 Christi,
1165 4515 1342 4582 conditori
1367 4515 1506 4602 generis
1558 4544 1638 4590 meo
1674 4519 1811 4603 studio,
1849 4542 1924 4587 non
1958 4531 2062 4587 autor
2094 4533 2253 4604 tantum,
2294 4526 2353 4593 sed
2389 4519 2551 4595 hortator

519 4629 679 4713 humani,
703 4638 738 4696 et
752 4618 929 4693 Ecclesiae
946 4639 1040 4700 suae,
1064 4615 1157 4684 fonti
1172 4616 1290 4682 omnis
1304 4612 1506 4704 sapientiae,
1559 4623 1665 4693 etiam
1682 4635 1716 4691 et
1738 4621 1911 4711 impulsor
1933 4621 2021 4705 fuit,
2046 4620 2085 4688 in
2106 4645 2147 4689 eo
2163 4637 2201 4692 ut
2224 4646 2405 4712 pergerem
2429 4649 2552 4717 arper-

520 4732 617 4828 quod
634 4730 806 4796 immensa
830 4721 986 4790 bonitate
1010 4743 1066 4787 me
1087 4717 1127 4785 in
1144 4711 1210 4784 hac
1225 4712 1383 4784 Ecclesia
1400 4719 1507 4802 nasci,
1562 4747 1768 4808 severarem.

521 4829 665 4905 educari
685 4839 720 4895 et
741 4821 877 4892 erudiri
892 4820 1063 4898 voluerit,
1089 4819 1129 4887 in
1149 4829 1218 4910 qua
1233 4811 1429 4885 charissimi
1445 4841 1509 4907 pa·
1664 4822 1776 4914 Saepe
1793 4846 1872 4913 cum
1893 4822 1938 4891 de
1953 4818 2009 4890 his
2024 4824 2150 4892 studiis
2174 4818 2429 4917 philosophicis
2447 4825 2553 4898 lami·

521 4935 586 5009 tris
604 4927 694 5009 mei,
726 4925 805 5015 piae
822 4933 856 4988 et
879 4933 1016 4989 sanctae
1031 4919 1243 4999 memoriae,
1269 4940 1355 4986 voce
1372 4931 1406 4989 et
1421 4919 1509 4989 scri·
1562 4927 1697 4995 liariter
1724 4949 1804 4994 cum
1837 4924 1960 4992 amicis
1990 4926 2269 5017 colloqueretur,
2302 4930 2554 5022 praecaeteris

520 5037 590 5129 ptis
614 5027 774 5101 doctrina
807 5019 964 5089 coelestis
992 5045 1033 5088 ex
1056 5018 1277 5108 superiorum
1307 5033 1507 5113 temporum
1561 5040 1672 5096 artem
1688 5026 1861 5095 medicam
1883 5027 2108 5116 praedicabat
2129 5029 2290 5101 maxime.
2343 5028 2422 5102 Hoc
2442 5034 2553 5123 patris

510 5139 601 5230 ‘plns
628 5154 734 5225 quam
755 5120 956 5197 Cimmeriis
972 5120 1126 5191 tenebris
1148 5122 1287 5193 evoluta
1304 5139 1410 5216 atque
1424 5125 1511 5193 illu·
1561 5125 1694 5197 iudicio
1730 5129 1843 5217 magis
1878 5130 2113 5211 accendebar,
2162 5133 2368 5218 praesertim
2403 5160 2486 5205 cum
2519 5145 2554 5202 et

521 5252 646 5319 strata,
678 5253 775 5299 nunc
798 5237 886 5319 pure
909 5225 1001 5295 lucet
1025 5237 1058 5295 et
1083 5239 1184 5297 sonat
1204 5226 1242 5295 in
1265 5250 1392 5316 magna
1411 5242 1510 5319 parte
1563 5254 1703 5313 causas,
1729 5252 1816 5322 quas
1831 5231 2003 5309 addebat,
2032 5227 2278 5319 intelligerem.

522 5335 747 5413 Germaniae.
810 5327 953 5398 *Deinde
975 5329 1072 5421 quod
1100 5323 1156 5399 his
1187 5329 1359 5419 proximis
1393 5332 1511 5417 annis,
1664 5331 1746 5400 Non
1763 5333 1856 5399 enim
1875 5331 2045 5400 suavitate
2062 5334 2265 5417 doctrinae,
2289 5349 2323 5407 et
2338 5328 2552 5424 magnitudi-

522 5467 602 5514 cum
627 5435 745 5508 eiectis
767 5430 874 5500 nohis
889 5453 929 5497 ex
952 5431 1177 5519 solo'patrio,
1203 5455 1242 5499 ac
1259 5430 1384 5499 misere
1405 5433 1511 5502 dissi·
1564 5458 1609 5502 ne
1639 5434 1852 5517 utilitatum,
1889 5434 2020 5526 quibus
2041 5436 2086 5505 de
2111 5449 2186 5505 toto
2213 5460 2340 5526 genere
2366 5434 2552 5507 hominum

521 5546 629 5638 patis,
660 5555 775 5613 terror
805 5552 985 5601 armorum
1015 5526 1201 5602 hostilium
1233 5530 1510 5604 internecionem
1564 5531 1652 5603 haec
1672 5548 1828 5604 meretur
1851 5536 2001 5625 optime,
2026 5549 2098 5606 tam
2123 5561 2159 5606 se
2174 5541 2253 5629 capi
2277 5564 2317 5609 ac
2330 5535 2464 5607 moveri
2481 5532 2554 5602 aie·

521 5643 683 5718 minitari
708 5639 891 5710 videretur
911 5644 1021 5722 atque·
1037 5631 1230 5711 intentare,
1263 5632 1440 5703 restinctis
1454 5661 1512 5706 ar·
1565 5638 1644 5721 bat,
1675 5657 1782 5728 quam
1804 5637 2014 5725 cognatione
2041 5663 2122 5710 cnm
2145 5642 2314 5712 doctrina·
2329 5660 2436 5710 sacre·
2487 5633 2556 5706 So·
