6025 6775
570 621 625 696 89
1310 617 1470 693 DECL.
1503 617 1593 711 'DE
1624 617 1851 695 MlSNlA.
2174 660 2181 672 ·
2545 634 2596 707 to

535 783 541 793 ’
573 792 716 877 nomia,
749 804 783 863 et
807 792 1015 881 gubernatio
1038 790 1180 883 politica
1208 791 1406 863 referantur
1425 791 1470 862 ad
1495 785 1564 861 hoc
1714 787 1806 863 Cum
1826 790 1936 881 igitur
1955 802 2048 861 terra
2069 792 2243 863 foecunda
2266 795 2335 877 sit,'
2361 809 2395 867 et
2417 799 2598 876 frumento

574 917 755 964 summum
767 895 923 980 bonum,
950 893 1130 977 videlicet,
1153 892 1197 961 ad
1215 892 1310 984 piam
1323 889 1562 964 Ecclesiarum
1613 902 1647 960 et
1671 892 1823 963 metallis
1851 892 2028 973 abundet,
2063 915 2188 982 magna
2210 897 2320 966 estin
2341 921 2379 966 ea
2402 901 2597 976 multitudo

574 995 879 1067 constitutionem.
1199 1073 1205 1084 ‚
1612 988 1817 1078 hominum,
1848 994 1954 1063 urbes
1986 993 2138 1080 multae,
2169 996 2259 1065 aliae
2286 998 2366 1066 aliis
2389 1004 2538 1075 maiores
2564 1023 2600 1078 et
2665 1062 2669 1069 .

680 1093 805 1168 Redeo
829 1110 944 1167 autem
969 1095 1012 1162 ad
1037 1116 1118 1161 eum
1142 1096 1311 1185 gradum,
1336 1118 1440 1187 quem
1456 1094 1562 1165 initio
1606 1096 1829 1179 ornatiores,
1855 1117 1951 1164 arces
1967 1108 2002 1164 et
2018 1097 2097 1187 pagi
2121 1096 2279 1186 plurimi.
2332 1095 2517 1189 Elegantia
2535 1134 2597 1178 ve.

576 1199 775 1268 nominavi.
825 1195 892 1268 Dei
913 1193 1082 1262 beneficio
1102 1209 1240 1267 montes
1261 1198 1305 1265 ad
1322 1196 1564 1267 basimtrian-
1613 1220 1654 1265 ro
1687 1197 1926 1267 aedificiorum
1957 1209 2072 1281 tanta,
2105 1211 2145 1268 ut
2171 1197 2356 1291 plerasque
2385 1198 2598 1279 Germaniae

577 1300 673 1388 guli,
700 1300 833 1392 aliquot
852 1294 1051 1364 miliaribus
1070 1319 1176 1365 venas
1196 1292 1348 1378 habent,
1380 1298 1564 1387 gignentes
1613 1312 1730 1388 partes
1751 1294 1816 1367 bac
1836 1298 1942 1368 laude
1965 1311 2115 1389 superet.
2168 1296 2245 1368 lluc
2260 1301 2366 1369 decus
2381 1304 2511 1375 multas
2527 1309 2600 1378 vir·
2629 1288 2633 1295 ⁵

576 1424 659 1470 cum
686 1401 753 1470 alia
784 1396 924 1467 metalla
957 1397 1110 1481 serrum,
1127 1399 1350 1489 plumbum,
1383 1411 1563 1485 stannum,
1612 1411 1705 1469 tutes
1724 1398 1982 1489 complectitur:
2014 1424 2097 1469 nam
2118 1399 2181 1469 ubi
2202 1424 2284 1469 cura
2301 1414 2353 1472 est
2369 1418 2462 1475 recte
2479 1410 2601 1478 aedifi-

523 1534 525 1537 ·
575 1514 655 1571 tum
678 1524 759 1570 vero
782 1497 976 1588 plurimum
1004 1498 1151 1587 argenti.
1207 1497 1324 1570 Multa
1341 1513 1422 1570 sunt
1446 1515 1563 1571 autem
1614 1501 1739 1586 candi,
1761 1500 1813 1568 ibi
1828 1522 1965 1569 neccsse
1982 1513 2036 1570 est
2050 1513 2084 1568 et
2098 1502 2288 1570 multarum
2304 1503 2434 1574 artium
2451 1508 2600 1580 artifices

574 1617 722 1673 naturae
737 1599 924 1679 miracula,
956 1599 1160 1693 ubicunque
1176 1614 1261 1671 sunt
1282 1625 1393 1671 venae
1411 1602 1564 1671 metalli·
1614 1624 1705 1687 esse,
1736 1615 1771 1672 et
1791 1614 1934 1671 naturas
1959 1597 2144 1671 hominum
2170 1603 2312 1677 dociles.
2368 1604 2507 1677 Deinde
2537 1634 2600 1700 per

575 1727 655 1787 cae,
674 1715 722 1781 ,et
738 1701 813 1771 sine
828 1723 955 1790 magna
970 1700 1138 1770 varietate
1154 1702 1302 1783 artium,
1329 1700 1564 1773 et'machina·
1613 1725 1687 1772 sese
1703 1702 1818 1773 virtus
1833 1715 1885 1773 est
1900 1702 2097 1791 intelligere
2114 1716 2147 1773 et
2162 1728 2280 1774 amare
2296 1705 2457 1776 ordinem
2476 1722 2512 1779 et
2526 1712 2599 1780 ele-

573 1828 655 1874 rum
674 1826 715 1871 ex
730 1816 821 1872 terra
838 1802 915 1873 erui
931 1814 965 1871 et
979 1803 1146 1895 percoqui
1163 1826 1236 1873 non
1250 1818 1408 1894 possunt.
1443 1803 1564 1892 Quare
1614 1804 1769 1893 gantiam
1790 1803 1830 1872 in
1852 1804 2081 1877 aedificando.
2139 1802 2220 1874 Non
2243 1806 2337 1874 enim
2358 1805 2429 1875 iam
2452 1811 2598 1882 deluxu

571 1905 677 1975 facile
692 1904 843 2004 intelligi
858 1916 989 1995 potest,
1017 1904 1147 1973 multos
1162 1904 1258 1974 iniis
1274 1905 1359 1973 locis
1374 1927 1447 1974 esse
1463 1905 1563 1994 inge·
1612 1917 1673 1974 aut
1694 1903 1886 1974 immodico
1915 1906 2102 1997 splendore
2125 1905 2272 1999 loquor,
2300 1908 2361 1999 qui
2387 1932 2461 1977 non
2486 1926 2599 2000 potest

573 2006 694 2076 niosos
710 2005 877 2089 artifices,
903 2004 1033 2074 multos
1048 2006 1151 2074 etiam
1170 2005 1231 2099 qui
1253 2018 1380 2095 regunt
1396 2004 1562 2098 opiticum
1611 2028 1685 2075 esse
1699 2006 1913 2092 multorum,
1938 2008 2000 2075 sed
2017 2008 2062 2076 de
2078 2008 2260 2078 communi
2277 2009 2508 2079 mediocrium
2531 2007 2599 2082 ho-

451 2185 454 2189 ,
573 2130 718 2193 manus,
752 2106 953 2195 cognitione
981 2100 1230 2176 Arithmetices
1262 2120 1297 2176 et
1327 2106 1563 2193 Geometriae,
1612 2107 1749 2177 minum
1773 2108 2048 2192 consuetudine,
2079 2109 2142 2203 qui
2159 2109 2198 2177 in
2220 2110 2386 2180 omnibus
2401 2113 2544 2203 oppidis
2560 2114 2598 2183 in

574 2212 706 2279 multos
731 2208 815 2277 item
841 2208 902 2301 qui
928 2219 1091 2276 naturam
1111 2230 1230 2276 rerum
1251 2208 1290 2275 in
1308 2222 1399 2278 terra
1414 2232 1568 2278 nascen-
1612 2202 1679 2276 hac
1711 2208 1854 2296 regione
1886 2210 1967 2298 plus
1993 2205 2164 2279 adhibent
2190 2209 2274 2281 artis
2301 2210 2339 2278 in
2363 2213 2599 2301 aedificando,

575 2311 664 2381 tium
683 2310 873 2399 diligenter
887 2308 1191 2398 contemplantur,
1216 2321 1256 2378 ut
1268 2332 1325 2379 eas
1342 2310 1387 2378 ad
1402 2333 1505 2379 usum
1524 2310 1561 2377 in
1613 2332 1718 2401 quam
1733 2309 1769 2376 iu
1786 2310 1982 2403 plaerisque
1997 2312 2076 2380 aliis
2088 2308 2304 2381 Germaniae
2320 2314 2491 2403 partibus.
2531 2314 2597 2386 Est

574 2412 809 2482 medicatione
825 2412 1049 2481 transierant.
1612 2424 1730 2479 autem
1746 2410 1883 2482 iusticia
1905 2414 2078 2506 quaedam
2100 2413 2295 2482 valetudini
2316 2415 2465 2499 servire,
2491 2440 2598 2508 quam

677 2512 837 2582 Fuerunt
858 2512 896 2579 in
914 2508 1126 2579 Macedonia
1141 2531 1251 2579 venae
1265 2510 1437 2592 celebres,
1463 2513 1502 2581 in
1521 2536 1562 2582 eo
1613 2512 1657 2579 ad
1678 2534 1752 2580 rem
1776 2535 1865 2603 opus
1887 2527 1939 2583 est
1957 2514 2121 2584 distincta
2140 2536 2213 2582 esse
2227 2508 2428 2585 habitacula
2446 2540 2599 2609 puerpe-

574 2616 651 2686 loco
675 2614 738 2685 nbi
760 2616 845 2683 urbs
866 2606 1123 2701 suitPhilippi,
1157 2610 1242 2679 olim
1266 2627 1466 2705 nuncupata
1490 2610 1563 2683 Da·
1612 2636 1752 2697 rarum,
1786 2627 2034 2705 aegrotorum,
2065 2616 2190 2685 turbae
2207 2616 2435 2698 domesticae,
2468 2620 2598 2688 deinde

574 2711 675 2797 thos,
702 2716 786 2786 item
808 2712 954 2784 Crenae.
1014 2710 1160 2781 Harum·
1176 2736 1347 2782 venarum
1370 2729 1563 2805 proventus
1612 2714 1802 2805 prudentia
1820 2729 1872 2786 cst
1895 2716 2111 2806 distinguere
2125 2717 2204 2787 loca
2219 2716 2455 2806 suppellectili
2471 2732 2505 2787 et
2520 2743 2597 2788 cae-

576 2840 717 2886 annuus
731 2817 799 2885 fuit
813 2811 923 2884 sexies
939 2830 1079 2886 eentum
1094 2812 1208 2884 millia
1226 2829 1498 2902 coronatorum,
1522 2830 1562 2887 ut
1612 2814 1696 2885 teris
1722 2817 1839 2890 rebus.
1895 2813 1979 2885 Non
2004 2817 2042 2884 in
2064 2818 2190 2885 iisdem
2214 2813 2443 2903 habitaculis,
2475 2822 2599 2909 panni,

576 2932 698 2987 nostro
730 2942 829 2986 more
865 2917 1003 3011 loquar.
1068 2913 1192 2985 Fuisse
1226 2929 1342 2986 autem
1368 2919 1562 3011 aliquando
1612 2930 1743 3001 vestes,
1766 2919 2005 3001 frumentum,
2033 2917 2117 2986 vina
2141 2920 2272 2988 servari
2293 2934 2458 3011 possunt,
2484 2934 2545 2990 aut
2567 2921 2598 2991 si

576 3018 758 3090 uberiores
792 3015 899 3088 venas
935 3017 1184 3107 Fribergenses
1218 3029 1252 3087 et
1285 3015 1563 3108 Snebecgenses,
1612 3018 1692 3110 quis
1716 3018 1894 3091 nautbam
1922 3018 2032 3090 vitam
2053 3019 2198 3107 probat,
2232 3032 2293 3087 aut
2318 3018 2597 3090 Amaxobiorum

575 3121 759 3191 manifesta
781 3118 982 3190 testimonia
1008 3131 1136 3191 extant.
1515 3111 1522 3123 '
1611 3118 1914 3203 consuetudinem,
1940 3117 2002 3211 qui
2012 3130 2121 3188 totam
2136 3140 2209 3186 rem
2219 3117 2428 3189 familiarem
2444 3122 2483 3189 in
2497 3122 2598 3213 plau-

677 3220 749 3290 lam
767 3216 825 3292 hic
841 3220 1030 3291 dicendum
1047 3231 1136 3291 esset
1149 3220 1193 3289 de
1209 3218 1321 3290 causis
1336 3220 1562 3290 metallorum
1611 3217 1692 3317 stris
1709 3215 1861 3304 vehunt,
1893 3220 1959 3290 ubi
1974 3219 2146 3310 distingui
2162 3243 2236 3290 non
2259 3236 2425 3311 possunt,
2450 3223 2598 3306 stabula,

575 3337 609 3395 et
636 3322 862 3414 generatione
885 3322 1064 3392 variarum
1087 3320 1299 3409 specierum,
1325 3323 1419 3393 etde
1436 3336 1563 3396 natura
1611 3322 1728 3407 lucus,
1748 3322 1929 3408 cubicula,
1957 3321 1987 3391 is
2002 3320 2130 3418 Gryllo
2147 3321 2273 3392 similis
2292 3335 2360 3409 est,
2385 3324 2447 3417 qui
2464 3349 2483 3395 a
2498 3322 2599 3397 Circe

574 3419 804 3520 hydrargyri,
829 3422 926 3514 quod
946 3419 1059 3490 sentio
1079 3418 1293 3505 singularem
1309 3425 1459 3509 speciem
1477 3448 1563 3509 esse,
1612 3425 1651 3492 in
1680 3448 1827 3515 porcum
1859 3438 2033 3510 mutatus,
2072 3425 2226 3517 recipere
2259 3418 2416 3494 huminis
2450 3427 2598 3515 liguram

572 3550 592 3594 a
610 3523 686 3594 Deo
702 3522 752 3591 sic
775 3521 975 3602 conditam,
1000 3530 1040 3585 ut
1062 3516 1107 3584 sit
1125 3518 1349 3586 metallorum
1365 3540 1502 3602 semen,
1529 3535 1564 3588 et
1613 3522 1741 3588 noluit.

573 3619 786 3692 hallucinari
801 3643 879 3703 eos,
908 3619 970 3713 qui
985 3642 1059 3687 non
1074 3630 1167 3688 certa
1181 3617 1273 3706 lege,
1297 3617 1357 3687 sed
1376 3640 1457 3687 casu
1476 3643 1563 3688 con·
1604 3680 1613 3689 ,,
1713 3612 1834 3686 Tertia
1848 3638 1929 3705 pars
1943 3616 2115 3684 orationis
2131 3634 2183 3687 est
2196 3625 2239 3687 de
2264 3626 2419 3708 naturis,
2447 3627 2601 3716 ingeniis

573 3727 684 3795 fluere
710 3723 809 3792 illam
831 3744 986 3790 massam·
1008 3716 1227 3799 existimant,
1259 3733 1300 3790 ut
1324 3719 1474 3788 fulmina
1500 3743 1562 3789 seu
1613 3731 1647 3787 et
1668 3716 1827 3785 moribus
1850 3710 2054 3800 bominum,
2088 3711 2288 3786 haecenim
2307 3724 2494 3810 praecipue
2512 3752 2599 3794 con.

575 3828 644 3897 alia
669 3825 777 3895 mixta
800 3823 1017 3914 imperfecta.
1078 3819 1149 3890 sed
1171 3833 1243 3891 tota
1263 3815 1495 3913 Philosophia
1519 3823 1564 3891 de
1613 3818 1800 3889 sideranda
1825 3830 1925 3902 sunt,
1959 3815 2051 3888 sicut
2080 3831 2116 3888 et
2136 3815 2315 3888 Homerus
2341 3822 2500 3908 monuit,
2535 3825 2598 3916 qui

574 3927 801 4002 metallorum
817 3925 970 4012 origine,
996 3922 1234 4012 generatione,
1257 3922 1435 4005 coctione,
1458 3923 1565 3992 diffe-
1615 3919 1776 4015 Ulyssem
1791 3920 1841 3991 ait
1854 3943 1928 3989 non
1941 3930 2080 3991 tantum
2098 3922 2203 3991 urbes
2220 3921 2350 3991 multas
2364 3921 2512 4008 vidisse,
2537 3927 2596 3996 sed

576 4029 719 4115 rentiis,
753 4026 967 4121 nequidem
997 4023 1133 4114 magnis
1160 4023 1404 4094 voluminibus
1436 4027 1564 4115 exponi
1614 4023 1719 4091 etiam
1737 4022 1867 4092 iudicia
1883 4035 1918 4092 et
1938 4044 2054 4091 mores
2077 4024 2292 4113 cognovisse.
2330 4022 2485 4096 Prosunt
2502 4026 2598 4094 enim

576 4145 707 4224 potest,
730 4144 764 4200 et
778 4129 888 4219 gratia
898 4122 1060 4198 habenda
1076 4138 1127 4195 est
1141 4125 1219 4195 viro
1235 4123 1565 4196 doctissimoGeor-
1614 4123 1771 4216 exempla
1794 4125 1838 4194 ad
1864 4125 2236 4195 commonefactionem
2260 4126 2304 4194 do
2319 4125 2443 4196 multis
2461 4128 2599 4218 magnis

577 4235 635 4324 gio
657 4229 863 4323 Agricolae,
895 4229 996 4301 cuius
1019 4240 1138 4299 extant
1161 4227 1248 4298 libri
1270 4230 1314 4298 de
1334 4228 1487 4299 metallis
1504 4254 1564 4298 co·
1615 4227 1731 4297 rebus.
1790 4224 1941 4314 Figurae
1970 4249 2160 4316 corporum
2192 4251 2267 4296 non
2294 4227 2487 4309 deformes,
2524 4252 2598 4298 non

577 4337 675 4428 piose
691 4333 834 4425 scripti,
859 4331 988 4427 quibus
1003 4344 1037 4401 et
1052 4330 1202 4420 patriam
1218 4344 1341 4412 ornat,
1371 4344 1405 4402 et
1420 4331 1566 4400 univer·
1615 4323 1782 4397 horridae
1797 4340 1898 4407 sunt,
1923 4341 1958 4396 et
1973 4327 2114 4418 ingenia
2130 4330 2269 4398 suntad
2286 4329 2528 4420 disciplinam,
2552 4331 2595 4400 ad

578 4461 651 4507 sam
677 4436 916 4529 posteritatem
942 4436 987 4505 de
1012 4427 1069 4502 bis
1087 4431 1259 4502 mirandis
1280 4445 1429 4502 naturae
1447 4432 1565 4521 operi·
1616 4429 1783 4498 virtutem
1808 4429 1852 4497 ad
1877 4428 2075 4515 doctrinas,
2105 4442 2140 4500 et
2154 4432 2198 4499 ad
2222 4431 2308 4501 alias
2324 4424 2490 4501 honestas
2505 4446 2599 4503 artes

563 4541 663 4624 bus,
695 4540 743 4609 ita
766 4541 885 4623 docet,
919 4534 1021 4607 utin
1044 4527 1112 4604 hoc
1137 4514 1263 4622 geisere
1286 4545 1359 4603 mm
1385 4533 1565 4604 luculenta
1615 4531 1754 4601 idonea.
1813 4529 1999 4601 Summum
2021 4545 2138 4602 autem
2159 4533 2294 4601 bonum
2317 4532 2420 4602 estin
2436 4533 2600 4615 societate

579 4640 708 4730 scripta
729 4639 827 4707 nulla
845 4638 951 4708 fuisse
967 4635 1172 4706 existimem.
1470 4647 1480 4653 ‘
1616 4627 1822 4716 hominnm,
1853 4656 1935 4700 vera
1962 4629 2027 4701 Dei
2049 4632 2207 4723 agnitio,
2238 4656 2328 4725 quae
2347 4635 2441 4703 utin
2459 4630 2600 4704 hacre-

681 4736 835 4830 Reliqua
852 4734 970 4832 Mysia
985 4759 1066 4804 cum
1080 4733 1265 4824 paululum
1289 4757 1409 4802 versus
1425 4747 1566 4826 septen·
1615 4733 1720 4824 gione
1736 4734 1870 4818 luceat,
1895 4730 1963 4802 Dei
1980 4734 2150 4804 beneficio
2165 4731 2341 4805 Ecclesiae
2359 4748 2450 4805 recte
2468 4736 2600 4806 consti-

578 4843 731 4915 trionem
748 4839 1011 4930 progredimur,
1043 4848 1116 4906 tota
1131 4834 1227 4905 ferax
1247 4847 1297 4905 est
1314 4835 1420 4907 tritici
1437 4850 1473 4906 et
1487 4836 1566 4930 oly-
1617 4849 1712 4907 tutae
1737 4849 1837 4920 sunt,
1863 4848 1899 4905 et
1920 4847 2048 4904 sonant
2070 4831 2257 4927 Evangelii
2279 4859 2401 4905 vocem
2423 4837 2500 4907 sine
2520 4861 2601 4907 cor·

578 4969 637 5016 rae
662 4955 695 5013 et
719 4942 872 5011 aliorum
893 4940 1173 5022 frumentorum,
1206 4948 1241 5006 et
1264 4935 1303 5006 in
1329 4938 1450 5006 multis
1478 4938 1566 5008 locis
1615 4936 1764 5028 ruptelis
1777 4948 1811 5006 et
1826 4936 1902 5006 sine
1916 4936 2094 5021 dissidiis,
2117 4951 2152 5007 et
2167 4939 2206 5007 in
2220 4939 2465 5028 congressibus
2479 4938 2600 5031 publi·

579 5046 691 5138 gignit
714 5044 839 5114 viuum
862 5054 898 5113 et
919 5063 1072 5112 crocum.
1128 5034 1195 5110 Est
1216 5051 1251 5109 et
1273 5039 1437 5110 distincta
1461 5040 1566 5130 agris,
1616 5039 1665 5109 eis
1688 5061 1813 5128 magna
1835 5038 2034 5134 frequentia
2057 5051 2109 5109 est
2126 5034 2312 5110 hominum
2335 5042 2491 5113 modeste
2514 5061 2598 5110 con·

578 5148 707 5242 pratis,
746 5144 975 5227 fluminibus,
1010 5140 1138 5236 sylvis,
1177 5164 1218 5212 ac
1248 5165 1368 5227 rerum
1399 5166 1489 5236 quae
1519 5145 1565 5212 ad
1615 5140 1834 5211 venientium
1856 5144 1900 5211 ad
1922 5141 2113 5212 conciones
2138 5155 2173 5212 et
2203 5144 2247 5212 ad
2273 5167 2495 5216 communem
2515 5159 2597 5228 pre-

578 5250 711 5320 victum
744 5244 883 5319 homini
914 5243 1183 5318 convenientem
1221 5243 1434 5314 necessariae
1467 5258 1566 5329 sunt,
1615 5242 1803 5314 rationem.

578 5351 679 5444 eopia
701 5362 798 5420 tanta
828 5363 897 5434 est,
928 5359 969 5417 ut
989 5345 1095 5418 etiam
1122 5345 1279 5416 delectus
1306 5358 1341 5416 et
1370 5347 1566 5417 mundicias
1717 5340 1770 5414 Ac
1794 5342 1927 5435 ubique
1950 5343 1989 5411 in
2016 5344 2157 5436 oppidis
2171 5345 2357 5414 adiunctae
2376 5349 2457 5411 sunt
2470 5331 2596 5405 Eccle-

578 5453 711 5526 servari
734 5451 858 5541 possit.
918 5445 1015 5519 Haec
1045 5450 1091 5519 de
1120 5459 1234 5517 terrae
1258 5460 1384 5519 natura
1407 5449 1564 5539 primum
1615 5445 1677 5515 siis
1690 5439 1831 5515 scholae
1852 5445 2055 5530 literarum,
2086 5446 2124 5515 in
2144 5446 2274 5538 quibus
2293 5437 2524 5512 adolescentia
2541 5438 2598 5506 di-

576 5554 869 5637 commemoravi,
902 5564 941 5623 ut
966 5551 1055 5640 grati
1079 5571 1228 5619 munera
1250 5548 1373 5619 divina
1396 5573 1565 5641 agnosca·
1615 5547 1680 5616 scit
1713 5570 1887 5616 summam
1912 5547 2093 5618 doctrinae
2115 5543 2354 5626 Christianae,
2384 5538 2534 5610 latinam
2563 5554 2600 5611 et

577 5683 673 5742 mus,
699 5669 735 5727 et
751 5654 943 5745 cogitemus
963 5650 1040 5722 sine
1054 5646 1140 5733 hac,
1163 5663 1204 5722 ut
1220 5651 1269 5724 ita
1286 5650 1420 5736 dicam,
1446 5651 1564 5726 nutri-
1615 5670 1774 5737 graecam
1797 5648 1975 5740 linguam,
2007 5660 2041 5719 et
2061 5649 2220 5720 iuniores
2236 5633 2600 5736 recitantxumixsota

580 5762 733 5845 catione,
760 5770 895 5828 caetera
911 5757 1005 5829 bona
1022 5749 1147 5824 baberi
1162 5774 1237 5824 non
1251 5753 1417 5847 potuisse.
1616 5750 1662 5820 ad
1678 5752 1838 5839 verbum,
1861 5764 1902 5824 ut
1915 5751 2104 5841 assuefiant
2117 5752 2162 5822 ad
2177 5746 2393 5838 agnitionem
2407 5757 2442 5815 et
2455 5744 2601 5817 invoca·
