6025 6775
2230 411 2251 444 ..
2375 411 2421 478 ,ᾗ

2252 483 2316 554 ει*
2477 493 2502 540 'f

488 644 563 720 asa
723 531 935 711 initura
960 623 1037 699 ru
1061 619 1179 701 unc.
1205 615 1275 696 an
1299 619 1427 699 utsr.
1453 549 1612 704 εεοεῘ
1620 620 1691 699 nr
1715 585 1911 710 runos.
1937 553 2301 713 secunduli?
2391 593 2510 744 reat·

356 783 398 900 ⁹,
458 823 624 894 ,leturos
639 831 725 882 esse.
774 801 849 876 Nec
861 779 1147 891 contempsimus
1158 791 1316 867 Romani
1331 794 1471 888 pericu·
1620 787 1719 866 Ha'ec
1757 797 1802 867 de
1834 792 2029 873 Marcello
2063 804 2254 900 diximus,¹
2286 809 2368 906 quia
2400 809 2503 880 valde

342 965 350 982 .
492 922 590 1003 lum,
614 913 674 985 sed
689 927 837 999 magnos
850 900 1020 976 exercitus
1037 907 1291 990 opposuerunt.
1341 895 1473 967 Curius
1523 894 1666 986 prodest
1681 898 1887 969 excellentes
1900 902 1997 971 viros
2010 905 2049 972 iu
2065 908 2234 980 omnibus
2247 903 2400 980 historiis
2414 934 2504 980 con-

494 1034 530 1094 et
542 1011 741 1090 Flaminius
758 1004 856 1077 Coss.
869 1025 944 1074 non
960 999 1085 1094 procul
1100 1022 1119 1069 a
1132 995 1340 1069 Mediolano
1360 996 1477 1068 truci-.
1524 996 1677 1066 siderare
1695 1012 1836 1088 propter
1856 1023 1914 1070 eas
1935 1026 2073 1087 causas,
2108 1030 2195 1099 quas
2217 1007 2376 1082 recitavi:
2408 1007 2504 1098 Quia

496 1123 671 1192 daverunt
686 1105 918 1202 quadraginta
934 1102 1048 1172 millia
1065 1096 1253 1170 Gallorum
1271 1111 1305 1169 et
1319 1096 1473 1167 Germa·
1524 1095 1730 1167 discendum
1747 1111 1799 1167 est
1818 1100 1964 1190 imperia
1987 1126 2007 1171 a
2024 1099 2099 1173 Deo
2127 1110 2315 1195 constitui,
2341 1124 2374 1181 et
2390 1106 2507 1194 Deum

497 1240 637 1291 norum.
686 1208 828 1281 Horum
852 1207 925 1276 dux
940 1200 1160 1284 Ariovistus,
1185 1201 1282 1294 quod
1299 1198 1473 1291 eccepto:
1526 1198 1611 1267 dare
1636 1198 1862 1268 excellentem
1884 1202 2048 1271 virtutem
2064 1218 2105 1283 ‚et
2129 1227 2328 1296 successus,
2362 1225 2397 1281 et
2422 1204 2509 1280 haec

496 1318 580 1409 uest,
603 1325 725 1407 captus
739 1322 809 1389 est,
832 1320 874 1380 ut
887 1304 1010 1378 scribit
1024 1299 1207 1397 Polybius.
1526 1297 1606 1394 dari
1638 1322 1714 1368 non
1747 1300 1904 1388 ignavis,
1941 1304 2002 1371 sed
2035 1304 2298 1394 labomntibus,
2342 1313 2436 1382 sicut
2468 1311 2509 1380 iu

599 1415 775 1508 Sequente
803 1432 898 1479 anno
926 1403 1024 1478 Coss.
1053 1403 1199 1473 luerunt
1227 1398 1282 1475 M.
1305 1397 1476 1473 Claudius
1526 1394 1704 1494 Aeschylo
1724 1401 1859 1471 dictum
1884 1413 1950 1470 est:
1984 1398 2057 1472 ἀλλ’
2082 1400 2170 1478 ὅταν
2193 1403 2335 1502 σπένδῃ
2356 1404 2413 1491 τίς
2436 1406 2510 1483 αὐ.

498 1517 711 1600 Marcellus,
743 1507 869 1584 etCn.
885 1504 1071 1581 Cornelius
1093 1502 1224 1594 Scipio.
1283 1499 1477 1574 Marcellus
1527 1496 1608 1592 τὸς,
1631 1495 1697 1572 καὶ
1713 1497 1802 1582 θεὸς
1816 1494 2051 1576 συνάπτεται.

497 1625 531 1693 ἱε
550 1633 622 1703 εει,
655 1615 717 1709 qui
740 1611 871 1684 delude
891 1619 970 1699 post
984 1603 1208 1676 Cannensem
1231 1604 1368 1674 cladem
1391 1603 1477 1674 vicit
1632 1601 1801 1697 Polybius
1820 1603 1958 1696 inquit,
1981 1597 2187 1675 buiusbelli
2203 1605 2333 1679 Gallici
2349 1609 2531 1704 pericula,

499 1718 728 1796 Annibalem.
790 1708 856 1784 Cu.
877 1705 1066 1779 Cornelius
1088 1703 1208 1797 Scipio
1235 1718 1382 1795 patruus
1409 1704 1477 1776 suit
1529 1715 1564 1774 et
1580 1703 1713 1795 praelia
1730 1703 1838 1773 luisse
1858 1728 1931 1773 non
1947 1704 2105 1789 minora,
2129 1730 2235 1798 quarn
2251 1709 2324 1778 ulla
2339 1707 2378 1778 in
2395 1723 2508 1781 caete-

498 1817 716 1914 Aphricani,
741 1835 848 1905 aquo
872 1809 911 1876 in
929 1800 1085 1897 Aphrica
1109 1804 1220 1875 victus
1240 1816 1291 1875 est
1306 1803 1475 1877 Annibal.
1528 1804 1577 1874 ris
1606 1806 1766 1889 luerunt,
1806 1806 1867 1873 sed
1895 1828 1916 1874 a
1936 1802 2046 1877 Celtis
2075 1807 2197 1879 omnia
2224 1809 2335 1899 magis
2363 1810 2512 1901 impetu,

497 1919 590 1996 Cum
607 1932 724 1991 autem
738 1915 826 1983 duce
836 1907 1076 1991 Viridomaro,
1089 1907 1186 1998 quod
1202 1921 1252 1977 est
1261 1905 1476 1995 gtitbmtptt,
1528 1928 1633 1998 quam
1656 1905 1806 1975 consilio
1830 1919 1904 1975 acta
1926 1929 2014 1976 esse:
2056 1906 2175 2002 θυμῷ
2196 1903 2365 2001 touillon?
2398 1906 2509 2003 ἢλο-

501 2025 625 2104 idest,
649 2028 765 2087 custos
781 2010 893 2102 pacis,
918 2029 1040 2078 rursus
1058 2006 1203 2094 triginta
1220 2009 1332 2078 millia
1348 2006 1477 2078 Gallo·
1526 2009 1667 2102 γισμῷ,
1689 2004 1968 2102 βραβευθῆναι.
2306 2017 2310 2026 ’

502 2149 582 2196 rum
602 2134 637 2191 et
652 2115 912 2186 Germanorum
935 2107 979 2176 ad
997 2105 1242 2177 Mediolanum
1259 2111 1477 2191 accederent,

502 2241 537 2296 et
551 2221 651 2295 Coss.
673 2213 918 2284 Mediolanum
937 2208 1159 2293 obsiderent,
1184 2206 1375 2280 Marcellus
1395 2234 1477 2300 par-

499 2339 572 2396 tem
587 2317 756 2390 exercitus
771 2311 872 2382 duxit
883 2307 1335 2379 adversusViridomarum.
1367 2307 1477 2380 Cum-

502 2447 571 2519 que
585 2418 680 2491 hunc
695 2414 868 2514 insignem
886 2410 994 2481 armis
1009 2433 1097 2479 auro
1111 2410 1246 2480 ornatis
1262 2424 1343 2480 ante
1364 2410 1477 2480 aciem
1631 2400 1844 2499 Exemplum
1864 2421 1916 2479 εει
1929 2400 2070 2476 Aratus
2087 2403 2283 2501 Sicyonius
2298 2409 2516 2498 gubernato·

502 2524 664 2603 vidisset,
690 2515 773 2610 quia
787 2515 912 2583 ducem
935 2530 1010 2580 esse
1032 2510 1311 2582 ratiocinabatur
1324 2509 1479 2582 Marcel·
1530 2509 1580 2578 ris
1593 2509 1779 2599 sapientis,
1805 2509 1907 2593 iusti,
1933 2510 2105 2579 moderati
2121 2510 2159 2578 in
2174 2510 2319 2579 victoria
2337 2511 2458 2595 civili,
2480 2526 2517 2583 et

503 2628 578 2707 lus,
603 2633 695 2690 recta
719 2616 891 2706 impetum
916 2611 954 2679 in
978 2611 1183 2694 eumfacit,
1214 2625 1248 2682 et
1270 2609 1346 2682 lovi
1366 2612 1479 2703 spolia
1531 2609 1663 2701 experti
1684 2610 1847 2678 fortunae
1867 2609 2159 2696 inconstantiam,
2188 2624 2222 2679 ει
2240 2610 2364 2680 inlidas
2390 2633 2516 2701 regum

502 2727 621 2817 opima
651 2729 767 2789 vovet.
827 2710 911 2782 Non
933 2711 1025 2801 lugit
1046 2705 1177 2791 bostis,
1216 2714 1279 2782 sed
1311 2713 1480 2783 acerrime
1530 2710 1795 2780 familiaritates.
1859 2708 1976 2798 Quem
1999 2735 2040 2779 eo
2066 2712 2254 2801 praeterire
2273 2713 2394 2797 nolui,
2429 2713 2516 2807 quia

503 2825 676 2898 dimicans
697 2817 839 2888 tandem
862 2811 991 2904 accipit
1011 2811 1114 2881 letale
1142 2813 1284 2887 vulnus.
1342 2810 1480 2883 lnterea
1531 2812 1654 2884 Cicero
1671 2811 1746 2880 eius
1760 2811 1975 2879 mentionem
1992 2812 2087 2881 lacit.
2138 2809 2341 2882 Etin‘eius
2364 2810 2512 2884 historia

503 2942 538 2997 ει
559 2919 729 2994 exercitus
753 2916 848 2985 inter
869 2934 942 2982 sese
962 2912 1178 3001 confligunt,
1211 2917 1271 2984 sed
1297 2914 1480 2986 interfecto
1531 2911 1765 3003 conspicitur,
1792 2936 1896 3005 quam
1912 2912 2000 2980 varii
2015 2912 2187 2982 tumultus
2203 2928 2237 2984 ει
2253 2916 2510 3009 qualestyran·

502 3029 592 3098 duce
609 3020 855 3096 Viridomaro,
879 3013 993 3105 prima
1007 3013 1080 3084 acie
1096 3016 1342 3105 perterrefacta
1356 3028 1390 3085 et
1404 3028 1482 3085 tur·
1534 3013 1636 3082 uides
1657 3014 1695 3082 in
1718 3012 1868 3083 Graecia
1890 3026 1976 3082 tunc
1996 3013 2148 3098 fuerint,
2189 3037 2269 3084 cum
2300 3019 2457 3087 nondum
2486 3039 2510 3087 a

500 3127 602 3210 bata,
625 3117 782 3194 Romani
799 3115 930 3185 alacres
951 3114 1085 3185 instant
1109 3117 1328 3188 cedentibus.
1381 3113 1482 3185 Mar·
1531 3111 1706 3186 Romanis
1722 3114 1980 3184 defenderetur.

460 3293 468 3306 ,
503 3228 614 3298 rellus
633 3220 744 3316 spolia
762 3212 857 3287 hosti
877 3210 1049 3300 detrabit,
1072 3239 1161 3309 quae
1183 3230 1302 3308 postea
1323 3238 1482 3287 reversus
1634 3209 1830 3307 Aliquanto
1860 3228 1942 3285 ante
1971 3215 2107 3284 bellum
2129 3212 2326 3302 Gallicum,
2368 3218 2408 3286 in
2440 3242 2512 3313 quo
2547 3243 2550 3248 ·

502 3326 655 3402 Romam
672 3321 773 3394 affixa
788 3340 926 3411 quemn
941 3329 1068 3388 trunco
1084 3330 1195 3406 gestat
1210 3317 1247 3385 in
1257 3316 1483 3411 Capitolium,
1532 3314 1726 3387 Marcellus
1748 3316 1863 3389 victor
1883 3315 2015 3388 delevit
2036 3339 2204 3407 magnum
2227 3318 2417 3392 exercitum
2431 3319 2516 3393 Cel-

503 3429 662 3520 exemplo
676 3414 855 3500 Romuli,
882 3419 973 3490 sicut
991 3432 1144 3492 voverat.
1195 3416 1286 3489 Mox
1302 3443 1386 3489 vero
1403 3433 1484 3510 post
1531 3432 1666 3502 nrum,
1689 3417 1726 3487 id
1743 3429 1795 3489 cst
1809 3414 1998 3488 Gallorum
2012 3432 2047 3488 et
2061 3416 2284 3504 Teutonum,
2310 3422 2425 3492 clarus
2446 3423 2516 3493 luit

502 3530 602 3600 illam
618 3547 771 3617 pugnam
787 3519 931 3609 triginta
946 3519 1104 3591 millibus
1119 3515 1274 3590 bostium
1288 3520 1483 3612 profligatis
1533 3519 1571 3588 in
1588 3517 1739 3590 Graecia
1754 3516 1886 3590 Aratus
1899 3518 2107 3614 Sicyonius,
2140 3535 2245 3592 natus
2268 3537 2367 3615 patre
2382 3521 2515 3605 Clinia,

504 3632 548 3702 ad
574 3624 797 3699 obsidionem
814 3618 1012 3691 Mediolani
1032 3620 1145 3705 redit,
1171 3621 1234 3690 rabi
1258 3645 1337 3692 cum
1362 3622 1484 3714 copiae
1532 3621 1594 3713 qui
1616 3620 1685 3691 luit
1704 3621 1866 3712 princeps
1881 3620 2064 3714 Sicyonis,
2089 3646 2194 3714 quem
2218 3648 2300 3694 cum
2319 3625 2516 3698 interieris-

504 3729 604 3801 Coss.
635 3746 757 3796 rursus
783 3722 994 3793 coniunctae
1021 3734 1154 3803 essent,
1194 3722 1232 3793 vi
1260 3735 1402 3814 captum
1432 3736 1484 3793 est
1532 3734 1583 3790 set
1599 3722 1811 3803 Abantidas,
1837 3722 1900 3814 qui
1923 3717 2042 3813 rupuit
2058 3722 2361 3807 dominationem,
2391 3741 2515 3820 postea

504 3827 761 3902 Mediolanum.
811 3820 952 3894 Deinde
973 3820 1089 3888 vicina
1110 3821 1241 3911 oppida
1266 3823 1482 3893 deditionem
1531 3806 1911 3892 liliusCliniaeAratus
1926 3823 2020 3912 exul,
2045 3824 2188 3895 adiutus
2204 3850 2225 3895 a
2241 3829 2385 3899 caeteris
2399 3829 2515 3899 exuli-

503 3932 600 4005 nltro
621 3928 768 3998 faciunt.
835 3920 890 3991 lta
913 3919 1037 3990 deletis
1061 3922 1254 4013 peregrinis
1273 3924 1483 3995 exercitibus
1532 3923 1599 3993 bus
1614 3934 1716 3992 nocte
1733 3924 1932 3993 conscensis
1946 3924 2058 3993 muris
2071 3927 2224 4016 patriam
2237 3932 2362 4021 coepit.
2400 3928 2510 3996 Cum-

504 4030 606 4105 ltalia
631 4026 767 4119 ingenti
786 4039 921 4096 terrore
937 4020 1084 4092 liberata
1103 4036 1167 4093 est.
1220 4023 1273 4094 Ac
1288 4024 1483 4114 plurimum
1531 4047 1600 4116 que
1617 4037 1787 4117 tyrannus
1806 4024 1889 4114 luga
1911 4026 2096 4110 evasisset,
2120 4030 2233 4100 vetuit
2247 4024 2373 4099 Aratus
2392 4025 2510 4095 ullum

503 4133 701 4205 attulerunt
717 4123 887 4194 momenti
903 4123 949 4192 ad
966 4123 1168 4205 victoriam,
1193 4124 1400 4212 consilium,
1425 4150 1483 4196 ce·
1532 4124 1644 4193 civem
1676 4123 1839 4195 interfici.
1915 4120 2015 4218 Opes
2041 4131 2186 4221 tyranni
2214 4131 2309 4199 dedit
2336 4126 2515 4199 exulibus.

1769 2245 1839 2315 De
1863 2245 2010 2314 Arato
2036 2248 2275 2338 Sicyonio.

362 4286 369 4295 .
502 4233 643 4312 leritas,
682 4225 856 4299 fortitudo
881 4235 917 4294 et
943 4224 1115 4296 foelicitas
1138 4224 1321 4310 Marcelli,
1358 4227 1421 4320 qui
1449 4240 1483 4299 et
1533 4222 1628 4313 Quia
1652 4247 1738 4294 vero
1759 4225 1901 4296 exulum
1925 4228 2070 4318 praedia
2093 4230 2163 4300 iam
2191 4231 2235 4301 ab
2262 4229 2341 4299 aliis
2370 4227 2515 4299 civibus

502 4357 599 4406 anno
621 4345 699 4424 post
723 4325 939 4399 trucidatum
960 4323 1223 4396 Viridomarum
1248 4349 1363 4412 nono,
1386 4353 1482 4399 anno
1531 4326 1823 4417 possidebantur,
1852 4340 1887 4398 ει
1908 4329 2019 4400 multa
2042 4323 2334 4417 haereditatibus,
2366 4317 2514 4417 dotibus

501 4449 580 4525 post
595 4434 730 4504 cladem
745 4426 969 4501 Cannensem
987 4426 1090 4497 tertio
1105 4425 1191 4497 vicit
1204 4426 1433 4505 Annibalem.
1531 4439 1594 4497 aut
1615 4427 1883 4499 venditionibus
1905 4431 2073 4502 translata
2093 4445 2208 4515 erant,
2231 4429 2355 4502 eiectis
2376 4454 2516 4524 posses·

603 4530 695 4604 Cum
728 4529 808 4600 talis
837 4527 1011 4599 excellens
1039 4528 1152 4599 virtus
1182 4528 1221 4595 in
1252 4527 1482 4619 imperiorum
1530 4528 1673 4597 toribus
1695 4551 1790 4598 nova
1811 4529 1903 4599 bella
1923 4545 2113 4624 sequutura
2141 4545 2254 4603 erant.
2323 4530 2374 4605 Ut
2405 4533 2515 4622 igitur

501 4632 754 4705 constitutione
775 4627 1010 4723 conspicitur,
1042 4630 1232 4720 cogitemus
1246 4621 1371 4699 Deum
1396 4656 1484 4703 con·
1532 4627 1608 4720 paci
1625 4627 1776 4699 civitatis
1789 4632 1988 4703 consuleret
2002 4630 2149 4718 Aratus,
2174 4628 2347 4707 adhibitis
2362 4631 2514 4706 Senato-

501 4735 647 4805 stituere
664 4731 833 4821 imperia,
862 4741 897 4799 et
917 4729 956 4798 id
979 4753 1054 4800 non
1076 4729 1153 4800 lieri
1177 4729 1255 4798 sine
1273 4728 1410 4816 ingenti
1429 4733 1484 4803 la·
1530 4729 1632 4800 ribus
1645 4729 1901 4829 transactiones
1916 4732 2080 4807 instituit.
2132 4731 2258 4805 Precia
2281 4749 2443 4806 numerat
2455 4734 2514 4819 iis,

501 4836 609 4916 bore,
634 4842 670 4900 et
683 4826 801 4898 Deum
815 4826 905 4895 velle
919 4829 1060 4918 agnosci
1075 4853 1173 4898 suam
1190 4830 1423 4920 praesentiam
1442 4833 1482 4902 in
1530 4828 1594 4923 qui
1616 4829 1773 4902 volentes
1794 4834 1976 4911 cedebant.
2036 4831 2113 4908 Aut
2132 4835 2164 4905 si
2185 4836 2248 4930 qui
2268 4840 2389 4908 cedere
2408 4835 2516 4906 nole-

501 4935 564 5004 illa
583 4929 755 5000 virtutum
780 4926 1005 5013 excellentia,
1038 4942 1074 4998 et
1095 4929 1134 4998 in
1155 4927 1229 5018 ipsa
1251 4927 1481 5020 imperiorum
1531 4932 1638 5014 bant,
1669 4934 1879 5003 tantundem
1901 4937 2072 5025 pecuniae
2096 4939 2157 5009 dat
2179 4938 2359 5024 exulibus,
2388 4939 2518 5032 quanti

500 5029 771 5110 constitutione,
798 5051 888 5123 quae
902 5030 951 5113 lit,
975 5040 1018 5100 ut
1030 5028 1149 5124 aliqua
1163 5052 1245 5122 pars
1260 5031 1398 5120 generis
1411 5027 1483 5105 bu·
1531 5031 1807 5103 aestimabantur
1829 5036 1947 5107 scandi.
2002 5035 2107 5108 Hauc
2127 5041 2173 5109 ad
2203 5062 2278 5108 rem
2312 5040 2514 5131 sumpsita

499 5133 596 5205 mani
613 5122 829 5203 et'bonestae
846 5129 1027 5201 societates
1046 5144 1310 5204 conserventur.
1362 5131 1481 5208 Huius
1532 5130 1736 5204 Ptolemaeo
1767 5135 1900 5206 talenta
1931 5150 2074 5208 centnm
2101 5153 2136 5210 et
2160 5139 2436 5233 quinquaginta,
2473 5141 2513 5207 id

498 5233 662 5306 Marcelli
677 5231 812 5302 mentio
826 5230 867 5301 fit
883 5229 923 5300 in
939 5244 1035 5302 sexto
1053 5232 1147 5303 libro
1165 5231 1360 5304 Aeneidos:
1533 5246 1603 5316 est,
1639 5234 1834 5327 nonaginta
1858 5236 1972 5307 millia
1996 5254 2260 5310 coronatorum.
2319 5243 2397 5313 Hac
2418 5265 2516 5311 com-

552 5344 666 5425 Aspiee
680 5353 714 5400 ut
728 5341 855 5421 insignis
868 5340 975 5420 spoliis
988 5334 1148 5402 Marullus
1162 5341 1273 5420 opimis
1530 5337 1739 5424 pensatione
1763 5360 1830 5428 pax
1854 5337 2008 5410 civitatis
2031 5352 2168 5411 retenta
2190 5354 2255 5412 est.
2307 5342 2433 5414 Postea
2456 5338 2518 5413 bic

548 5442 741 5527 Ingreditur:
766 5436 935 5524 Victorque
948 5443 1031 5501 viros
1047 5441 1247 5521 supereminet
1263 5456 1377 5504 onnes.
1530 5432 1664 5508 Aratus
1676 5449 1814 5507 creatus
1828 5439 1902 5509 dux
1915 5435 2162 5524 Achaeorum,
2193 5441 2347 5514 liberare
2371 5458 2407 5516 ει
2427 5444 2518 5514 rici-

539 5544 610 5607 ·llic
625 5567 688 5608 ram
702 5540 873 5609 nomn
886 5558 997 5619 megae
1011 5541 1148 5601 rubente
1159 5539 1294 5600 multu
1530 5558 1598 5605 nos
1620 5535 1785 5609 instituit.
1848 5535 1905 5612 Ex
1934 5566 2015 5615 arce
2034 5537 2204 5613 Corinthi
2233 5557 2269 5615 et
2296 5569 2339 5614 ex
2361 5540 2520 5618 Athenis

547 5641 638 5708 suaet
653 5668 762 5734 qm,
788 5653 900 5709 amat
913 5636 1051 5716 rm,
1078 5632 1262 5722 Gallumque
1276 5642 1429 5721 mbaueu,
1529 5634 1632 5705 eiecit
1645 5633 1876 5710 Macedonica
1891 5641 2080 5734 praesidia.
2131 5641 2272 5715 Deinde
2287 5641 2520 5717 Cleomenem

598 5751 712 5829 uqa.
725 5767 807 5811 m
825 5729 1078 5828 putbupndat
1092 5752 1179 5822 eapte
1191 5734 1335 5820 Quirino.
1529 5754 1647 5823 retem
1672 5733 1890 5810 laconicum
1913 5756 2063 5817 conans
2082 5758 2135 5814 est
2158 5746 2369 5836 reprimere,
2393 5749 2460 5842 qni
2484 5763 2522 5819 et
