6025 6775
496 643 568 716 mc
661 608 663 613 ’
970 632 1125 705 unct.
1160 626 1234 701 nn
1265 624 1407 700 vrrs
1432 624 1509 699 ur
1540 627 1815 704 semesis
1841 630 2043 704 rnrnu.
2447 642 2522 715 104

497 813 594 896 hunc
617 812 733 904 ipsum
758 806 1048 878 commentarium
1079 803 1117 868 in
1146 801 1312 871 manibus
1345 799 1484 869 discen·
1637 800 1741 870 Scitis
1756 802 1930 870 mundum
1947 803 2071 883 dividi,
2085 818 2124 875 ut
2140 830 2398 880 nonasummo
2415 836 2519 881 exor-

499 919 588 988 tium
611 911 761 994 versari,
801 920 943 978 censent
965 929 1043 973 eum
1067 904 1217 971 subinde
1241 896 1407 973 Scholam
1428 924 1483 968 re·
1535 902 1625 983 diar,
1644 902 1682 967 in
1703 925 1850 992 corpora
1868 903 2054 994 simplicia,
2079 922 2114 977 et
2126 931 2182 993 ea,
2205 934 2293 1003 quae
2309 936 2348 980 ex
2364 914 2517 984 mixtura

500 1019 698 1088 vocandum
717 1034 802 1081 esse.
854 1007 959 1076 Decet
976 1019 1093 1073 autem
1109 1004 1303 1094 discipulos
1317 1026 1483 1072 reveren·
1535 1002 1762 1093 simplicium,
1781 999 1847 1072 hoc
1864 1017 1927 1089 est,
1949 1001 2237 1095 Elementorum,
2260 1014 2407 1082 conflata
2423 1031 2518 1085 sunt.

500 1138 553 1190 ter
586 1114 748 1206 amplecti
779 1120 1041 1200 praeceptorum
1073 1106 1222 1189 indicia,
1259 1118 1292 1173 et
1321 1117 1482 1186 statuere,
1637 1104 1905 1196 simplicissima
1927 1132 2073 1197 corpora
2100 1114 2226 1179 mundi
2251 1126 2351 1196 sunt,
2377 1128 2411 1185 et
2427 1119 2519 1186 nulli

498 1244 620 1313 graves
635 1219 715 1287 illos
728 1214 782 1282 sni
799 1208 938 1280 consilii
952 1230 1073 1276 sarisas
1087 1202 1229 1291 habere,
1254 1229 1363 1297 qnare
1377 1207 1482 1298 quid·
1531 1207 1721 1275 mutationi
1741 1208 1916 1293 obnoxia,
1939 1208 2087 1279 Coelum
2110 1226 2144 1279 et
2162 1228 2278 1303 partes
2302 1216 2410 1300 coeli,
2435 1219 2520 1287 stel-

499 1349 567 1417 que
600 1316 773 1389 iuventuti
807 1308 955 1401 ¹publice
996 1321 1216 1399 proponant,
1255 1308 1391 1376 etiamsi
1426 1330 1482 1374 eas
1534 1307 1590 1375 lae
1616 1307 1781 1378 videlicet
1809 1310 1938 1398 partim
1969 1313 2184 1393 inerrantes,
2217 1339 2307 1406 quae
2335 1341 2458 1388 omnes
2481 1320 2518 1388 in

498 1446 618 1495 causas
643 1441 703 1507 per
723 1425 870 1481 aetatem
898 1412 1093 1501 perspicere
1116 1410 1183 1500 ipsi
1207 1412 1366 1477 nondum
1398 1431 1481 1498 pos·
1534 1410 1720 1501 unaquasi
1737 1407 1898 1479 macbina
1917 1411 2023 1481 simul
2047 1415 2361 1501 circumrotantur,
2387 1422 2520 1507 partim

497 1538 590 1596 sunt.
641 1518 808 1605 Spectant
825 1526 942 1583 autem
958 1512 1143 1602 praecipue
1159 1506 1227 1579 hoc
1242 1522 1482 1600 praeceptores
1533 1510 1607 1579 suis
1628 1512 1841 1602 quibusdam
1866 1514 1987 1582 liberis
2010 1517 2205 1603 gressibus,
2243 1518 2445 1589 certissimis
2465 1535 2518 1590 ta.

497 1621 628 1704 nostri,
655 1632 694 1687 nt
710 1616 875 1686 iuventus
891 1628 984 1683 certo
1000 1614 1137 1696 ordine,
1164 1627 1197 1682 et
1212 1613 1310 1705 quasi
1327 1636 1389 1702 per
1401 1633 1480 1699 gra·
1533 1636 1633 1696 men,
1657 1626 1837 1702 vagantes,
1863 1639 1953 1706 quae
1967 1616 2130 1705 planetae
2146 1620 2322 1689 dicuntur·

496 1730 560 1797 dus
576 1724 620 1791 ab
636 1718 866 1790 inferioribus
882 1718 1018 1785 artibus
1037 1718 1079 1784 ad
1096 1729 1259 1801 cognatas
1273 1727 1307 1783 et
1322 1712 1481 1801 superio-
1637 1712 1719 1782 Alia
1745 1730 1829 1785 sunt
1857 1739 2004 1808 corpora
2032 1722 2158 1787 mundi
2188 1724 2306 1790 minus
2333 1721 2518 1812 simplicia,

496 1851 549 1897 res
568 1827 791 1903 traducatur,
818 1832 850 1888 et
870 1842 929 1886 eos
951 1817 1139 1908 praecipue
1158 1816 1318 1898 libellos,
1345 1814 1407 1905 qui
1424 1837 1481 1881 ar·
1534 1814 1721 1908 minusque
1741 1818 1937 1902 durabilia,
1970 1821 2030 1887 sed
2052 1821 2091 1887 in
2115 1836 2281 1913 perpetua
2304 1837 2517 1894 transmuta-

496 1931 584 1999 tium
608 1921 739 1996 brevcs'
758 1923 927 2014 quasdam
950 1934 985 1989 ct
1010 1918 1165 1988 eruditas
1190 1938 1345 1984 summas
1366 1915 1480 1983 conti·
1533 1915 1629 1983 tione
1650 1917 1858 2001 constituta,
1887 1944 1976 2011 quae
1992 1925 2176 2012 στοιχεῖα,
2198 1925 2369 1993 elementa
2387 1927 2515 1996 dicun-

494 2044 593 2113 nent,
619 2029 768 2097 evolvat.
826 2020 956 2090 Vident
971 2021 1065 2088 enim
1083 2042 1159 2087 eam
1175 2018 1298 2088 aetatis
1314 2016 1480 2085 iuvenilis
1532 2029 1607 2100 tur,
1631 2041 1672 2084 ex
1688 2019 1817 2112 quibus
1833 2021 1927 2090 inter
1942 2046 1979 2091 se
1995 2038 2087 2093 certa
2109 2026 2246 2095 ratione
2269 2027 2417 2111 iunctis,
2447 2031 2517 2097 alia

384 2191 387 2197 t
495 2130 773 2201 imbecillitatem
798 2138 831 2193 et
857 2122 1130 2191 inconstantiam
1152 2143 1240 2203 esse,
1280 2132 1320 2187 ut
1343 2117 1480 2186 etiamsi
1532 2119 1686 2188 existunt
1702 2145 1868 2211 corpora,
1893 2148 1982 2215 quae
2002 2125 2081 2193 ideo
2098 2128 2205 2196 mixta
2222 2142 2404 2203 vocantur.

494 2233 674 2303 admonita
694 2232 737 2297 de
752 2226 897 2307 ordine,
921 2224 1029 2291 utiles'
1048 2224 1160 2290 libros
1185 2223 1298 2310 legere
1323 2219 1480 2310 incipiat,
1607 2205 1829 2291 'Mixtorum
1853 2238 1968 2294 autern
1997 2228 2086 2294 varii
2110 2244 2194 2297 sunt
2225 2233 2366 2317 gradus.
2431 2228 2514 2300 Alia

494 2350 611 2405 tamen
635 2356 714 2399 mox
727 2329 859 2396 ’oborto
877 2326 1011 2407 taedio,
1031 2337 1093 2392 atat
1109 2324 1228 2393 oblato
1245 2321 1315 2390 alio
1338 2322 1479 2408 scripto,
1533 2321 1628 2388 enim
1651 2321 1721 2390 levi
1742 2336 1777 2392 ct
1797 2325 1997 2416 imperfecta
2020 2329 2274 2400 elementorum
2300 2347 2516 2401 transmuta-

494 2438 590 2530 quod
607 2432 714 2521 magis
738 2429 868 2509 allicit,
894 2429 1054 2494 nondum
1078 2425 1248 2515 perlectos
1270 2424 1350 2491 illos
1376 2422 1479 2488 libel·
1532 2422 1630 2489 tione
1652 2425 1701 2492 ita
1730 2425 1838 2507 fiunt,
1876 2442 1917 2496 ut
1941 2430 2036 2496 facili
2060 2446 2238 2500 momento
2267 2457 2389 2502 rursus
2410 2436 2516 2502 dissi·

494 2540 565 2620 los,
592 2536 653 2628 qui
667 2534 797 2602 artium
815 2551 968 2596 summas
984 2541 1020 2596 et
1035 2521 1219 2595 methodos
1232 2526 1389 2605 tradunt,
1416 2523 1478 2590 ab·
1531 2523 1639 2604 liant,
1666 2527 1758 2620 etad
1776 2550 1875 2595 suam
1892 2532 2234 2619 originemredeant.
2278 2532 2330 2603 Ea
2347 2536 2429 2627 quia
2443 2537 2515 2604 fere

495 2640 607 2719 iiciat,
633 2649 736 2728 atque
752 2634 797 2700 ita
815 2654 892 2698 cum
909 2629 1096 2717 dispendio
1114 2627 1283 2718 temporis
1298 2640 1331 2695 et
1352 2623 1478 2711 exigno
1532 2624 1569 2689 in
1593 2625 1757 2705 sublimi,
1789 2624 1950 2714 horest,
1984 2631 2022 2699 in
2043 2628 2109 2701 boc
2132 2635 2267 2723 ingenti
2289 2640 2381 2705 aeris
2403 2653 2514 2706 tractu

494 2742 612 2809 fructu
640 2750 786 2824 vagetur
813 2755 876 2822 per
907 2731 1024 2798 varios
1049 2729 1255 2819 scriptores,
1286 2741 1320 2796 et
1338 2727 1476 2794 nullum
1531 2726 1703 2810 existunt,
1739 2727 1907 2826 μετέωρα
1934 2724 2098 2818 Graecis,
2139 2738 2243 2825 vulgo
2268 2738 2516 2827 impressiones

493 2840 716 2910 familiariter
747 2849 780 2904 et
807 2835 941 2918 integre
968 2845 1171 2920 pernoscat,
1206 2854 1296 2922 quae
1319 2826 1478 2896 discendi
1531 2843 1793 2915 nuncupantur.
1973 2837 1983 2855 ·

494 2944 585 3013 ratio
603 2964 682 3014 cunr
706 2934 1000 3029 perniciosissima
1014 2933 1079 3015 sit,
1106 2945 1198 3001 recte
1214 2931 1398 2999 consulere
1411 2952 1479 2996 no-
1632 2930 1715 2998 Alia
1730 2933 1836 2999 mixta
1853 2932 2027 3002 eiusmodi
2046 2950 2129 3005 sung
2146 2939 2246 3006 firma
2263 2941 2513 3010 elementorum

493 3046 548 3114 bis
570 3030 810 3134 praeceptores
834 3036 1058 3105 existimandi
1082 3046 1181 3116 sunt,
1221 3058 1300 3100 cum
1333 3026 1398 3098 bac
1419 3054 1477 3097 ra-
1531 3030 1692 3100 iunctura
1707 3047 1965 3121 coagmentata,
1990 3051 2030 3105 ut
2044 3039 2180 3107 diutius
2196 3042 2400 3127 consistant,
2426 3067 2515 3135 quae

491 3148 588 3216 tione
621 3145 793 3213 discentes
824 3140 862 3207 in
895 3149 1070 3206 certorum
1094 3135 1304 3224 scriptorum
1326 3132 1477 3200 lectione
1531 3147 1714 3222 propterea
1747 3134 1897 3224 perfecte
1929 3139 2036 3234 mix-ta
2079 3141 2323 3231 appellantur,
2364 3169 2515 3237 qnorum

493 3248 673 3318 continere
700 3246 864 3325 student,
899 3240 1027 3330 quibus
1052 3263 1118 3308 nos
1149 3239 1249 3305 decet
1276 3246 1478 3303 reverenter
1530 3234 1598 3301 alia
1629 3259 1772 3322 prorsus
1811 3249 1893 3305 sunt
1928 3241 2044 3307 omnis
2080 3243 2171 3309 vitae
2207 3247 2379 3335 expertia,
2426 3270 2517 3337 quae

493 3353 747 3438 obtemperare.
1531 3332 1681 3426 ἄψυχα,
1703 3337 1862 3406 inanima
1883 3340 2068 3426 dicuntur,
2094 3356 2136 3413 ut
2157 3360 2242 3416 sunt
2265 3349 2417 3439 lapides,
2442 3372 2517 3418 me-

594 3449 643 3518 Ut
666 3459 782 3514 autem
802 3436 909 3509 buius
931 3438 1045 3507 libelli
1066 3435 1222 3505 Pliniani
1247 3435 1352 3505 lectio
1376 3434 1478 3504 vobis
1531 3437 1633 3521 talla,
1665 3461 1833 3527 gemmae.

495 3552 628 3642 gratior
648 3549 725 3627 liat,
750 3539 957 3636 paucissima
977 3541 1021 3606 de
1044 3538 1152 3606 totius
1175 3538 1290 3627 operis
1314 3552 1348 3605 et
1370 3534 1477 3606 huius
1632 3538 1715 3607 Alia
1738 3542 1881 3609 vitnlem
1900 3545 2042 3634 quidem
2068 3549 2139 3614 vim
2159 3550 2336 3640 quandam
2363 3549 2454 3619 intra
2477 3574 2514 3621 se

494 3651 637 3722 secundi
660 3647 744 3715 libri
767 3668 903 3713 summa
927 3644 1058 3711 dicam:
1098 3652 1214 3729 postea
1237 3612 1477 3730 quaedatflde
1529 3635 1681 3722 babent,
1713 3666 1781 3729 qua
1804 3643 2061 3711 nutrimentum
2086 3652 2301 3719 conveniens
2324 3650 2516 3738 attrabunt,

494 3767 615 3823 autore
631 3752 705 3840 ipso
724 3749 884 3827 afferam,
909 3759 949 3814 ut
965 3743 1052 3812 solet
1067 3741 1105 3809 in
1121 3736 1348 3810 inchoatione
1362 3762 1476 3808 nuvo-
1530 3754 1564 3808 et
1591 3763 1664 3809 sese
1694 3741 1732 3807 in
1761 3764 1883 3809 omnes
1904 3756 2019 3830 partes
2043 3747 2231 3815 crescendo
2256 3756 2452 3824 extendunt
2476 3783 2515 3825 ac

494 3881 575 3924 rum
598 3855 772 3922 librorum
796 3848 881 3917 fieri.
935 3846 1135 3926 Postremo,
1168 3843 1197 3910 si
1223 3857 1359 3932 tempus
1380 3842 1496 3924 teret„
1530 3842 1699 3924 dilatant,
1739 3867 1780 3911 ac
1801 3858 1920 3910 semen
1943 3844 2086 3936 aliquod
2111 3851 2333 3937 producunt,
2374 3877 2414 3920 ex
2442 3881 2514 3944 quo

494 3959 621 4026 addam
644 3953 815 4047 quaedam
841 3951 885 4017 ad
910 3946 1272 4017 commonefaciendus
1290 3945 1478 4027 ariditores,
1531 3945 1686 4013 eiusdem
1708 3944 1836 4034 speciei
1859 3945 1926 4012 alia
1954 3949 2069 4015 enasci
2096 3949 2253 4039 possint:
2286 3953 2348 4019 sed
2364 3969 2463 4023 motu
2479 3969 2515 4024 et

495 4058 651 4146 exemplo
668 4053 800 4123 autoris
818 4047 943 4133 buius,
969 4062 1008 4118 ut
1024 4072 1099 4116 eam
1116 4060 1293 4138 praestent
1309 4046 1477 4113 sedulita-
1530 4069 1634 4115 sensu
1662 4059 1802 4128 carent,
1836 4046 1986 4138 ideoque
2008 4045 2160 4144 ἔμψυχα
2184 4053 2327 4143 quidem
2346 4069 2379 4124 et
2397 4052 2512 4152 φυτὰ,

494 4176 563 4231 tem
581 4161 617 4227 in
640 4156 765 4225 studiis
785 4150 874 4236 suis,
898 4176 1004 4246 quam
1031 4162 1065 4219 et
1088 4151 1176 4218 alios
1199 4146 1351 4217 audierit
1374 4143 1476 4214 adbi-
1530 4143 1598 4215 boc
1622 4160 1691 4230 est,
1733 4147 1887 4218 animata
1913 4163 1947 4216 et
1973 4150 2131 4240 plantae,
2164 4156 2224 4222 sed
2252 4154 2514 4244 nondum-{oia

493 4265 626 4340 baisse,
653 4254 830 4329 ethorum
850 4271 1047 4346 temporum
1064 4255 1154 4322 ratio
1172 4251 1315 4337 flagitat.
1531 4263 1711 4319 vocantur.

596 4363 728 4435 Totum
757 4383 847 4449 opus
879 4356 1008 4439 Plinii,
1055 4358 1147 4444 quod
1179 4353 1337 4421 continet
1365 4348 1477 4417 libros
1526 4365 1531 4381 ·
1632 4348 1825 4419 Perlectius
1839 4351 1966 4422 vivunt
1982 4376 2041 4439 ea,
2066 4380 2155 4448 quae
2174 4372 2311 4450 praeter
2331 4361 2515 4431 nutriendi

495 4446 688 4548 XXXVll,
718 4463 860 4535 titulum
885 4453 1007 4527 babet:
1043 4454 1201 4523 Historia
1222 4452 1369 4529 mnndi,
1403 4451 1477 4518 sive
1531 4452 1604 4520 vim
1627 4452 1731 4521 etiam
1756 4475 1896 4521 sensum
1921 4468 1955 4524 et
1979 4472 2113 4527 motum
2142 4455 2292 4543 babent,
2326 4487 2416 4556 quae
2440 4463 2512 4532 iam

494 4567 651 4637 Historia
671 4564 853 4635 naturalis.
906 4557 1000 4648 Quia
1018 4557 1133 4625 voluit
1149 4555 1287 4624 Plinius
1301 4552 1477 4625 Romanis
1530 4549 1626 4639 ζῶα,
1652 4553 1819 4623 animalia
1835 4554 2024 4640 dicuntur,
2050 4584 2201 4650 quorum
2217 4587 2288 4633 una
2309 4567 2440 4654 species
2455 4590 2510 4635 ra⁴

450 4679 454 4686 '
495 4669 567 4736 suis
589 4669 628 4733 in
650 4661 717 4734 boc
742 4688 848 4755 opere
870 4683 1044 4750 exponere
1069 4657 1233 4727 universa
1264 4656 1344 4734 illa,
1387 4679 1477 4746 quae
1529 4656 1627 4725 tione
1642 4657 1882 4745 est-praedita,
1909 4683 2014 4749 quam
2028 4662 2370 4736 facultassermonis
2387 4681 2421 4736 et
2443 4668 2513 4736 alia

496 4766 623 4838 Graeci
640 4767 824 4855 scriptores
839 4764 1042 4852 ingentibus
1059 4773 1092 4827 et
1106 4782 1194 4848 pene
1209 4756 1357 4826 infinitis
1374 4756 1477 4825 libris
1529 4758 1701 4848 quaedam
1722 4759 1928 4829 excellentia
1956 4762 2048 4830 dona
2079 4766 2302 4838 comitantur.
2368 4767 2513 4840 Caetera

494 4875 537 4939 de
553 4869 688 4938 mundo
710 4866 805 4955 ipso,
826 4879 861 4934 et
883 4863 1043 4954 partibus
1064 4861 1139 4928 eius
1160 4859 1376 4950 praecipuis,
1404 4857 1475 4924 imo
1529 4858 1715 4942 animalia,
1748 4862 2017 4952 quaeratione,
2051 4865 2202 4958 ideoque
2224 4871 2328 4939 etiam
2351 4893 2515 4939 sermone

460 5033 466 5052 ,
496 4969 741 5041 minutissimis
757 4989 914 5059 qnoque,
941 4963 1030 5034 scitu
1046 4976 1080 5033 et
1102 4964 1345 5032 observatione
1369 4959 1475 5046 digna
1530 4960 1772 5031 destituuntur
1793 4960 1932 5060 ἄλογα,
1959 4965 2061 5034 bruta
2085 4985 2268 5042 vocantur.
2328 4968 2448 5066 Atque
2465 4975 2514 5045 ita

495 5075 733 5155 tradiderunt,
766 5070 857 5138 sicut
875 5066 1048 5156 gloriatur
1070 5067 1162 5155 ipse,
1204 5089 1240 5132 se
1268 5074 1474 5131 excentum
1529 5064 1618 5130 liunt
1632 5063 1790 5156 qninqne
1806 5065 1997 5134 mixtorum
2011 5070 2152 5155 gradus,
2169 5097 2321 5163 qnorum
2336 5076 2427 5143 alius
2442 5075 2510 5142 alio

376 5224 382 5229 -
495 5175 739 5266 scriptoribus,
765 5170 925 5261 perlectis
940 5193 1060 5238 coriam
1083 5169 1137 5236 bis
1158 5168 1257 5235 mille
1280 5163 1476 5233 volumini·
1528 5166 1752 5255 perfectiores
1767 5190 1821 5235 res
1836 5168 2005 5241 continet.
2056 5169 2197 5241 Primus
2212 5171 2320 5247 babet
2334 5172 2508 5266 μετέωρα.

497 5282 583 5359 Μ’
607 5273 691 5343 haec
711 5276 874 5342 innnum
895 5269 1068 5362 1100οΡω
1086 5283 1329 5358 ω’ῃΡθΐῑθθδθ.
1384 5263 1476 5335 Usus
1529 5266 1713 5338 Secundus
1728 5266 1872 5363 ἄψυχα.
1913 5268 2055 5341 Tertius
2071 5271 2185 5366 pocot
2215 5279 2361 5368 Plantas.
2392 5273 2509 5359 Quar-

496 5395 547 5449 est
572 5389 687 5446 aretem
707 5374 745 5441 in
767 5386 863 5441 tanta
881 5375 1051 5442 varietate
1069 5384 1103 5437 et
1119 5372 1375 5458 propemodum
1394 5367 1476 5434 inli-
1528 5382 1584 5437 tus
1602 5366 1679 5454 ζῶα
1694 5369 1824 5470 ἄλογα,
1846 5372 1961 5445 bruta.
2012 5371 2169 5462 Quintus
2185 5374 2346 5476 λογικὸν,
2362 5375 2509 5461 animal,

425 5521 431 5531 .
494 5485 603 5554 nitate
628 5500 744 5546 rernm
767 5475 1070 5554 annotandarum,
1103 5469 1228 5536 ordine
1250 5470 1402 5558 optimo,
1429 5469 1475 5535 ‘ex
1528 5465 1722 5544 bominem,

494 5611 564 5678 quo
581 5586 657 5676 ipso
671 5574 827 5646 bominis
843 5572 1015 5640 excellens
1031 5570 1212 5659 ingenium
1236 5584 1271 5638 et
1292 5569 1474 5659 diligentia
1630 5570 1733 5641 Hanc
1749 5574 2035 5647 distributionem
2052 5604 2168 5652 rerum
2184 5567 2229 5647 m
2248 5592 2392 5665 natura,
2419 5607 2510 5674 quae

495 5684 671 5757 aestimari
688 5690 811 5773 potest·
862 5670 928 5743 Est
948 5673 1042 5741 enim
1065 5671 1200 5740 “dim
1216 5671 1413 5739 ⁰h⁸⁰rv⁶¹i⁰
1435 5669 1473 5736 in
1527 5685 1610 5741 ⁵¹¹¹st
1624 5696 1771 5763 c⁰lll⁰ra
1796 5690 1830 5744 et
1853 5681 1979 5747 mundi
2002 5695 2115 5770 Partes
2138 5682 2341 5768 sensibiles,
2366 5684 2511 5756 intuens

490 5790 588 5859 omni
605 5786 741 5857 actione
758 5779 967 5874 praecipuus
982 5774 1116 5864 ingenii
1130 5797 1170 5843 ac
1184 5770 1307 5842 iudicii
1323 5771 1440 5844 index.
1526 5769 1686 5859 Plinius,
1708 5775 1870 5845 omnium
1886 5804 2006 5852 earum
2023 5799 2165 5856 naturas
2178 5795 2213 5854 et
2226 5783 2321 5856 vim
2336 5787 2511 5880 explicam
