6025 6775
493 616 569 697 ⁹15
728 603 940 746 SClllssTA
967 604 1043 677 stt
1070 600 1187 679 MEL.
1214 599 1282 676 At)
1306 600 1434 677 HlST.
1462 598 1609 679 PROF.
1633 601 1702 676 ΕΤ
1727 603 1921 686 PHILOS.
1946 608 2270 700 SPECTANTIA.

2443 635 2525 707 916

336 807 376 853 .’
494 791 597 883 'Quia
627 784 797 857 usitatum
824 777 911 862 fuit,
943 800 1023 846 cum
1051 775 1282 867 capiebantur
1310 772 1416 845 urbes
1446 796 1486 843 ex
1510 793 1512 836 1
1537 772 1708 865 Popeam,
1742 790 1777 847 et
1799 781 1931 851 multos
1955 802 2172 874 praestantes
2197 796 2308 883 virosw
2353 796 2527 877 Exercuit

498 888 668 968 Ethnicis
688 885 738 955 eis
760 893 896 953 tantum
919 878 1102 968 imponere
1123 888 1305 966 praecepta
1326 875 1488 959 moralia,
1511 923 1513 933 .
1537 898 1697 963 maguam
1720 878 1906 949 saeviciam
1931 882 1969 951 in
1995 883 2217 965 Christianos
2242 892 2308 969 hac
2330 908 2526 992 occasione,

502 1018 578 1067 non
594 982 810 1060 ceremonias
822 978 1016 1048 Mosaicas.
1059 974 1487 1047 Hasurbesetiamvole-
1537 977 1631 1069 quod
1661 1002 1740 1045 cum
1768 1003 1893 1068 magna
1918 1007 2001 1074 pars
2025 992 2128 1062 urbis
2149 993 2335 1069 Romanae
2355 1004 2522 1077 incendio

503 1102 591 1167 bant
615 1088 765 1159 retinere
786 1078 1080 1150 consuetudinem
1102 1077 1214 1148 aNoe
1232 1076 1417 1157 traditam,
1440 1098 1486 1144 ne
1537 1075 1715 1167 periisset,
1739 1081 1834 1171 quod
1855 1081 1933 1173 ipso
1948 1087 2091 1187 volente
2109 1096 2186 1163 eius
2202 1099 2336 1170 familia
2352 1105 2524 1196 direptio.

505 1194 668 1268 homiues
685 1192 910 1253 vescerentur
923 1180 1093 1270 sanguine
1108 1192 1142 1250 et
1153 1178 1334 1248 suffocato.
1385 1175 1487 1246 Fuit·
1535 1200 1624 1247 num
1657 1202 1760 1248 causa
1789 1181 2014 1273 excitaverat,
2040 1191 2128 1263 falso
2159 1198 2251 1270 dixit
2281 1216 2421 1274 autores
2447 1231 2523 1278 esse

504 1317 574 1389 que
593 1293 706 1359 forma
731 1282 861 1354 decreti
885 1281 1069 1371 apostolici
1092 1292 1229 1371 sumpta
1244 1302 1285 1347 ex
1298 1277 1361 1347 illa
1377 1277 1487 1350 veteri
1536 1273 1718 1360 Iudaeos,
1744 1304 1815 1372 quo
1838 1285 1984 1356 nomine
2004 1302 2088 1363 tuuc
2106 1309 2141 1366 et
2158 1289 2401 1374 Christianos
2424 1333 2524 1377 corn-

503 1400 638 1473 forma,
665 1410 734 1480 qua
756 1406 892 1475 semper
913 1382 969 1452 usi
994 1396 1094 1453 eraut
1108 1379 1288 1452 lsraiilitae
1303 1379 1412 1470 captis
1425 1403 1488 1449 ur·
1536 1375 1815 1471 prehendebant
1861 1380 2041 1461 interfecit
2055 1390 2203 1466 Paulum
2219 1414 2251 1471 et
2267 1401 2427 1481 Petrum.
2472 1405 2524 1481 Et

504 1498 611 1568 bibus
629 1484 791 1559 ethnicis.
849 1482 968 1572 Quare
984 1508 1049 1553 nec
1065 1482 1103 1550 in
1120 1477 1187 1551 hac
1200 1504 1239 1549 re
1253 1479 1387 1572 aliquid
1404 1480 1489 1549 novi
1537 1480 1680 1574 quidem
1706 1483 1750 1551 de
1771 1481 1885 1553 Paulo
1909 1484 2003 1558 idem
2025 1516 2145 1564 omnes
2165 1498 2362 1581 adfirmant.
2414 1508 2526 1579 Reli.

504 1591 784 1670 constituerunt,
826 1587 887 1655 sed
920 1581 1117 1675 prohibitio
1144 1575 1425 1673 idolothytorum
1455 1593 1489 1649 et
1539 1604 1646 1674 quam
1664 1580 1816 1653 Neronis
1836 1580 2023 1660 historiam
2042 1595 2186 1679 omitto,
2210 1601 2248 1671 in
2269 1623 2525 1699 quorepeten.

410 1748 414 1766 ,
504 1689 727 1769 scortationis
747 1685 909 1778 repetitio
929 1698 1173 1774 preceptorum
1193 1694 1266 1751 erat
1283 1681 1487 1751 devitando
1537 1685 1582 1751 da
1607 1694 1657 1752 est
1680 1685 1840 1776 querela:
1867 1703 1902 1760 et
1925 1694 2022 1784 quod
2043 1695 2256 1785 degenerant
2277 1717 2348 1774 tarn
2367 1711 2524 1779 multia

503 1799 603 1869 cultu
630 1791 832 1872 idolorum,
864 1799 899 1857 et
927 1787 972 1856 de
1000 1785 1154 1857 vitandis
1185 1782 1376 1852 libidinum
1402 1806 1488 1851 con·
1537 1782 1750 1869 maioribus,
1776 1787 1841 1878 qui
1861 1804 2009 1863 naturae
2031 1795 2136 1866 bouis
2154 1801 2330 1875 etvirtute
2345 1810 2524 1879 excellue-

502 1893 715 1969 fusionibus.

605 1991 749 2065 Claudii
776 2003 932 2081 tempore
954 2000 989 2057 et
1012 1979 1143 2055 Simon
1167 1978 1312 2078 Magus
1334 1978 1487 2052 Romam

505 2097 623 2179 venit,
646 2094 709 2188 qui
727 2091 871 2181 magicis
886 2086 1083 2182 praestigiis
1098 2099 1235 2156 tantum
1250 2081 1489 2152 venerationis

506 2204 652 2290 adeptus
675 2206 746 2272 est,
769 2206 809 2262 ut
824 2204 936 2261 statua
952 2189 985 2258 ei
1003 2213 1082 2258 cum
1097 2184 1162 2257 hac
1177 2186 1406 2276 inscriptione
1425 2206 1489 2272 po·

506 2304 573 2370 sita
602 2297 668 2366 sit:
698 2290 847 2363 Simoni
864 2287 949 2360 Deo
977 2295 1123 2380 sancto,
1157 2311 1236 2357 cum
1267 2309 1337 2378 quo
1363 2305 1489 2371 magna

505 2397 696 2472 certamina
712 2393 817 2465 Petro
833 2383 1004 2482 Apostolo
1025 2389 1132 2460 fuisse
1150 2386 1328 2459 scribitur.
1380 2381 1488 2456 Cum·

451 2518 460 2528 ·
506 2526 574 2594 que
591 2498 718 2570 Simon
732 2493 861 2582 Magus
879 2492 1022 2561 tandem
1039 2489 1223 2573 iactitaret,
1245 2510 1282 2584 se
1297 2487 1337 2554 in
1352 2484 1488 2554 coelum

505 2619 732 2672 ascensurum
746 2616 838 2677 esse,
864 2592 1023 2661 sublatus
1039 2603 1090 2659 est
1104 2586 1293 2661 aDiabolis
1307 2587 1346 2654 in
1361 2609 1488 2659 aerem.

450 2728 454 2736 ’
505 2702 576 2772 Sed
593 2698 718 2767 Petrus
742 2692 928 2783 imperavit
942 2688 1103 2761 Diabolis
1122 2702 1162 2760 ut
1185 2712 1265 2759 eum
1283 2687 1486 2760 abiicereut.

506 2802 560 2872 lta
582 2797 748 2867 decidens
771 2794 809 2861 in
832 2806 961 2863 terram
986 2792 1159 2864 extinctus
1182 2806 1244 2892 est.
1295 2786 1488 2877 Aclegun-

503 2916 565 2973 tur
592 2898 665 2966 illis
695 2894 819 2987 primis
848 2891 1068 2984 temporibus
1096 2904 1219 2962 contra
1251 2884 1441 2984 Apostolos
1468 2911 1488 2957 a

503 2998 666 3073 Diabolis
687 2994 798 3065 multa
816 2991 972 3064 hostium
988 3017 1113 3084 genera
1131 2993 1372 3084 excitataesse.
1426 2987 1488 3059 lu-

504 3102 584 3174 daei
607 3114 642 3169 et
663 3092 810 3168 Ethnici
835 3095 1055 3165 manifestam
1076 3094 1261 3163 saeviciam
1284 3105 1404 3161 contra
1427 3113 1487 3158 ve-

505 3227 581 3274 ram
608 3197 802 3271 Ecclesiam
833 3196 1052 3265 exercebant.
1128 3193 1226 3282 Magi
1260 3207 1293 3262 et
1320 3186 1487 3306 haeretici

503 3304 612 3375 variis
632 3298 828 3395 praestigiis
854 3320 928 3366 eam
948 3297 1152 3366 turbabant.
1204 3291 1313 3363 Multi
1329 3293 1487 3362 seditiosi

503 3417 686 3501 praetextu
701 3424 814 3471 novse
830 3398 1002 3470 libertatis
1017 3418 1162 3485 magnos
1178 3395 1350 3465 tumultus
1366 3416 1486 3462 move-

502 3509 609 3590 bant,
640 3518 682 3575 ut
704 3501 925 3596 Aegyptius,
951 3497 1014 3591 qui
1037 3521 1057 3567 a
1078 3497 1217 3570 Foelice
1239 3496 1399 3588 praeside
1420 3518 1485 3586 op·

502 3627 643 3706 pressus
656 3617 718 3677 est.
881 3675 884 3681 ,
1456 3695 1465 3712 .

605 3703 702 3775 Haec
723 3703 878 3793 exempla
902 3699 1155 3770 consideranda
1175 3710 1274 3786 sunt,
1299 3722 1344 3767 ne
1363 3696 1486 3766 multr-

501 3809 627 3880 tudine
643 3800 797 3875 hostium
809 3805 1013 3891 frangamur
1026 3796 1092 3869 hoc
1106 3814 1278 3889 ternpore:
1302 3800 1362 3868 sed
1376 3821 1485 3890 quae-

396 3931 403 3940 ’
500 3931 622 3981 ramus
643 3930 762 3976 veram
776 3901 987 3981 Ecclesiam,
1013 3925 1102 3993 quae
1124 3901 1307 3991 perspicua
1326 3899 1484 3968 testimo·

502 4012 564 4082 nia
585 4006 693 4080 habet
715 4031 755 4078 ex
773 4005 910 4097 scriptis
926 3998 1139 4095 propheticis
1154 4015 1188 4071 et
1203 3998 1424 4092 apostolicis,
1448 4010 1484 4067 et

501 4113 683 4206 symbolis.
763 4105 857 4178 Huic
893 4129 959 4175 nos
993 4115 1195 4175 constanter
1233 4100 1484 4189 adiungamus,

501 4213 638 4284 etiamsi
661 4211 751 4280 aliae
768 4209 956 4293 factiones,
983 4229 1130 4300 quorum
1146 4225 1273 4292 magna
1287 4216 1339 4274 est
1355 4213 1483 4299 poteu·

458 4340 462 4351 ·
500 4312 550 4385 tia
565 4328 599 4387 et
617 4311 828 4398 multitudo,
852 4334 928 4380 cam
943 4318 1158 4400 oppugnant.

790 4565 1031 4638 Domitius
1054 4560 1189 4630 Nero.

549 4714 658 4786 Anno
674 4715 801 4785 mundi
819 4726 944 4805 quater
959 4709 1167 4788 millesimo,
1194 4706 1454 4781 decimonono.

418 4864 421 4872 ι
549 4813 657 4885 Anno
670 4817 770 4884 urbis
784 4811 922 4883 Romae
937 4807 1228 4899 octingentesimo
1245 4806 1406 4896 septimo.

546 4914 656 4986 Anno
673 4910 807 4984 Christi
824 4911 1117 5006 quinquagesimo
1133 4906 1295 4999 septimo.

599 5014 687 5087 Cum
701 5013 871 5089 Claudius
886 5034 1022 5082 veneno
1038 5022 1181 5080 necatus
1195 5022 1284 5080 esset
1297 5031 1316 5077 a
1331 5006 1481 5097 coniuge

495 5116 716 5210 Agrippina,
741 5120 933 5210 imperator
954 5116 1067 5185 factus
1091 5126 1142 5184 est
1164 5135 1184 5182 a
1206 5108 1380 5183 militibus
1393 5103 1479 5179 Do·

1536 1897 1637 1953 runt:
1666 1898 1700 1953 et
1723 1888 1817 1977 quod
1841 1888 1881 1957 iu
1896 1913 2037 1963 summo
2053 1896 2192 1986 fastigio
2207 1906 2342 1990 generis
2358 1904 2524 1993 humani,

1536 1986 1575 2054 in
1590 2009 1660 2077 quo
1677 1987 1862 2077 praecipue
1876 1993 2033 2065 eminere
2046 2000 2218 2089 sapientia
2237 2018 2270 2074 et
2287 2006 2399 2077 virtus
2413 2012 2523 2080 debe·

1537 2087 1641 2163 baut,
1667 2099 1738 2155 tam
1754 2089 1861 2159 mults
1877 2104 1965 2162 tetra
1979 2110 2142 2185 portenta
2158 2104 2401 2177 dominantur.

1569 2195 1571 2200 ’
1638 2182 1748 2258 Anno
1780 2184 1913 2263 Christi
1950 2200 2160 2285 sexagesimo
2196 2207 2318 2290 tertio,
2356 2209 2522 2280 videlicet

1536 2300 1616 2379 post
1644 2292 1936 2360 resurrectionem
1968 2290 2099 2366 Christi
2128 2303 2325 2388 tricesimo,
2367 2306 2523 2379 lacobus

1535 2388 1630 2458 filius
1650 2386 1802 2481 Alphei,
1827 2388 2023 2488 Episcopus
2043 2393 2215 2472 Ecclesiae
2237 2406 2276 2473 in
2300 2406 2524 2503 lerosolyms

1537 2489 1723 2575 collectae,
1746 2490 1954 2564 interfectus
1977 2509 2030 2566 est
2047 2500 2193 2570 saevicia
2208 2501 2368 2576 Ananiae
2386 2510 2525 2579 summi

1535 2591 1741 2677 sacerdotis,
1782 2594 1846 2685 qui
1876 2607 1911 2664 et
1940 2596 2082 2667 iuvenis
2110 2613 2146 2671 et
2173 2601 2398 2678 stducaeus
2430 2625 2524 2680 erat.

1536 2687 1614 2760 Etsi
1636 2692 1730 2759 enim
1755 2716 1831 2761 non
1855 2694 1982 2767 licebat
2004 2700 2145 2769 ludaeis
2166 2712 2365 2795 quenquam
2387 2709 2522 2779 ultimo

1537 2792 1710 2882 supplicio
1733 2795 1899 2881 adficere,
1934 2809 2053 2868 tamen
2075 2802 2220 2872 absente
2242 2805 2401 2895 praeside
2424 2811 2522 2878 mul-

1537 2906 1613 2962 tum
1630 2894 1741 2964 valuit
1756 2895 1923 2967 autoritas
1934 2900 2064 2968 summi
2074 2899 2288 2990 Sacerdotis,
2314 2910 2520 2996 praesertim

1537 3018 1618 3064 cum
1636 2995 1770 3088 alioqui
1780 2993 1906 3065 ludaea
1927 2997 2029 3087 plena
2045 3015 2133 3070 esset
2150 3006 2376 3081 seditionum.
2424 3007 2519 3081 Erat

1536 3108 1653 3166 autem
1676 3109 1835 3172 mortuus
1850 3091 2004 3183 Festus,
2029 3114 2063 3169 et
2078 3106 2241 3174 nondum
2259 3121 2403 3179 venerat
2417 3107 2520 3180 lero·

1536 3197 1706 3290 solymam
1727 3219 1905 3267 successor
1921 3196 2094 3276 Albinus,
2145 3202 2219 3275 Hac
2236 3230 2319 3277 usus
2338 3212 2522 3282 occasione

1536 3291 1693 3365 Ananias
1714 3320 1812 3366 suam
1827 3298 2016 3370 factionem
2033 3303 2160 3375 incitat
2173 3308 2216 3375 ad
2234 3306 2523 3384 interficiendum

1537 3395 1725 3483 Iacobum,
1748 3411 1782 3469 et
1797 3400 1885 3469 alios
1898 3404 2030 3474 multos
2043 3420 2221 3477 accusatos
2236 3426 2383 3500 propter
2393 3411 2522 3486 Evan-

1535 3499 1667 3588 gelium
1693 3501 1874 3590 suppliciis
1894 3504 2028 3585 adficit,
2061 3507 2165 3576 etiam
2188 3523 2310 3580 contra
2332 3511 2523 3586 Romano-

1535 3622 1615 3666 rum
1639 3600 1852 3670 iudiciorum
1876 3605 2050 3679 ordinem.
2089 3604 2196 3703 'Haec
2220 3624 2296 3681 acta
2319 3628 2401 3684 sunt
2424 3640 2522 3689 anno

1536 3701 1672 3769 decimo
1699 3714 1780 3770 aute
1800 3703 1974 3774 escidium
1999 3700 2252 3803 lerosolymae,
2283 3735 2379 3784 anuo
2402 3714 2525 3790 Nero·

1535 3800 1590 3868 nis
1607 3801 1768 3891 septimo.

1636 3902 1720 3971 Post
1735 3902 1901 3973 iacobum
1916 3907 2024 3978 frater
2041 3909 2115 3980 eius
2124 3907 2286 4001 Simeon,
2305 3913 2396 3985 filius
2410 3916 2528 3990 Cleo·

1536 4023 1618 4092 pae,
1642 3999 1840 4095 Episcopus
1857 4005 2091 4102 lerosolymae
2113 4014 2226 4084 factus
2247 4030 2313 4098 est,
2337 4016 2398 4106 qui
2421 4019 2524 4091 vixit

1535 4125 1645 4196 usque
1666 4106 1710 4171 ad
1726 4101 1872 4173 Traiani
1895 4120 2072 4199 tempora,
2097 4114 2238 4185 functus
2250 4112 2412 4205 Episcopi
2432 4120 2526 4188 offi.

1535 4203 1590 4272 cio
1608 4203 1687 4294 plus
1703 4206 1934 4296 quadraginta
1949 4211 2065 4282 annis.
2116 4211 2246 4284 Edurlt
2260 4209 2458 4286 Ecclesiam
2475 4244 2523 4292 ex

1535 4301 1760 4400 lerosolymis
1781 4306 1961 4399 eliquanto
1986 4325 2067 4382 ante
2089 4315 2303 4384 obsidionem
2320 4329 2420 4386 trans
2436 4317 2522 4389 Ior-

1535 4408 1662 4474 danem
1682 4407 1722 4474 in
1743 4407 1913 4498 oppidum
1934 4408 2081 4486 Pellam.
2143 4412 2281 4483 Deinde
2302 4417 2436 4486 multos
2458 4445 2525 4490 re-

1534 4506 1636 4576 duxit
1658 4508 1702 4574 ad
1725 4509 1865 4592 ruinas,
1887 4511 1950 4579 ubi
1971 4510 2192 4604 contumel
2215 4515 2301 4584 odio
2317 4511 2523 4591 Christiani

1533 4607 1690 4675 nominis
1707 4610 1800 4697 apud
1815 4608 2010 4681 Traianum
2027 4629 2293 4701 accusaverunt,
2321 4620 2521 4711 quodcum

1532 4720 1621 4777 esset
1641 4731 1681 4775 ex
1704 4708 1812 4800 stirpe
1834 4713 1929 4800 regia
1951 4715 2127 4784 videretur
2147 4739 2279 4786 novam
2302 4719 2516 4791 seditionem

1531 4807 1664 4881 moliri.
1716 4806 1837 4897 Quare
1859 4837 1940 4883 cum
1961 4839 2073 4886 annos
2095 4832 2238 4888 centum
2261 4833 2295 4890 et
2316 4819 2439 4910 viginti
2453 4821 2520 4889 vi-

1530 4909 1653 4990 xisset,
1679 4909 1806 4981 ultimo
1821 4915 1994 5006 supplicio
2011 4919 2166 4990 adfectus
2181 4933 2243 4992 est.

1632 5007 1702 5081 Hic
1731 5013 1845 5083 exitus
1872 5018 2025 5086 duorum
2054 5021 2202 5089 fratrum
2224 5021 2311 5107 fuit,
2343 5023 2407 5115 qui
2432 5044 2521 5095 san-

1530 5109 1637 5200 guine
1659 5114 1812 5203 proximi
1834 5117 1978 5186 fuerunt
1999 5116 2155 5194 Christo.
2214 5119 2297 5193 Nati
2319 5137 2405 5195 tunt
2418 5125 2518 5193 enim

496 5218 625 5291 mitius
638 5212 758 5299 Nero,
783 5242 879 5288 anno
904 5217 1051 5308 septimo
1074 5215 1211 5284 decimo
1232 5212 1373 5293 aetatis,
1398 5236 1479 5282 eum
1529 5213 1634 5282 ambo
1656 5237 1696 5282 ex
1718 5239 1789 5285 una
1811 5229 1942 5300 matre,
1967 5240 2090 5290 sorore
2104 5220 2242 5291 Mariae
2257 5222 2430 5313 virginis,
2454 5228 2524 5296 setl

493 5320 713 5417 promisisset
749 5318 799 5386 eis
835 5318 1045 5389 tantundem
1077 5313 1264 5405 pecuniae,
1305 5327 1478 5406 quantum
1528 5311 1648 5383 lacobi
1663 5329 1762 5405 pater
1775 5315 1842 5384 suit
1851 5310 2022 5406 Alpheus,
2048 5321 2398 5417 SimeonisCleopas.
2440 5323 2526 5400 Cur

374 5460 381 5480 0
493 5425 663 5499 Claudius
678 5419 835 5497 dederat,
861 5414 1479 5509 videlicetsingulistrecentosquin·
1527 5426 1643 5487 autem
1666 5414 1824 5486 Ecclesia
1847 5419 1944 5488 cruci
1963 5421 2119 5494 subiecta
2143 5424 2207 5504 sit,
2231 5425 2442 5499 discendum
2465 5445 2528 5504 est

493 5527 663 5623 quaginta
683 5531 884 5593 coronatos.
935 5514 1034 5586 Vixit
1051 5535 1164 5584 annos
1182 5514 1346 5605 triginta,
1375 5539 1478 5587 men·
1526 5541 1569 5589 ex
1590 5516 1747 5586 fontibus
1770 5516 1972 5610 doctrinae,
2004 5547 2111 5618 quam
2135 5522 2232 5596 Deus
2255 5526 2295 5599 in
2315 5525 2526 5621 Evangelio

492 5651 546 5700 ses
559 5650 701 5706 novem,
730 5618 891 5713 regnavit
904 5638 1017 5687 annos
1028 5615 1209 5702 tredecim,
1233 5638 1372 5688 meuses
1386 5631 1478 5690 octo.
1524 5617 1703 5710 patefecit,
1740 5616 1804 5685 ubi
1832 5619 1965 5697 dicitur
1993 5639 2156 5718 oportere
2184 5651 2253 5701 nos
2280 5630 2416 5703 similes
2437 5633 2529 5705 fieri

491 5727 670 5805 Interfecit
699 5738 866 5810 matrem,
896 5721 984 5794 duas
1011 5715 1196 5810 coniuges,
1228 5711 1417 5812 Octaviam
1435 5731 1486 5797 ¹stw
1524 5714 1687 5807 imaginis
1700 5716 1766 5790 lilii
1781 5716 1860 5799 Dei,
