6025 6775
975 617 1120 691 511

2517 597 3488 681 DISPUTATIONES

4872 624 5032 703 512

1195 776 1314 853 14.
1386 775 1540 848 Hae
1584 753 2120 866 imaginationes
2151 767 2785 863 scholasticorum,
2835 799 2967 846 nec
3063 775 3248 847 datis
3312 771 3732 866 hominum-,⁶
3789 774 3893 855 Et
3949 785 4148 875 quod
4207 783 4474 860 Paulus
4531 803 4731 864 voest
4776 790 5026 868 ἐθελο-

991 884 1393 975 Scriptura,
1453 900 1585 949 nec
1624 878 2050 969 scriptorum
2095 874 2720 948 ecclesiasticorum
2761 889 2972 949 auto·
3062 873 3496 975 θρησκείαν.

996 987 1206 1056 ritate
1256 984 1624 1064 nituntur,
1692 981 1816 1048 sed
1859 991 2027 1049 sunt
2071 998 2308 1048 merae
2353 973 2848 1075 κενοφωνίαι,
2899 991 2970 1050 et
3010 1069 3012 1077 y

999 1087 1383 1158 obscurant
1410 1096 1562 1152 tum
1588 1079 2004 1151 beneficium
2023 1072 2316 1159 Christi,
2368 1091 2521 1148 tum
2549 1081 2767 1170 legem
2785 1079 2942 1151 Dei.

1204 1198 1323 1275 15.
1373 1198 1589 1284 Nam,
1642 1213 1726 1270 ut
1750 1196 2069 1268 remissio
2101 1197 2378 1287 culpae,
2429 1195 2525 1266 ita
2553 1211 2621 1267 et
2650 1199 2968 1270 remissio

993 1319 1319 1378 aeternae
1351 1324 1617 1395 poenae
1646 1314 1921 1372 tantum
1953 1310 2057 1369 est
2087 1292 2357 1369 Christi
2388 1297 2847 1386 beneficium,
2894 1311 2965 1370 et
3012 1292 3013 1298 '

997 1405 1289 1499 quidem
1320 1403 1727 1493 gratuitum.

1210 1504 1325 1575 16.
1400 1502 1582 1573 Nam
1628 1501 2047 1582 vivificatio,
2100 1521 2282 1593 quae
2322 1499 2400 1569 fit
2445 1499 2525 1568 in
2564 1500 2974 1569 remissione

996 1608 1242 1698 culpae
1301 1617 1406 1675 est
1468 1603 1619 1695 ipsa
1663 1602 1991 1672 liberatio
2039 1622 2080 1669 a
2121 1611 2351 1668 morte
2397 1612 2714 1687 aeterna,
2780 1599 2974 1671 iuxta

992 1707 1210 1778 illud:
1265 1704 1630 1776 Iustificati
1660 1703 1797 1772 fide
1830 1724 2071 1793 pacem
2099 1695 2465 1771 h'abemus.

1206 1822 1326 1893 17.
1410 1819 1689 1893 Deinde
1741 1818 1965 1908 legem
2020 1817 2403 1889 obscurant
2450 1816 2978 1893 satisfactiones,

916 1993 923 2002 .
999 1949 1160 1997 cum
1219 1924 1496 2013 fingunt
1554 1920 1890 2011 operibus
1948 1918 2283 1989 indebitis
2336 1919 2784 1988 redimendas
2831 1942 2976 1989 esse

997 2048 1303 2120 poenas,
1354 2022 1555 2116 quasi
1583 2022 1718 2111 legi
1751 2021 1847 2091 ita
1881 2019 2418 2106 satisfaciamus,
2468 2034 2549 2091 ut
2582 2020 2792 2089 etiam
2821 2043 2976 2089 am-

998 2127 1191 2220 plius
1220 2127 1447 2195 facere
1479 2122 1849 2216 possimus.

1212 2230 1329 2300 18.
1408 2223 1578 2295 Post
1625 2221 2108 2293 remissionem
2157 2219 2405 2312 eulpae
2447 2234 2739 2292 manent
2783 2245 2977 2291 com-
3034 2276 3035 2323 3

1001 2352 1254 2400 munes
1299 2326 1772 2409 adflictiones,
1824 2346 1998 2416 quas
2042 2321 2387 2392 sustinere
2430 2315 2646 2391 homo
2680 2323 2977 2410 cogitur,

1003 2433 1232 2502 donec
1276 2429 1351 2498 in
1394 2422 1528 2497 hac
1572 2424 1857 2495 mortali
1902 2445 2110 2492 carne
2140 2422 2337 2492 vivit.
2436 2417 2631 2491 Haec
2659 2447 2977 2493 commu-

1001 2533 1119 2599 nis
1161 2529 1444 2599 miseria
1491 2549 1638 2595 non
1684 2538 1786 2595 est
1826 2522 2113 2614 proprie
2156 2546 2383 2613 poena
2426 2523 2807 2594 actualium
2852 2526 2979 2594 de-

1003 2631 1333 2700 lictorum
1367 2626 1902 2719 praeteritorum
1925 2677 1946 2708 ,
1997 2623 2116 2691 sed
2150 2636 2250 2692 est
2276 2646 2499 2713 poena
2529 2625 2792 2714 peccati
2829 2624 2975 2694 ori·
3022 2706 3023 2720 χ

1004 2731 1214 2819 ginis.
1320 2727 1405 2797 In
1450 2726 1728 2797 Sanctis
1775 2737 2007 2794 autem
2037 2723 2218 2792 fiunt
2254 2724 2576 2793 exercitia
2601 2779 2621 2810 ,
2671 2740 2752 2797 ut
2785 2724 2978 2797 Pau-

1006 2832 1125 2898 lus
1185 2829 1313 2897 ait:
1395 2826 1670 2918 Corpus
1732 2823 2198 2894 mortificatur
2252 2838 2543 2914 propter
2597 2840 2984 2918 peccatum,

1006 2930 1273 3000 scilicet
1304 2950 1672 3021 praesens,
1718 2928 1910 3019 quod
1946 2918 2189 2995 haeret
2215 2924 2292 2993 in
2323 2939 2600 3000 natura.

1215 3046 1333 3119 19.
1414 3044 1704 3115 Praeter
1752 3054 2054 3114 mortem
2106 3055 2177 3113 et
2221 3056 2529 3114 caeteras
2574 3067 2983 3114 communes

1010 3148 1458 3221 adflictiones
1509 3161 1803 3217 naturae
1844 3139 2233 3225 humanae,
2291 3140 2486 3215 Deus
2528 3144 2735 3214 etiam
2779 3167 2982 3236 saepe

1005 3250 1486 3346 peculiaribus
1530 3246 1781 3340 poenis
1826 3258 2011 3315 certa
2046 3255 2322 3335 peccata
2357 3244 2600 3337 punit,
2649 3258 2731 3316 ut
2758 3240 2986 3316 Davi-

1009 3352 1120 3423 dis
1161 3352 1589 3424 adulterium
1633 3346 1963 3440 punitum
2009 3358 2114 3416 est
2157 3345 2391 3420 exilio.
2513 3343 2691 3443 Item
2735 3347 2981 3440 populi

1007 3452 1342 3524 idolatria
1371 3452 1622 3544 punita
1656 3463 1760 3518 est
1785 3447 2028 3518 multis
2059 3461 2127 3518 et
2155 3446 2426 3536 magnis
2461 3449 2803 3524 cladibus,

1214 3569 1338 3640 20.
1384 3565 1817 3636 Huiusmodi
1849 3587 2111 3656 poenas
2137 3565 2440 3635 dicimus
2465 3566 2794 3657 mitigari,
2837 3590 2984 3664 non

1014 3667 1356 3741 indebitis
1403 3667 1774 3759 operibus,
1825 3669 1942 3734 sed
1993 3678 2139 3735 tota
2185 3667 2614 3754 poenitentia
2649 3683 2718 3739 et
2752 3668 2985 3759 operi-

1009 3773 1149 3844 bus
1182 3769 1477 3851 debitis,
1528 3768 1742 3862 idque
1772 3766 1849 3835 in
1882 3763 2219 3836 Ecclesiis
2252 3767 2487 3835 doceri
2522 3770 2829 3859 prodest.

1221 3887 1342 3960 21.
1407 3884 1529 3958 Sic
1567 3884 1759 3955 enim
1802 3897 1870 3953 et
1897 3876 2292 3972 Prophetae
2327 3881 2615 3953 docent:
2667 3881 2983 3954 Conver-

1014 3988 1255 4062 timini
1292 3990 1378 4058 ad
1413 4011 1561 4070 me,
1611 3999 1682 4056 et
1713 4007 1838 4074 ego
1872 3991 2242 4054 conv'ertar
2269 3984 2360 4052 ad
2395 4008 2542 4057 vos.
2644 3980 2743 4056 Et
2771 3980 2984 4056 Chri-

1011 4106 1163 4163 stus
1226 4103 1294 4160 et
1340 4085 1698 4181 Apostoli:
1762 4084 1844 4157 Si
1899 4109 2029 4155 nos
2084 4083 2558 4157 indicaremus
2601 4085 2774 4178 ipsi,
2836 4110 2982 4156 non

1009 4193 1490 4266 iudicaremur
1518 4212 1558 4257 a
1587 4184 1926 4259 Domino.

1214 4296 1344 4366 22.
1395 4287 1695 4362 Etiamsi
1724 4299 2001 4378 peccata
2029 4303 2390 4361 merentur
2418 4313 2703 4380 poenas,
2749 4302 2985 4361 tamen

1012 4410 1320 4488 potestas
1363 4391 1667 4464 clavium
1708 4413 1860 4458 non
1902 4383 2116 4457 habet
2149 4393 2558 4461 mandatum
2592 4405 2712 4460 aut
2740 4394 2986 4463 remit-

1010 4500 1247 4580 tendi,
1297 4510 1422 4568 aut
1461 4491 1826 4584 irrogandi
1873 4489 2291 4580 temporales
2316 4514 2599 4581 poenas.
2676 4488 2774 4563 Et
2804 4493 2981 4564 illud

1013 4613 1202 4668 certe
1225 4597 1678 4668 falsissimum
1707 4604 1832 4673 est,
1883 4614 2029 4661 non
2058 4590 2325 4660 remitti
2358 4604 2670 4663 aeternas
2699 4617 2985 4684 poenas,

1014 4696 1161 4764 nisi
1189 4709 1562 4787 propterea
1593 4696 1758 4786 quia
1789 4704 2309 4762 commutentur
2335 4691 2412 4760 in
2439 4696 2885 4784 temporales.

1217 4793 1342 4869 23.
1408 4791 1727 4878 Deinde,
1774 4792 2046 4862 etiamsi
2094 4805 2370 4885 peccata
2413 4807 2778 4865 merentur
2816 4819 2986 4888 poe-

1014 4908 1178 4981 nas,
1241 4909 1481 4966 tamen
1542 4915 1693 4963 non
1753 4893 2038 4984 prodest
2093 4904 2332 4964 nostra
2391 4896 2845 4968 commutatio
2907 4897 2986 4966 in

1010 4999 1226 5072 aliam
1266 5019 1564 5087 poenam
1587 5049 1609 5081 ,
1652 4995 1772 5065 sed
1812 4994 2239 5086 poeniteniia
2269 4999 2592 5090 prodest,
2642 5021 2786 5066 non
2819 4999 2984 5089 quia

1013 5102 1109 5172 sit
1148 5121 1376 5191 poena
1421 5114 1491 5170 et
1525 5090 1900 5169 satisfactio
1933 5120 2054 5169 seu
2085 5101 2558 5191 compensatio
2590 5124 2719 5192 pro
2751 5100 2986 5192 priore

1013 5201 1312 5281 delicto,
1358 5200 1480 5269 sed
1525 5201 1691 5291 quia
1734 5214 1837 5270 est
1882 5200 2023 5269 iam
2057 5202 2461 5276 obedientia
2493 5203 2652 5275 Deo
2682 5201 2990 5295 placens,

1016 5326 1201 5402 quae
1232 5314 1313 5373 ut
1344 5299 1723 5393 plaeraque
1754 5300 1893 5370 alia
1923 5302 2234 5392 praemia
2264 5317 2610 5389 meretur,
2651 5304 2751 5377 ita
2780 5305 2990 5378 etiam

1016 5418 1330 5481 meretur
1358 5399 1869 5489 mitigationem
1900 5403 2376 5490 praesentium
2405 5405 2904 5484 calamitatum.
2955 5432 2963 5441 ·

1224 5520 1349 5595 24.
1433 5514 1765 5606 Infligere
1815 5513 2088 5608 sibiipsi
2128 5541 2426 5608 poenam
2470 5544 2681 5612 opere
2721 5527 3005 5620 aliquo,

1020 5640 1103 5697 ut
1165 5636 1457 5707 vocant,
1523 5616 1882 5701 indebito,
1946 5632 2050 5689 est
2097 5641 2180 5687 ex
2223 5642 2305 5689 eo
2347 5641 2601 5708 genere
2643 5627 2990 5714 cultuum,

1021 5727 1115 5795 de
1173 5752 1315 5821 quo
1369 5721 1698 5800 Christus
1754 5718 1884 5794 ait:
1964 5717 2256 5795 Frustra
2309 5721 2555 5796 colunt
2614 5748 2730 5797 me
2787 5751 2990 5802 man-

3267 976 3390 1050 25.
3468 976 3819 1054 Exercitia
3874 984 4011 1055 sibi
4054 987 4427 1078 imponere
4469 991 4712 1063 Sancti
4756 995 5029 1082 debent,

3066 1080 3157 1152 ad
3188 1083 3644 1153 coercendam
3673 1106 3989 1171 carnem,
4035 1086 4231 1158 iuxta
4258 1090 4446 1159 illud
4462 1089 4703 1164 Pauli:
4756 1092 5032 1184 Castigo

3066 1204 3324 1273 corpus
3343 1206 3580 1253 meum
3604 1196 3733 1259 etc.
3833 1180 3932 1258 At
3956 1186 4104 1258 sine
4132 1190 4477 1280 scriptura
4500 1192 4804 1280 dicitur,
4845 1198 5038 1288 quod

3066 1283 3429 1374 praeteriti
3470 1286 3740 1375 peccati
3781 1309 4081 1379 poenas,
4126 1285 4264 1361 hoc
4303 1304 4441 1379 est,
4491 1293 5039 1366 satisfactionem

3068 1384 3206 1455 sibi
3242 1383 3567 1475 infligere
3594 1386 3920 1459 debeant.

3273 1485 3398 1558 26.
3456 1482 3605 1556 Nec
3646 1488 4090 1561 adflictiones
4115 1489 4534 1564 Sanctorum
4567 1517 4840 1590 semper
4872 1514 5040 1571 sunt

3028 1596 3031 1602 ’
3073 1585 3494 1657 iudicandae
3543 1609 3691 1659 esse
3731 1613 4039 1682 poenae,
4102 1592 4282 1664 sicut
4328 1607 4396 1664 et
4430 1591 4626 1667 Hiob
4668 1612 5037 1670 excusatur

3073 1686 3317 1756 divina
3372 1711 3577 1773 voce,
3646 1694 3840 1784 quod
3900 1715 4052 1763 non
4112 1694 4456 1786 plectatur
4509 1709 4793 1790 propter
4849 1700 5035 1770 mala

3072 1787 3249 1857 facta
3292 1788 3690 1878 praeterita.
3790 1789 3939 1865 Nec
3967 1787 4311 1865 Iohannis
4335 1792 4688 1890 Baptistae
4729 1812 4801 1870 et
4840 1801 5038 1870 simi-

3074 1886 3247 1957 lium
3291 1888 3733 1962 adssietiones
3761 1894 4056 1967 fuerunt
4089 1919 4382 1987 poenae.
4484 1896 4721 1986 Quare
4753 1924 4906 1973 non
4939 1917 5043 1974 est

3075 1986 3566 2059 universaliter
3593 1990 4054 2066 iudicandum
4077 2050 4099 2082 ,
4150 2019 4402 2067 omnes
4432 1999 4865 2074 adflictiones
4894 2027 5041 2074 esse

3077 2110 3335 2179 poenas
3379 2104 3732 2194 certorum
3771 2093 4238 2183 delictorum,
4288 2120 4369 2168 ae
4409 2120 4558 2170 non
4604 2102 4869 2175 remitti
4913 2106 5039 2173 de-

3075 2190 3277 2275 licta,
3322 2188 3462 2260 nisi
3495 2192 3668 2263 tales
3698 2216 3961 2284 poenae
3992 2196 4434 2289 infligantur.

3281 2289 3401 2362 27.
3482 2289 3635 2362 lmo
3680 2294 4115 2368 conscientiis
4161 2302 4448 2392 prodest
4488 2302 4779 2386 docere,
4846 2310 5039 2399 quod

3076 2390 3155 2460 in
3197 2390 3478 2463 Sanctis
3523 2391 3961 2482 adflictiones
3994 2421 4140 2470 non
4178 2414 4343 2473 sunt
4380 2425 4694 2494 poenae,
4743 2403 5042 2478 sed‘ha-

3079 2494 3292 2563 beant
3317 2492 3494 2562 alios
3519 2494 3732 2580 fines,
3773 2495 3955 2568 sicut
3984 2512 4054 2569 et
4071 2495 4391 2574 Christus
4416 2504 4657 2598 inquit
4686 2506 4778 2576 de
4801 2531 5040 2580 coeco:

3080 2591 3323 2685 Neque
3357 2592 3380 2661 i
3388 2615 3507 2685 pse
3539 2597 3888 2684 peccavit,
3938 2622 4070 2669 nee
4096 2614 4410 2689 parentes
4433 2606 4605 2679 eius.

3277 2693 3403 2765 28.
3470 2691 3618 2763 Lex
3659 2694 4172 2789 interpretatur
4208 2701 4636 2777 adflictiones
4679 2731 4829 2780 esse
4865 2735 5039 2803 poe-

3081 2816 3245 2876 nas,
3296 2793 3416 2862 sed
3442 2789 3909 2885 Evangelium
3958 2803 4392 2890 pronunciat
4435 2827 4548 2874 eas
4589 2830 4732 2879 esse
4773 2813 5038 2882 exerci-

3081 2897 3219 2981 tia,
3269 2896 3345 2964 in
3387 2893 3643 2987 quibus
3685 2895 4080 2970 declaretur
4119 2903 4525 2975 obedientia
4561 2921 4831 2994 nostra,
4883 2936 5039 2984 cre·-

3083 3010 3226 3066 scat
3266 2997 3542 3067 novitas
3587 2996 3874 3088 spiritus
3913 3000 3993 3067 in
4025 3001 4477 3074 invocatione
4505 3020 4575 3078 et
4605 3008 4805 3093 fide,·
4832 3025 4898 3084 et
4920 3016 5043 3086 fiat

3082 3096 3362 3166 bonitas
3387 3093 3522 3166 Dei
3567 3094 4004 3191 conspectior
4045 3101 4124 3169 in
4165 3101 4576 3176 infirmitate
4622 3125 4901 3197 nostra,
4949 3115 5048 3183 si-

3085 3210 3203 3269 cut
3257 3197 3357 3267 ait
3396 3194 3690 3269 Paulus:
3758 3197 4004 3271 Virtus
4044 3199 4179 3273 Dei
4226 3203 4304 3272 in
4353 3206 4767 3282 infirmitate
4814 3227 5056 3286 nostra

3083 3297 3461 3392 perficitur.
4025 3365 4029 3370 ,

3283 3399 3406 3471 29.
3470 3397 3661 3474 Deus
3688 3404 3892 3475 aliter
3919 3407 4128 3498 punit
4157 3407 4291 3478 alia
4323 3425 4641 3500 peccata,
4690 3416 5047 3484 interdum

3083 3502 3424 3594 exemplis
3473 3503 3817 3595 publicis,
3875 3509 4058 3579 sicut
4107 3506 4336 3580 David
4393 3512 4762 3605 plectitur,
4795 3516 5046 3586 inter·

3086 3602 3259 3672 dum
3328 3616 3606 3676 tantum
3675 3608 4066 3681 terroribus
4124 3611 4362 3702 quales
4418 3616 4916 3691 describuntur
4974 3617 5053 3684 in

3084 3701 3418 3773 Psalmis:
3480 3703 3789 3777 Domine
3846 3726 3959 3779 ne·
3990 3709 4068 3778 in
4125 3710 4367 3782 furore
4429 3728 4555 3788 tuo
4610 3742 4862 3810 arguas
4913 3742 5052 3796 me.

3084 3800 3517 3875 Huiusmodi
3558 3807 3896 3880 contritio
3944 3823 4050 3881 est
4089 3834 4358 3902 poena,
4408 3820 4530 3889 sed
4573 3819 4912 3891 divinitus
4941 3825 5045 3893 ir-

3085 3916 3347 3993 rogata,
3387 3918 3471 3977 ut
3489 3905 3669 3978 aliae
3692 3932 3987 4003 poenae,
4035 3936 4214 4004 quae
4238 3915 4580 3991 divinitus
4604 3919 5041 4009 infliguntur.

3281 4003 3409 4081 80.
3489 4004 3741 4080 Claves
3797 4034 3930 4081 nec
3990 4012 4407 4104 imponunt,
4483 4041 4612 4088 nec
4667 4020 5042 4094 remittunt

3083 4128 3492 4176 communes
3518 4108 3974 4199 calamitates,
4020 4127 4103 4187 ut
4126 4131 4449 4205 constat,
4471 4139 4684 4212 quare
4707 4142 4856 4191 non
4876 4141 5048 4199 sunt

3084 4206 3612 4285 satisfactiones.

3286 4309 3409 4381 st.
3477 4306 3947 4385 Ecclesiastici
3978 4315 4226 4390 Patres
4254 4331 4520 4391 tantum
4547 4319 5049 4404 intellexerunt

3086 4410 3594 4484 satisfactiones
3640 4415 3731 4485 de
3778 4418 4068 4506 publico
4109 4443 4306 4489 more
4348 4421 4858 4518 poenitentiae,
4920 4438 5047 4525 qui

3087 4524 3259 4583 tunc
3304 4529 3453 4586 erat
3490 4516 3568 4584 in
3596 4511 3933 4588 Ecclesia.
4030 4514 4127 4590 Et
4166 4519 4450 4610 quidem
4480 4518 4907 4601 Ambrosius
4952 4536 5052 4607 ait

3083 4612 3251 4683 satis
3295 4635 3476 4697 esse,
3524 4616 3602 4686 in
3647 4617 3789 4689 vita
3820 4620 4032 4689 semel
4062 4619 4254 4690 illam
4284 4622 4642 4711 publicam
4674 4633 5047 4722 poeniten-

3082 4712 3266 4784 tiam‘
3283 4713 3458 4789 fieri.
3529 4714 3769 4806 Quare
3796 4743 3945 4791 non
3967 4720 4365 4795 sentiebant
4387 4729 4759 4802 canonicas
4784 4756 5046 4824 poenas

3085 4817 3504 4888 necessarias
3536 4841 3683 4888 esse
3712 4821 3802 4891 ad
3837 4820 4319 4893 remissionem
4352 4843 4820 4917 peccatorum.

3286 4916 3407 4990 32.
3469 4914 3581 4990 Ex
3612 4915 3724 4990 his
3753 4921 4070 4994 fontibus
4100 4922 4408 5019 intelligi
4439 4946 4702 5022 potest,
4754 4936 4910 5010 iure
4940 4966 5053 5012 re-

3086 5012 3433 5111 prehendi
3475 5021 3865 5094 doctrinam
3905 5016 4391 5098 scholasticam
4436 5033 4525 5103 de
4558 5037 5048 5112 satisfactioni-

3087 5122 3243 5193 bus.
3348 5121 3535 5195 Sunt
3575 5124 3765 5198 enim
3810 5123 4127 5217 profecto
4169 5126 4405 5226 laquei
4441 5138 5042 5226 conscientiarum,

3087 5235 3159 5293 et
3194 5223 3402 5294 facile
3444 5229 3711 5302 accedit
3745 5225 4031 5321 opinio,
4083 5231 4273 5323 quod
4305 5231 4451 5309 sint
4483 5260 4597 5309 res
4626 5243 5043 5311 necessariae

3088 5325 3177 5395 ad
3210 5326 3696 5400 remissionem
3728 5330 3999 5424 culpae.

3292 5427 3414 5497 33.
3490 5427 3726 5500 Facile
3778 5446 3883 5505 est
3931 5434 4271 5506 revellere
4328 5439 4615 5512 usitatas
4655 5440 5046 5531 opiniones,

3090 5531 3282 5621 quod
3325 5552 3593 5620 poenae
3635 5545 3960 5607 aeternae
4006 5559 4158 5608 non
4197 5538 4642 5612 remittantur
4670 5540 4826 5612 sine
4852 5567 5051 5614 com-

3088 5628 3499 5721 pensatione
3552 5634 3744 5726 quod
3801 5659 4017 5726 opera
4075 5637 4388 5713 indebita
4426 5641 4728 5714 facta.in
4768 5662 5052 5738 peccato

3040 5730 3372 5822 ,mortali
3428 5730 3572 5807 sint
3623 5738 4231 5828 compensationes
4276 5756 4404 5816 etc.
4517 5740 4790 5821 verum
4832 5750 5061 5847 aliqui
