6025 6775
489 672 561 747 179

953 669 1110 748 nuci.
1152 666 1228 742 nn
1267 627 1474 744 closis
1513 666 2055 747 rornnracrmms.

2445 673 2519 745 180

427 865 434 872 ·
488 846 538 917 ris
561 857 746 937 compta,
772 842 810 912 id
834 856 907 928 est,
930 852 1063 912 mutata
1084 838 1123 907 in
1144 839 1297 928 igneam.
1356 839 1478 930 Quare
1501 856 1505 906 t
1528 841 1731 913 berillitatis
1745 855 1889 926 natura,
1913 855 1954 912 ut
1974 837 2072 912 hunc
2092 843 2197 913 etiam
2223 842 2316 912 vitae
2333 844 2459 915 caloris
2483 856 2519 913 et

491 962 527 1019 et
558 971 650 1042 quae
682 956 909 1039 putrescunt,
949 942 1100 1010 formam
1133 965 1277 1031 prorsus
1310 943 1479 1014 amittunt
1530 944 1719 1035 spirituum
1749 940 1954 1013 thesaurum
1984 957 2136 1046 ¹cogatur
2167 944 2375 1025 destituere,
2420 945 2517 1040 quod

493 1050 668 1142 priorem,
704 1065 959 1139 progressuque
980 1041 1019 1108 in
1046 1042 1217 1113 elementa
1237 1044 1479 1115 resolvuntur.

492 1149 533 1222 si
550 1164 677 1221 natura
699 1148 744 1218 sit
767 1157 907 1237 gravata
927 1155 987 1212 aut
1004 1135 1188 1238 πληθώρα
1197 1195 1210 1228 ,
1237 1159 1298 1215 aut
1318 1168 1481 1238 κακοχυ-

493 1246 585 1347 μίρι,
618 1248 786 1320 humores
808 1258 992 1334 gravantes
1012 1244 1103 1313 affici
1128 1248 1334 1335 putredine,
1369 1262 1404 1318 et
1423 1249 1481 1316 in-

497 1358 647 1425 cendere
663 1350 794 1419 febrem
811 1358 969 1436 possunt.
1021 1343 1093 1415 Sed
1110 1346 1213 1416 aliter
1235 1348 1275 1416 in
1296 1345 1481 1444 πληθῶρᾳ

498 1456 602 1527 aliter
622 1453 659 1519 in
677 1441 908 1540 κακοχυμίρ,
937 1444 978 1514 ld
1000 1449 1181 1539 quomodo
1205 1449 1266 1519 fiat
1289 1450 1482 1540 explicabi-

496 1578 586 1626 mus.
650 1546 770 1617 Massa
798 1547 991 1637 sanguinea
1011 1571 1101 1639 quae
1122 1550 1254 1621 virtute
1282 1546 1419 1643 hepatis
1441 1576 1482 1620 ex

497 1652 601 1748 chylo
625 1673 690 1743 per
711 1650 897 1719 mesaricas
918 1661 1064 1719 attracto
1088 1653 1314 1743 excoquitur,
1347 1666 1483 1724 constat

497 1752 709 1825 humoribus
731 1764 884 1845 quatuor
901 1750 1057 1821 confusis
1078 1752 1173 1821 inter
1189 1776 1244 1838 se,
1268 1766 1303 1822 et
1323 1754 1483 1844 singulo-

497 1880 578 1928 rum
598 1849 800 1933 ichoribus,
826 1851 890 1945 qui
909 1865 949 1922 ut
964 1847 1131 1921 humores
1147 1853 1214 1945 ipsi
1230 1855 1325 1924 inter
1338 1879 1375 1924 se
1393 1881 1482 1950 quo-

419 2015 425 2022 ,
497 1982 567 2052 que
581 1956 719 2027 confusi
731 1967 903 2023 vocantur
919 1951 1024 2045 ὅρῤσς
1039 1967 1073 2023 ει
1089 1950 1246 2047 ὀρρῶδες
1258 1951 1483 2051 περίττωμα.

497 2058 622 2152 Neque
644 2070 696 2127 est
712 2050 867 2149 ὀρρῶδες
887 2048 1101 2149 περίττωμα
1118 2055 1217 2126 aliud
1238 2082 1345 2151 quam
1366 2061 1484 2130 tenuis

499 2183 617 2231 serosa
631 2173 666 2230 et
682 2180 812 2252 aquosa
830 2155 1071 2248 superfluitas,
1097 2181 1187 2249 quae
1201 2161 1245 2228 de
1265 2172 1337 2231 tota
1354 2157 1485 2233 humo·

402 2319 406 2324 .
501 2285 582 2331 rum
607 2283 719 2330 massa
742 2270 916 2351 separata,
959 2270 1064 2350 atque
1089 2259 1136 2327 ad
1157 2283 1259 2330 renes
1282 2275 1427 2332 attracta
1451 2275 1486 2332 et

503 2363 680 2455 percolata
694 2362 733 2432 tit
754 2361 878 2439 urina,
904 2356 976 2428 Nec
996 2359 1126 2453 ἰχῶρες
1149 2375 1233 2431 sont
1259 2363 1356 2433 aliud
1379 2389 1485 2458 quam

502 2465 683 2535 tenuiores
699 2477 734 2533 et
751 2460 954 2555 aquosiores
975 2473 1092 2550 partes
1113 2462 1335 2552 singulorum
1358 2460 1486 2535 humo-

502 2591 603 2651 rum,
632 2587 826 2659 equorum
849 2562 1000 2631 maxima
1021 2576 1119 2653 parte
1140 2565 1268 2633 melior
1289 2588 1401 2636 massa
1427 2591 1487 2636 ex-

503 2679 691 2758 purgatur,
715 2663 895 2757 reliquum
911 2686 991 2733 cum
1004 2663 1177 2752 sanguine
1190 2666 1230 2735 in
1244 2690 1351 2737 renas
1365 2668 1488 2738 distri-

501 2769 644 2853 buitur,
675 2766 739 2837 ubi
760 2763 912 2858 amplius
941 2765 1119 2857 coquitur.
1186 2765 1228 2836 ln
1257 2791 1298 2837 ea
1328 2769 1487 2843 coctione

505 2871 601 2964 quod
619 2868 746 2938 melius
763 2880 832 2951 est,
857 2877 1057 2936 reservatur
1069 2870 1115 2937 ad
1129 2869 1256 2954 usum,
1278 2873 1374 2962 quod
1392 2872 1488 2941 dete-

505 2972 580 3042 rius
595 2983 666 3056 est,
693 2970 742 3040 ita
766 2981 805 3037 ut
827 2990 892 3037 nec
908 2968 1093 3060 percoqui,
1119 2993 1235 3061 neque
1250 2971 1288 3039 in
1302 2994 1406 3041 usum
1421 2996 1490 3041 nu-

504 3072 645 3143 tritioni
668 3070 893 3141 commodum
914 3070 1071 3139 converti
1094 3072 1223 3160 possit,
1245 3086 1371 3143 natura
1389 3074 1491 3144 fortis

504 3174 610 3245 eiirit.
676 3169 867 3242 imbecillis
888 3194 963 3239 non
986 3171 1120 3261 integre
1151 3189 1305 3248 evacuat.
1370 3173 1490 3264 Quare

504 3279 648 3347 tandem
661 3274 700 3344 id
714 3272 892 3357 lentescit,
916 3271 1032 3341 aliove
1046 3274 1153 3343 modo
1169 3275 1321 3346 aflicitur
1335 3292 1397 3348 aut
1412 3301 1491 3346 cor·

504 3378 694 3470 rumpitur.
745 3373 842 3444 Hinc
856 3385 917 3444 aut
934 3373 1033 3466 copia
1055 3376 1314 3459 redundantes,
1337 3391 1398 3450 aut
1413 3403 1492 3449 cor-

506 3479 605 3573 rupti
620 3480 760 3571 ἰχῶρες.
800 3472 893 3546 Cum
909 3499 992 3565 ergo
1004 3473 1174 3567 χυμῶσει
1189 3480 1345 3550 confecta
1362 3495 1397 3552 et
1411 3504 1493 3550 sans

507 3581 614 3672 gnine
628 3604 648 3650 a
661 3577 858 3670 praecipuis
874 3577 1173 3668 superfluitatibus
1191 3594 1391 3670 expurgato,
1417 3606 1493 3651 me-

508 3684 581 3754 lior
600 3704 715 3751 massa
731 3703 807 3749 sero
824 3701 936 3772 nqueo
962 3678 1074 3749 diluta
1099 3681 1280 3750 derivatur
1303 3707 1344 3751 ex
1368 3678 1492 3773 hepate

506 3787 548 3854 in
569 3807 696 3853 venam
712 3776 858 3861 cavam,
892 3781 1101 3868 transfertur
1121 3782 1160 3850 in
1182 3806 1283 3852 renes
1305 3785 1492 3876 praecipua

508 3909 590 3978 pars
607 3885 694 3970 seri,
719 3907 809 3978 quae
825 3893 878 3952 est
891 3895 1152 3967 excrementum
1170 3907 1210 3952 ex
1224 3888 1344 3956 crudis
1359 3884 1493 3956 ichori-

508 3991 577 4058 bus
606 3986 766 4055 omnium
792 3978 984 4054 humorum
1008 3984 1213 4066 confusum,
1251 3987 1406 4080 indeque
1430 4011 1493 4057 ceu

509 4089 588 4160 colo
604 4087 777 4158 transfusa
800 4084 990 4176 depellitur
1006 4085 1047 4155 ‘in
1071 4087 1242 4173 vesicam,
1273 4101 1314 4160 ut
1334 4089 1495 4159 eliciatur

507 4213 699 4282 ecorpore.
751 4185 793 4257 ln
809 4179 992 4282 πληθώρα
1013 4202 1052 4258 ut
1069 4192 1298 4280 proportione
1316 4187 1494 4275 humores,

507 4294 558 4364 sic
579 4307 614 4364 et
634 4293 765 4386 ἰχῶρες
778 4284 971 4357 humorum
986 4291 1080 4360 aucti
1099 4294 1318 4379 redundant,
1343 4296 1404 4363 sed
1426 4293 1494 4362 mi-

507 4420 576 4466 nus
598 4394 722 4466 viciosi
746 4413 853 4487 quarn
877 4389 917 4459 in
941 4387 1153 4486 νακοχυμίρ
1173 4407 1268 4465 sunt.
1320 4393 1440 4484 Quare
1464 4394 1493 4464 si

508 4511 633 4567 natura
656 4496 761 4567 fortis
781 4505 852 4577 est,
877 4505 911 4562 et
933 4492 1045 4581 viget,
1069 4505 1219 4585 secretos
1241 4519 1260 4564 a
1283 4520 1395 4566 massa
1412 4520 1490 4566 san·

1532 1070 1611 1114 rum
1628 1045 1683 1126 fit,
1709 1058 1743 1114 et
1758 1046 1923 1115 interitus
1942 1068 2025 1114 mox
2042 1045 2219 1137 sequitur,
2245 1059 2281 1115 ει
2303 1052 2518 1116 caeterorum

1532 1142 1725 1216 humorum
1752 1146 2017 1235 corruptionem
2038 1144 2263 1237 praecessisse
2292 1170 2432 1217 necesse
2457 1160 2520 1216 est.

1534 1247 1699 1336 lntelligo
1715 1261 1831 1317 autem
1848 1249 2130 1337 persanguinem
2153 1240 2340 1314 humorem
2361 1249 2412 1316 sic
2436 1272 2522 1338 pro-

1534 1351 1611 1442 prie
1625 1349 1777 1432 dictum,
1802 1348 2009 1418 distinctum
2027 1372 2047 1418 a
2063 1347 2208 1439 reliquis
2222 1360 2375 1438 quatuor
2392 1344 2524 1418 humo-

1534 1451 1656 1535 ribus,
1699 1451 1762 1542 qui
1790 1449 2102 1540 temperatissimus
2129 1462 2164 1517 et
2191 1460 2337 1518 naturae
2370 1450 2523 1519 maxime

1535 1551 1751 1621 conveniens
1765 1565 1827 1625 est.
1867 1547 1953 1641 Agit
1966 1574 2040 1622 uno
2059 1549 2253 1642 eodemque
2268 1551 2375 1620 modo
2394 1563 2521 1619 natura

1536 1666 1716 1745 perpetuo.
1757 1650 1798 1722 ln
1814 1646 1998 1746 πληθώρα
2014 1653 2077 1722 ubi
2092 1652 2251 1721 coctione
2265 1675 2339 1720 non
2356 1664 2407 1720 est
2423 1675 2524 1741 opus,

1537 1755 1650 1825 utitur
1676 1758 1898 1844 separatione
1927 1755 2102 1845 primum,
2148 1754 2277 1822 deinde
2306 1753 2524 1843 expulsione,

1535 1856 1605 1925 nisi
1625 1851 1865 1948 prohibeatur.
1920 1855 1963 1923 ln
1986 1850 2199 1949 κακοχυμίᾳ
2222 1878 2295 1924 uno
2318 1855 2524 1948 pluribusve

1536 1957 1678 2026 viciosis
1695 1952 1905 2027 humoribus
1928 1957 2021 2026 vires
2041 1956 2271 2027 onerantibus
2289 1957 2404 2050 primo
2421 1979 2525 2046 expe·

1535 2060 1628 2129 ritur
1645 2060 1860 2143 coctionem,
1884 2059 1956 2151 qua
1970 2060 2044 2128 sive
2060 2054 2174 2142 nihil,
2200 2060 2273 2128 sive
2287 2058 2424 2151 aliquid
2439 2082 2524 2149 pro-

1536 2160 1649 2241 ficiat,
1673 2156 1819 2231 adhibet
1835 2162 1989 2230 secundo
2007 2160 2281 2252 separationem,
2306 2161 2413 2252 idque
2428 2163 2524 2253 quod

1538 2276 1684 2331 naturae
1703 2262 1785 2332 usui
1807 2275 1841 2332 et
1864 2262 2077 2332 conveniens
2100 2275 2151 2333 est
2170 2262 2285 2346 elicit,
2310 2263 2461 2331 secernit
2485 2285 2525 2330 ac

1537 2362 1698 2455 reponit,
1739 2362 1915 2455 reliquum
1950 2364 2119 2433 viciosum
2155 2363 2212 2432 vel
2243 2363 2384 2447 abiicit,
2420 2376 2525 2454 atque

1540 2464 1689 2550 excutit,
1715 2465 1771 2532 vel
1797 2463 1827 2532 si
1848 2466 1949 2556 copia
1966 2478 2028 2535 aut
2046 2465 2185 2534 malicia
2207 2465 2419 2536 excrementi
2434 2465 2525 2533 victa

1540 2580 1601 2637 aut
1619 2564 1757 2635 viarum
1773 2566 2024 2636 interclusione
2049 2565 2215 2658 impedita
2232 2565 2392 2645 deficiat,
2418 2565 2526 2635 desti·

1538 2667 1620 2738 tuit.
1674 2664 1715 2737 ld
1732 2681 1931 2758 putrescere
1948 2689 2086 2737 necesse
2102 2682 2166 2737 est.
2216 2665 2289 2736 Nec
2302 2669 2347 2736 de
2364 2668 2438 2736 ullo
2455 2690 2526 2736 un·

1541 2792 1647 2861 quam
1665 2763 1814 2839 humore
1830 2770 1925 2862 quod
1942 2768 2078 2837 bonum
2093 2782 2144 2837 est
2160 2779 2195 2837 et
2207 2769 2305 2851 utile,
2329 2769 2445 2859 primo
2462 2769 2526 2837 de-

1541 2871 1644 2949 serit,
1668 2871 1729 2939 sed
1746 2884 1824 2961 post
1838 2882 2006 2939 tentatam
2025 2870 2218 2939 coctionem
2230 2868 2359 2963 ἰχῶρες
2373 2868 2525 2939 secludit

1542 2971 1667 3056 initio,
1698 2966 1822 3040 biubi
1847 2984 2052 3061 putrescunt
2072 2984 2167 3039 extra
2189 2993 2294 3039 venas
2318 2970 2357 3037 in
2378 2969 2466 3039 laxis
2492 2983 2527 3039 et

1541 3074 1637 3141 cavis
1659 3073 1786 3164 spaciis
1809 3073 2097 3166 quibuscunque,
2129 3072 2328 3140 incendunt
2348 3066 2528 3165 πυρετσΰς

1542 3169 1814 3253 διαλεῖπονταςε
1840 3174 1904 3243 ubi
1921 3175 2013 3243 intra
2035 3196 2141 3242 venas
2163 3167 2344 3267 πυρετοὺς
2365 3173 2529 3263 συνεχεῖς

1544 3274 1590 3347 οὔ
1605 3271 1803 3368 διηνεκεῖς,
1828 3275 1892 3367 qui
1912 3275 1976 3345 etsi
1995 3296 2069 3344 non
2084 3274 2252 3345 desinunt
2274 3274 2313 3341 in
2327 3269 2530 3367 ἀπυρεξίαν

1542 3368 1702 3489 Ισε’ἰριαν,
1730 3390 1848 3448 tamen
1862 3376 2053 3464 εειαίιιααιΙ
2061 3376 2321 3471 aliquantulum
2341 3389 2376 3444 et
2396 3398 2460 3466 per
2475 3375 2529 3443 vi-

1544 3503 1601 3550 ces
1622 3481 1887 3550 exacerbantur.
1954 3477 2147 3549 litantem
2173 3474 2240 3548 hoc
2268 3500 2348 3548 cum
2378 3488 2528 3568 uterque

1544 3583 1640 3651 calor
1656 3594 1691 3650 et
1707 3576 1897 3650 humorum
1920 3594 1954 3649 et
1976 3579 2131 3648 influens
2153 3604 2226 3648 non
2249 3591 2302 3650 est
2323 3589 2529 3669 prostratus.

1543 3679 1598 3752 Ac
1613 3682 1729 3751 calore
1743 3695 1893 3771 utroque
1908 3690 1969 3745 aut
1982 3690 2172 3767 prostrato,
2197 3693 2259 3748 aut
2270 3680 2318 3747 ita
2336 3693 2531 3763 attenuato,

1544 3798 1585 3854 ut
1599 3780 1728 3853 frustral
1743 3782 1781 3849 in
1798 3779 1993 3849 coctionem
2009 3790 2044 3847 et
2058 3777 2314 3866 separationem
2332 3779 2529 3862 incumbat,
2573 3861 2577 3864 ,

1545 3885 1695 3976 putredo
1724 3906 1800 3953 non
1828 3882 1967 3976 ἰχῶρας
1993 3892 2131 3950 tantum
2153 3873 2367 3962 humorum,
2406 3877 2529 3947 sedet

1545 3986 1777 4075 substantiam
1807 3984 1917 4075 ipsam
1946 4005 2052 4075 quam
2076 3980 2263 4051 imbecillis
2283 3979 2380 4050 calor
2402 3978 2527 4048 defen-

1545 4092 1629 4160 dere
1653 4112 1672 4157 a
1695 4085 1921 4176 corruptione
1939 4083 2083 4177 nequit,
2108 4097 2272 4175 occupat,
2295 4080 2392 4152 Hinc
2412 4079 2528 4150 febres

1546 4191 1710 4282 συνεχεῖς
1722 4183 1898 4280 διηνεκεῖς
1914 4179 1967 4278 μὴ
1980 4178 2162 4265 παύοντες
2177 4185 2227 4266 εἰς
2241 4175 2443 4278 παρακμὴν
2458 4206 2529 4253 πυ-

1546 4285 1706 4389 ρετῶδη,
1734 4310 1823 4384 quos
1842 4281 2042 4381 κακοήθεις
2063 4300 2207 4372 vocant,
2239 4301 2274 4357 ει
2296 4298 2465 4377 perpetuo
2487 4308 2530 4352 ex

1547 4416 1673 4483 magno
1702 4390 1868 4461 incendio
1898 4386 2110 4476 humorum,
2147 4403 2182 4460 et
2208 4388 2373 4479 prostrati
2400 4384 2559 4457 caloris'

1547 4493 1774 4587 corruptione
1798 4507 2004 4564 nascuntur.
2054 4488 2145 4562 Cum
2167 4502 2285 4560 autem
2308 4489 2529 4579 singularum

508 4597 634 4685 guinea
656 4597 802 4687 depellit
823 4596 867 4662 ad
889 4616 1010 4678 renes,
1035 4587 1101 4662 hos
1116 4596 1304 4685 propulsos
1317 4622 1418 4668 renes
1437 4622 1493 4668 ar·
1546 4598 1701 4669 febrium
1726 4618 1846 4666 causas
1865 4594 2039 4686 explicare
2061 4593 2206 4682 longum
2227 4591 2289 4678 sit,
2321 4605 2356 4662 et
2375 4587 2531 4661 instituti

507 4696 646 4788 ripiunt
660 4719 700 4764 ac
715 4692 900 4786 recipiunt.
943 4693 984 4765 Si
1000 4689 1041 4763 hi
1059 4695 1193 4765 maiore
1210 4698 1311 4789 copia
1325 4701 1418 4769 vires
1433 4690 1495 4770 aut
1547 4699 1660 4770 nostri
1673 4697 1827 4783 nonsit,
1851 4695 1975 4766 desino
1991 4694 2164 4786 prolixius
2179 4686 2265 4764 haec
2278 4689 2459 4786 persequi,
2485 4690 2531 4757 de

508 4809 687 4890 superant,
712 4808 772 4865 aut
784 4808 945 4884 gravant,
969 4808 1106 4884 separat
1121 4819 1181 4866 eos
1196 4799 1340 4891 quidem
1356 4815 1495 4887 natura,
1547 4802 1679 4896 quibus
1703 4795 1772 4869 hoc
1793 4800 1913 4870 tenere
1929 4798 2014 4868 satis
2035 4807 2104 4880 est,
2144 4797 2240 4888 quod
2263 4792 2401 4885 negocii
2424 4802 2531 4882 caput

510 4901 569 4969 sed
585 4922 659 4968 non
673 4895 834 4988 expellit,
859 4896 956 4988 quod
974 4895 1074 4965 oneri
1096 4901 1305 4974 succumbit.
1357 4900 1408 4975 Ita
1432 4906 1495 4974 de-
1548 4916 1617 4989 est,
1649 4912 1812 4972 naturam
1834 4901 1947 4970 donec
1972 4897 2065 4987 viget
2088 4896 2270 4990 valetque,
2301 4893 2438 4965 nullius
2458 4915 2532 4963 un-

509 5001 623 5071 stitoti
638 5017 783 5070 naturae
799 4995 1228 5092 imbecilliorisregtmine
1242 5019 1449 5095 putrescunt
1461 5019 1496 5074 et
1547 5030 1653 5100 quam
1668 4998 1832 5073 humoris
1849 5000 1937 5072 boni
1957 4997 2189 5070 substantiam
2205 4997 2321 5089 primo
2340 4996 2530 5067 destituere

507 5103 643 5173 febrtm
664 5104 878 5182 accendunt,
921 5124 1027 5194 quam
1049 5096 1211 5199 σύνεχον
1231 5103 1326 5201 μετὰ
1348 5099 1495 5202 σήψεως
1547 5105 1729 5179 ichoribus
1752 5118 1787 5175 ει
1807 5101 2034 5174 excrementis
2056 5101 2259 5183 asservatis,
2284 5113 2319 5170 et
2343 5123 2385 5168 eo
2402 5095 2527 5167 ordine

507 5217 648 5288 vocant,
672 5229 761 5298 quae
775 5203 844 5275 nisi
860 5203 1070 5295 profligetur
1084 5225 1232 5293 mature,
1256 5211 1406 5302 putredo
1421 5231 1494 5279 scr·
1547 5234 1649 5302 agere
1663 5230 1818 5297 semper,
1842 5203 1905 5298 qui
1927 5216 1980 5274 est
2001 5203 2191 5294 expositus.
2243 5199 2294 5272 Ut
2308 5210 2529 5271 revertamur

509 5328 597 5399 pens
619 5305 761 5377 tandem
782 5319 818 5375 et
839 5301 1006 5378 humores
1030 5308 1125 5397 ipsos
1148 5309 1298 5386 invadit.
1362 5306 1495 5381 Evenit
1548 5336 1630 5403 ergo
1660 5312 1705 5381 ad
1732 5329 1853 5379 causas
1873 5304 2089 5399 putredinis,
2124 5299 2307 5375 Aristoteli
2328 5312 2362 5370 et
2386 5295 2527 5367 Galeno

508 5404 578 5479 hoc
590 5407 715 5491 etiam,
739 5428 819 5474 cum
833 5405 1084 5497 impedimenta
1101 5422 1281 5482 meatuum
1296 5411 1494 5504 expulsioni
1547 5436 1650 5485 causa
1672 5408 1937 5504 putrefactionis
1952 5406 2127 5498 privativa
2144 5420 2196 5477 est
2209 5400 2391 5494 corruptio
2413 5393 2529 5466 nativi

508 5513 661 5582 obstant·
1546 5513 1692 5599 caloris,
1716 5511 1866 5604 positiva
1886 5509 2045 5602 proxima
2068 5509 2192 5598 igueus
2211 5506 2326 5590 calor,
2357 5502 2398 5570 in
2421 5519 2529 5591 quern

608 5611 683 5684 Nec
705 5610 744 5680 ht
774 5598 932 5700 σύνσχσς
953 5621 994 5679 ut
1018 5606 1263 5681 existimarunt
1283 5614 1394 5708 aliqui
1415 5615 1493 5707 ipso
1546 5616 1688 5687 nativus
1711 5615 1939 5686 convertitur.
2003 5608 2167 5681 Mutatur
2186 5622 2302 5679 autem
2325 5603 2466 5675 nativos
2480 5598 2531 5704 in

506 5715 684 5806 sanguine
704 5714 935 5809 putrescente.
994 5707 1185 5804 Nunquam
1215 5713 1378 5782 enimin
1402 5717 1494 5807 vasis
1545 5717 1708 5807 igneum,
1733 5727 1809 5784 tum
1825 5717 2013 5787 destitutus
2034 5709 2161 5781 caloris
2182 5706 2366 5778 influentis
2385 5700 2532 5782 auxilio,

507 5819 695 5889 putredine
709 5810 852 5908 sanquis
864 5811 1035 5901 afficitur,
1061 5812 1132 5884 nisi
1153 5836 1195 5885 eo
1210 5815 1257 5888 sit
1270 5815 1411 5886 redacta
1424 5817 1493 5886 im·
1544 5831 1621 5890 tum
1636 5815 1897 5890 circumventus
1916 5827 1951 5887 et
1974 5830 2161 5906 oppressus
2180 5821 2359 5882 extraneo.
2415 5802 2531 5899 Atque
