6025 6775
491 701 563 777 out
1051 685 1086 768 l.
1132 683 1431 762 CHRONIOON
1456 678 1708 759 CARlOle.
1761 682 1888 762 PARS
1915 683 1964 765 ll.
2444 699 2520 776 902

490 868 762 942 Pharisaeorum
780 865 1113 944 etZaddueeorum,
1139 883 1229 952 quae
1244 872 1379 951 pugnat
1396 877 1478 950 eum
1532 851 1734 940 stannes,
1767 858 1850 950 quia
1873 861 1963 929 adeo
1989 859 2151 951 exiguam
2172 883 2246 933 esse
2270 865 2450 953 videmus,
2483 884 2519 942 et

493 974 568 1061 lege
583 969 649 1040 Dei
668 994 707 1038 ac
725 965 938 1053 Evangelio,
966 979 997 1034 et
1011 965 1109 1032 iubet
1136 959 1232 1030 idola
1252 961 1380 1029 colere.
1431 953 1478 1029 Et
1532 978 1732 1048 oppressam
1757 958 1961 1048 ingentibus
1989 963 2260 1039 calamitatibus.
2312 966 2382 1038 Sed
2414 967 2517 1041 firma

493 1075 611 1142 delere
627 1094 758 1139 nomen
774 1070 837 1136 filii
852 1065 919 1136 Dei
935 1066 1050 1156 palam
1066 1056 1333 1148 conanturGog
1347 1074 1381 1132 et
1395 1055 1477 1129 Ma·
1531 1058 1740 1127 adsensione
1768 1062 1927 1151 quotidie
1958 1065 2234 1151 pronunciemus
2262 1067 2450 1139 articulum
2475 1070 2515 1141 in

492 1196 580 1262 gog,
605 1172 642 1239 id
667 1183 737 1253 est,
760 1166 868 1239 Turci
890 1180 924 1235 et
947 1167 1007 1235 alii
1023 1160 1275 1245 Mahometici,
1309 1174 1344 1230 et
1368 1160 1478 1230 stabi·
1528 1159 1707 1252 symbolo:
1733 1150 1852 1231 Credo
1874 1186 1948 1234 esse
1973 1160 2182 1235 Ecclesiam
2207 1160 2454 1251 catholicam,
2479 1185 2514 1243 et
2642 1214 2649 1224 ·

493 1276 589 1343 liunt
610 1272 705 1341 idola
729 1265 874 1360 plurimi
896 1289 1012 1356 reges,
1053 1263 1252 1355 principes,
1293 1273 1476 1331 eteorum
1528 1260 1724 1345 discamus,
1756 1286 1846 1355 quae
1868 1278 1902 1335 et
1923 1265 1988 1335 ubi
2013 1267 2058 1338 sit
2078 1291 2160 1339 vers
2184 1266 2252 1339 Dei
2273 1264 2451 1354 Ecclesia,
2476 1285 2514 1344 et

494 1376 668 1445 doctores.
728 1367 825 1437 luter
854 1363 918 1436 has
953 1365 1178 1436 confusiones
1208 1373 1325 1431 servat
1357 1375 1476 1434 tamen
1528 1383 1594 1431 nos
1617 1362 1656 1432 in
1677 1385 1754 1431 eam
1779 1364 2023 1448 includamus,
2049 1382 2085 1440 et
2107 1391 2287 1461 speremus
2312 1370 2426 1440 lilium
2441 1369 2511 1442 Dei

492 1477 592 1546 Deus
614 1473 768 1563 aliquam
790 1491 911 1537 veram
936 1464 1148 1548 Ecclesiam,
1173 1486 1264 1556 quae
1286 1475 1388 1532 sonat
1413 1487 1476 1532 ve·
1527 1483 1594 1529 nos
1618 1477 1859 1552 protecturum
1886 1480 1921 1536 et
1943 1484 2162 1539 servaturum
2187 1493 2269 1541 esse.
2319 1466 2367 1540 Et
2388 1485 2429 1541 ut
2445 1493 2512 1542 uos

492 1599 568 1646 ram
585 1571 800 1654 doctrinam,
826 1581 861 1638 et
878 1581 970 1637 recte
982 1568 1122 1636 invocat
1141 1588 1221 1633 eum
1237 1565 1275 1632 in
1295 1563 1475 1653 agnitione
1525 1574 1688 1651 protegat
1710 1577 1745 1634 et
1767 1582 1882 1638 servet
1905 1568 2064 1638 adsiduis
2090 1571 2181 1641 votis
2196 1585 2230 1642 et
2244 1571 2434 1660 gemitibus
2449 1596 2511 1663 pe-

492 1691 527 1748 et
540 1673 668 1744 fiducia
684 1672 761 1744 lilii.
814 1668 914 1739 Sicut
940 1690 1099 1758 expresse
1117 1665 1246 1734 dicitur
1263 1667 1307 1734 de
1321 1678 1474 1735 extrema
1526 1675 1654 1743 tamus,
1669 1662 1760 1733 sicut
1775 1666 1882 1739 dixit:
1906 1667 2020 1741 Nemo
2038 1671 2153 1764 capiet
2168 1695 2251 1742 oves
2266 1694 2360 1742 mess
2376 1696 2417 1742 ex
2433 1696 2510 1743 ma.

492 1790 629 1846 senecta
643 1772 784 1842 mundi:
811 1766 891 1839 Erit
907 1770 996 1839 sicut
1012 1770 1050 1838 in
1073 1759 1354 1856 diebusNohae,
1380 1787 1475 1836 uuus
1525 1762 1635 1834 nibus
1664 1763 1764 1839 meis.
2430 1769 2432 1776 '

493 1879 717 1956 adsumetur,
742 1872 831 1941 alter
855 1870 1087 1962 relinquetur.
2102 1940 2111 1957 .
2311 1893 2315 1900 ·

596 1971 859 2046 Confirmemur
871 1984 986 2041 autem
999 1967 1157 2058 exemplo
1173 1965 1366 2038 tristissimi
1382 1979 1472 2038 tem·
1749 1991 1751 1996 ·
1883 1932 1967 2007 Dm
1992 1931 2147 2014 GWW·
2227 1999 2243 2022 .-

494 2078 590 2169 poris
608 2069 812 2159 Zachariae,
837 2095 881 2141 ne
898 2071 1088 2159 cogitemus
1107 2068 1242 2138 nullam
1258 2091 1332 2172 esse
1349 2063 1472 2139 Eccle·
1745 2095 1823 2150 riuis
1840 2095 1945 2166 primas
1971 2100 2055 2170 partis
2075 2099 2291 2157 caronieorum.

1274 2662 1547 2746 secunus
1572 2664 1722 2740 rans

1138 2865 1476 2963 cflltoNlct
1517 2863 1857 2956 OARIONIS

494 3103 537 3174 ab
553 3098 711 3196 Augusto
727 3099 880 3177 Caesare
895 3126 1006 3200 usqua
1025 3101 1070 3175 ad
1086 3100 1249 3176 carolum
1264 3099 1507 3196 Magnum-
1530 3089 1705 3188 Exposita
1720 3098 1755 3164 et
1770 3102 1874 3167 aucta
1894 3116 1916 3165 a
1933 3092 2156 3191 Philippo
2180 3096 2504 3173 Melaatlmae.
2585 3089 2590 3100 ’

494 3217 497 3226 ¹
737 3243 739 3247 ’
826 3254 1043 3338 Witebergse
1064 3274 1138 3319 cum
1159 3255 1266 3338 gretie
1291 3261 1326 3315 et
1347 3245 1518 3331 privilegio
1546 3241 1588 3307 ed
1610 3243 1813 3308 sexennium.
1860 3197 1961 3310 iluna
1981 3246 2030 3313 Μ.
2043 3247 2086 3315 Ι).
2100 3247 2171 3313 DL
2545 3233 2547 3237 ⁸

1303 3450 1692 3469 ,μ

831 3593 1017 3680 Epistulam
1038 3592 1276 3659 dedicatoriam
1298 3592 1366 3670 lege
1388 3589 1421 3652 in
1443 3586 1596 3669 Epistolis
1617 3581 1688 3649 Vol.
1701 3588 1752 3649 lx.
1776 3607 1806 3666 p.
1822 3587 1916 3652 1073.

830 3732 1052 3814 Epigramma
1073 3731 1114 3795 de
1136 3725 1357 3796 Massacolsis's.
1399 3725 1546 3790 Dedimus
1567 3722 1645 3786 illud
1667 3722 1738 3786 Vol.
1752 3726 1789 3789 Χ.
1810 3741 1841 3804 p.
1856 3723 1920 3787 635
1936 3742 1986 3804 sq.

767 4077 821 4161 lp
836 4077 849 4159 i
862 4075 952 4160 ber
988 4081 1149 4164 tpquu
1161 4103 1196 4162 s,
1532 4083 1688 4159 tempore
1703 4067 1798 4159 filius
1813 4062 1880 4133 Dei
1895 4089 1931 4135 se
1947 4082 2151 4141 ostensurus
2165 4071 2271 4143 liserit
2287 4067 2507 4151 hominibus,

901 4216 904 4223 ,
1221 4243 1230 4260 .
1532 4183 1565 4238 et
1581 4182 1698 4258 postea
1714 4167 1752 4233 in
1772 4167 1841 4234 fine
1857 4169 1982 4237 mundi
1998 4168 2228 4242 iudicaturus.
2260 4173 2344 4243 ldeo
2360 4174 2506 4241 monar-

685 4244 754 4314 De
780 4246 956 4335 luam
990 4238 1276 4312 mmmm·
1531 4264 1628 4339 clsias
1649 4267 1854 4356 distinguit,
1880 4281 1921 4338 ut
1942 4284 2153 4342 monstraret
2175 4285 2314 4364 tempus
2334 4274 2507 4341 adventus

496 4352 595 4438 Cum
616 4367 746 4439 Daniel
769 4375 946 4466 quartam
973 4362 1231 4436 monarchiam
1259 4365 1421 4436 nominat
1443 4379 1478 4438 et
1531 4368 1627 4444 Filii.
1678 4371 1731 4438 Ac
1749 4368 1935 4460 praedicit,
1961 4368 2094 4442 Filium
2111 4374 2149 4440 in
2165 4364 2508 4466 quartamonarchia

498 4469 635 4562 pingit,
660 4493 734 4539 non
749 4485 885 4544 tentum
907 4468 1035 4540 slulio
1053 4466 1116 4539 aul
1132 4470 1294 4558 Augusto
1316 4490 1394 4536 eam
1417 4492 1479 4537 or·
1529 4484 1719 4541 venturum
1735 4492 1820 4540 esse.
1871 4468 2424 4562 NonigiturdefieismussDeo,
2444 4471 2506 4538 sed

499 4573 616 4652 ditur,
641 4571 700 4639 sed
719 4572 964 4660 complectitur
979 4587 1136 4662 tempus,
1163 4593 1234 4662 quo
1250 4571 1337 4639 ttrlss
1350 4562 1476 4638 Rama
1529 4585 1748 4661 expectemus
1767 4571 1872 4640 aliam
1886 4572 2017 4660 vitam,
2041 4588 2077 4645 et
2091 4574 2242 4664 sciamus
2261 4574 2351 4644 illud
2369 4586 2506 4661 tempus

467 4762 470 4767 ‚
496 4696 674 4744 summum
691 4671 877 4762 imperium
897 4676 1031 4758 tenurit,
1057 4671 1162 4742 etiam
1180 4685 1261 4740 ante
1279 4671 1370 4741 bella
1388 4671 1475 4741 civi·
1528 4673 1687 4741 melioris¹
1700 4673 1792 4743 vitae
1808 4697 1882 4741 non
1897 4675 2021 4764 procul
2036 4699 2120 4748 esse.
2144 4672 2242 4746 Haec
2259 4688 2293 4745 et
2309 4674 2377 4745 alia
2395 4672 2505 4741 multa

498 4775 555 4841 lia.
607 4769 656 4845 Et
679 4795 759 4842 casm
784 4773 873 4840 adeo
887 4775 1080 4845 terribilem
1095 4772 1401 4865 speciem-pingit,
1427 4774 1475 4841 si·
1529 4775 1783 4843 consideranda
1806 4775 1949 4844 suntin
1976 4776 2126 4846 lectione
2152 4774 2323 4853 Danielis.
2365 4773 2438 4844 Nos
2460 4776 2505 4842 ad

498 4875 640 4965 gnificat
656 4874 749 4944 bella
764 4860 901 4956 cistlla,
926 4890 962 4946 et
981 4874 1112 4946 deinde
1136 4872 1342 4957 saeviciam,
1368 4897 1473 4966 qnam
1528 4875 1653 4942 seriem
1680 4876 1876 4949 redeamus.
1936 4872 2112 4948 Usitatum
2137 4891 2187 4946 est
2209 4876 2322 4946 ordiri
2347 4889 2508 4968 quartam

498 4974 643 5069 tyranni
657 4975 696 5043 in
712 4974 778 5043 illo
793 4973 946 5064 imperio
965 4974 1003 5045 in
1020 4975 1214 5049 Ecclesiam
1238 4987 1475 5054 exercuerant,
1527 4971 1768 5045 monarchiam
1791 4969 1933 5042 alalio
1946 4979 2001 5046 vel
2020 4975 2199 5071 Augusto.
2250 4974 2508 5067 Eamjconsue'·
2614 4992 2618 5001 “

496 5078 579 5170 quia
604 5070 689 5144 hacc
712 5078 784 5145 dno
807 5075 899 5144 mala
925 5076 1090 5148 maximas
1112 5075 1326 5147 vastationes
1347 5075 1386 5143 in
1414 5097 1474 5164 ge-
1525 5078 1686 5146 tudinem
1704 5097 1770 5144 uos
1791 5097 1935 5168 quoque
1953 5080 2146 5171 sequimur.

496 5200 581 5247 nere
607 5171 764 5247 hnmano
787 5188 868 5246 ante
884 5169 1075 5264 Gotthics,
1099 5177 1308 5251 Saracerfim
1325 5188 1360 5246 et
1376 5174 1474 5244 Tun
2226 5247 2228 5250 a

496 5279 549 5351 cia
563 5292 721 5368 tempora
737 5278 904 5349 inerunt.
957 5270 1087 5348 lterum
1101 5302 1186 5352 sero
1200 5279 1474 5358 consideremus,
1823 5308 2020 5364 mmm
2044 5321 2219 5367 „mm

497 5403 606 5475 quare
629 5378 727 5452 Deus
748 5378 901 5449 voluerit
923 5389 1042 5446 notam
1073 5396 1145 5449 esse
1175 5383 1303 5452 seriem
1330 5401 1475 5448 monar-
1608 5443 1618 5465 ‚
1702 5445 1711 5464 ,
2193 5449 2203 5468 .
2379 5450 2387 5466 ι

497 5478 676 5568 chinum,
700 5481 883 5566 videficet,
908 5477 993 5571 qus,
1017 5477 1096 5548 ,up
1114 5478 1215 5564 ,ὡς’
1248 5477 1313 5552 h„
1335 5479 1473 5572 generi,
1524 5445 1585 5516 Ab
1607 5456 1755 5516 interitu
1768 5439 2096 5519 Ialssmchosntur
2116 5473 2205 5519 suns
2220 5451 2401 5544 Augusta,
2427 5469 2508 5518 cum

496 5582 650 5655 humani
671 5583 899 5655 confusiones
925 5603 999 5650 nou
1027 5579 1104 5648 fore
1128 5581 1377 5679 sempiternas,
1412 5583 1473 5652 sed
1576 5547 1740 5638 A⁰ss¹¹⁸¹⁰
1756 5547 2062 5621 lfibuuniumnl
2081 5551 2340 5647 ‘lulfflluldlnul
2358 5572 2429 5619 ⁸²¹·

497 5684 693 5775 aliqnando
709 5685 816 5756 finem
827 5686 988 5756 lutrarum
1005 5702 1089 5766 esse,
1102 5692 1136 5751 et
1152 5692 1383 5771 sequutumm
1397 5706 1475 5755 me-
1525 5678 1724 5774 lmperstor
1737 5652 1916 5754 Octavius
1924 5674 2266 5780 CassarAagastas
2282 5698 2377 5756 tenet
2396 5682 2509 5775 impe-

497 5788 626 5861 liorem
652 5779 830 5862 Ecclesiae
858 5787 978 5861 vitam.
1033 5780 1120 5855 Vult
1148 5779 1235 5852 item
1268 5776 1368 5867 sclrl,
1401 5806 1474 5878 qno
1574 5783 1671 5856 dam
1687 5783 1733 5857 ab
1748 5783 1896 5858 interitu
1912 5782 1997 5858 lolii
2022 5807 2134 5858 anuos
2150 5783 2212 5861 66.
2261 5781 2304 5855 lu
2328 5779 2385 5857 his
2408 5782 2512 5857 suuis
