6025 6775
491 629 586 707 1027
724 606 1037 689 scatent-en.
1064 603 1180 681 naa.
1209 603 1274 679 ro
1301 600 1431 674 rnsr.
1457 596 1602 677 eaor.
1631 597 1918 675 cremnos.
1945 565 2264 677 sracrxnrrx.
2410 603 2511 677 coes

490 795 694 871 Ptolemeus
712 784 833 856 scribit
855 775 1013 846 Henetos
1033 799 1106 845 esse
1128 776 1317 845 maximam
1337 787 1477 863 gentem

493 892 702 971 Sarmatiae.
761 880 1038 970 Compleverunt
1067 878 1162 945 enim
1194 899 1319 965 magna
1353 874 1480 966 spacia,

493 1021 586 1093 quae
611 1012 708 1061 nunc
737 983 970 1052 nominantur
991 977 1122 1050 Russia
1146 992 1180 1046 ct
1202 975 1365 1047 Polonia.
1420 974 1479 1041 ln-

496 1105 541 1171 de
571 1108 607 1163 et
636 1091 681 1157 ad
705 1087 804 1154 littus
830 1080 938 1150 maris
961 1077 1091 1148 Baltici
1123 1078 1226 1147 effusi
1247 1090 1351 1158 sunt,
1384 1075 1480 1142 unde

496 1189 668 1269 Ptolemei
685 1200 843 1275 ternpore
865 1203 998 1249 nomen
1017 1180 1087 1251 fuit
1106 1181 1276 1250 usitatum
1297 1179 1395 1246 sinus
1411 1173 1482 1241 Ve-

497 1294 615 1368 netici.

598 1406 740 1477 Nomen
764 1395 896 1473 Heneti
924 1419 1073 1486 prorsus
1105 1409 1146 1466 ut
1177 1407 1279 1464 sonat
1312 1392 1485 1480 significat

500 1508 672 1583 Hebraeis
690 1500 918 1591 vagabundos
934 1519 995 1565 seu
1012 1492 1201 1587 γόμαδας,
1230 1496 1292 1587 qui
1317 1495 1385 1561 late
1401 1516 1486 1580 pro.

500 1620 689 1689 cesserunt.
746 1600 828 1671 Non
866 1610 1029 1688 poterant
1065 1612 1180 1666 autem
1219 1599 1295 1663 sine
1326 1594 1486 1673 consilio,

500 1709 640 1782 iusticia
661 1720 697 1775 et
717 1701 927 1772 fortitudine
953 1711 1024 1767 tam
1044 1700 1113 1768 late
1136 1694 1314 1766 dominari
1332 1708 1365 1762 et
1380 1716 1486 1780 regna

502 1810 726 1884 constituere.
786 1800 883 1869 Haec
907 1800 951 1867 de
975 1812 1146 1869 vetustate
1171 1812 1206 1869 et
1229 1797 1358 1866 virtute
1374 1794 1486 1882 gentis

502 1912 659 1983 Henetae
677 1903 958 1976 considerentur.

603 2024 766 2113 Cumque
781 2018 923 2105 linguae
942 2014 1145 2084 discernant
1163 2026 1302 2101 gentes,
1328 2034 1489 2102 compre·

504 2126 624 2200 hendo
658 2119 892 2213 appellatione
920 2113 1141 2184 Henetorum
1175 2115 1356 2193 nationes,
1400 2135 1489 2203 quae

505 2231 666 2316 linguam
688 2222 856 2301 retinent,
881 2217 982 2286 cuius
1008 2212 1114 2283 hodie
1136 2238 1220 2284 usus
1238 2229 1289 2284 est
1306 2215 1400 2304 apud
1417 2213 1490 2282 lle·

507 2344 608 2398 netos
628 2344 766 2414 sparsos
787 2322 833 2387 ad
863 2319 982 2386 sinum
1004 2317 1111 2385 maris
1136 2316 1330 2399 Adriatici,
1365 2315 1428 2406 qui
1456 2327 1491 2382 et

508 2452 604 2498 nrrnc
631 2422 857 2514 appellantur
887 2416 1026 2487 Veneti.
1086 2416 1259 2488 Retinent
1287 2439 1419 2483 nomen
1457 2429 1492 2484 et

506 2527 639 2599 Heneti
661 2525 700 2591 in
723 2522 843 2591 littore
868 2518 1001 2588 Arctoo
1027 2518 1148 2607 lingua
1173 2519 1234 2589 illa
1259 2516 1375 2585 vicina
1401 2516 1492 2584 mari

509 2626 685 2698 Adriatici
698 2633 848 2702 mentes.

611 2759 824 2850 Quanquam
847 2767 964 2824 autem
994 2752 1033 2819 in
1056 2751 1216 2822 dialectis
1241 2753 1364 2841 exigua
1384 2750 1493 2820 dissi-

511 2863 677 2933 militudo
694 2872 762 2928 est:
789 2863 907 2925 tamen
923 2854 1070 2922 eandem
1084 2875 1157 2923 esse
1178 2854 1352 2942 originem
1368 2849 1493 2920 harum

511 2965 668 3054 gentium
695 2971 969 3029 consentaneum
995 2967 1064 3033 est,
1092 2954 1273 3046 Illyricae,
1306 2953 1495 3022 Polonicae

513 3061 779 3142 etBoiemicae‚
806 3072 839 3127 et
864 3069 1067 3126 nostrorum
1089 3052 1330 3139 Henetorum,
1354 3069 1388 3123 et
1408 3053 1495 3122 alibi

511 3162 734 3257 loquentium
749 3159 871 3228 eadem
891 3158 1024 3245 lingua.

612 3294 872 3366 Nominabatur
887 3306 1003 3361 autem
1019 3290 1105 3361 olim
1122 3303 1194 3360 tota
1213 3287 1308 3376 regio
1324 3286 1360 3354 in
1378 3288 1496 3357 littore

514 3402 613 3472 sinus
629 3395 803 3467 Adriatici
818 3390 991 3478 Venetia,
1023 3393 1187 3461 videlicet
1202 3390 1293 3458 circa
1309 3387 1496 3459 Patavium

514 3514 548 3571 et
567 3498 801 3568 vincentiam.
853 3492 901 3567 Et
916 3495 1039 3563 scribit
1055 3491 1237 3586 Polybius,
1264 3492 1303 3557 in
1318 3515 1359 3559 eo
1378 3492 1496 3562 littore

514 3602 620 3670 aliam
639 3620 711 3667 esse
725 3599 904 3684 linguam,
931 3619 1036 3687 quam
1056 3595 1100 3665 sit
1115 3593 1202 3662 alibi
1220 3594 1258 3661 in
1274 3590 1388 3664 ltalia.

616 3729 706 3801 Cum
729 3743 846 3800 autem
870 3723 993 3797 Attila
1015 3728 1191 3795 obsideret
1215 3726 1438 3819 Aquileiam,
1463 3736 1498 3793 et

515 3856 659 3922 magnas
682 3833 893 3902 vastationes
916 3830 954 3895 in
977 3828 1107 3901 vicinia
1128 3829 1257 3898 faceret
1265 3879 1275 3915 ,
1302 3827 1406 3903 multi
1431 3822 1496 3894 ho·

514 3928 628 4004 mines
644 3932 780 4005 nobiles
792 3945 826 4001 et
844 3925 984 3999 honesti
999 3940 1179 4018 sperantes
1196 3950 1232 3997 se
1255 3940 1348 3997 tutos
1365 3928 1440 3994 lore
1458 3928 1496 3994 in

514 4037 636 4128 aquis,
663 4045 881 4123 occuparunt
896 4032 935 4098 in
950 4030 1069 4099 vicino
1084 4029 1174 4098 mari
1190 4029 1325 4112 locum,
1351 4029 1414 4121 qui
1432 4029 1497 4096 ad-

514 4133 585 4207 huc
606 4150 751 4206 vocatur
771 4131 888 4206 Rirus
907 4132 1001 4203 altus
1026 4145 1061 4202 et
1081 4131 1257 4201 cumulata
1283 4152 1405 4215 arena,
1432 4132 1496 4198 do-

418 4310 421 4317 ,
515 4260 593 4306 mos
607 4246 852 4316 extruxerunt,
878 4246 913 4302 et
927 4234 1010 4303 urbi
1025 4257 1157 4305 nomen
1175 4226 1217 4302 V
1215 4228 1350 4305 erratice
1370 4253 1391 4300 a
1409 4231 1496 4299 vici-

514 4361 560 4407 na
575 4338 718 4427 regione
732 4334 950 4403 indiderunt.

617 4467 824 4547 Inchoatam
844 4491 916 4539 esse
930 4465 1208 4537 aedificationem
1222 4467 1383 4537 scribunt
1402 4489 1496 4536 anno

511 4573 686 4648 Martiani
709 4573 836 4656 tertio,
864 4569 1031 4638 videlicet
1052 4562 1302 4658 annoChristi
1325 4569 1496 4660 quadrin-

513 4678 705 4766 gentesimo
728 4671 981 4764 septuagesimo
1004 4683 1111 4747 sexto.
1164 4669 1217 4746 Ac
1231 4669 1404 4758 singulari
1422 4670 1497 4738 foe-

512 4776 646 4844 licitate
669 4775 756 4844 urbs
780 4775 867 4843 adeo
892 4771 1018 4854 crevit,
1048 4784 1087 4840 ut
1110 4769 1232 4838 multis
1248 4770 1374 4839 seculis
1393 4770 1497 4839 unica

513 4872 658 4965 urbium
672 4871 811 4959 Regina
828 4871 867 4940 in
883 4884 956 4941 toto
972 4892 1099 4960 genere
1113 4865 1269 4938 humano
1283 4871 1496 4945 antecellens

469 4991 473 4998 ’
515 4973 659 5042 caeteris
675 4971 841 5044 omnibus
856 4975 971 5043 lorma
986 4969 1252 5058 gubernationis
1268 4969 1412 5060 optima,
1438 4994 1498 5039 ex-

515 5071 676 5149 cellentia
693 5075 844 5161 artium,
869 5087 904 5145 et
916 5072 1031 5166 gloria
1048 5094 1166 5142 rerum
1183 5086 1369 5162 gestarum.

616 5205 718 5274 Anni
739 5223 823 5280 sunt
843 5222 959 5279 autem
983 5209 1028 5277 ab
1054 5202 1279 5281 inchoatione
1300 5229 1413 5299 usque
1433 5207 1497 5281 ad-

514 5306 612 5380 hunc
639 5327 774 5376 anuum
795 5304 930 5379 Christi
954 5304 1063 5377 1559.
1094 5307 1192 5374 mille
1222 5308 1397 5396 octoginta
1417 5321 1496 5384 tres.

516 5407 589 5481 Tot
609 5407 715 5479 annis
740 5427 921 5498 nunquam
945 5407 985 5480 in
1006 5407 1143 5482 externi
1164 5402 1273 5475 hostis
1290 5420 1495 5498 potestatem

507 5509 630 5593 ¹venit,
661 5506 727 5579 etsi
754 5506 865 5574 multa
893 5506 989 5576 bella
1015 5506 1114 5576 varia
1144 5505 1286 5576 fortuna
1308 5509 1431 5603 gessit,
1458 5508 1497 5574 in

514 5610 645 5700 quibus
664 5630 768 5699 saepe
791 5605 918 5675 victrix
938 5603 1130 5679 multarum
1159 5607 1356 5681 insularum
1379 5623 1412 5679 et
1433 5631 1496 5685 ur-

513 5705 614 5779 bium
627 5710 771 5784 domina
787 5707 878 5781 facta
894 5721 955 5783 est·
1373 5702 1376 5707 ⁴

1668 774 1736 843 De
1769 773 1952 867 synodo
1985 773 2367 848 Chalcedonensi.

1632 923 1740 992 Anno
1757 926 1909 994 secundo
1926 924 2096 995 Martiani
2113 924 2278 1021 Synodus
2295 925 2457 995 convenit
2471 926 2513 991 ih

1531 1024 1619 1093 urbe
1645 1016 1891 1109 Chalcedone,
1924 1049 2013 1117 quae
2040 1051 2059 1095 e
2090 1028 2234 1116 regione
2262 1025 2424 1121 Byzantii
2446 1026 2514 1093 sita

1533 1140 1601 1207 est,
1630 1126 1757 1216 inqua
1783 1127 1934 1194 sexcenti
1955 1140 1989 1194 et
2012 1128 2158 1215 triginta
2179 1127 2349 1219 Episcopi
2372 1128 2516 1195 suerunt

1533 1226 1647 1294 edicto
1677 1219 1872 1295 Marciani
1906 1225 2123 1315 imperatoris
2156 1228 2357 1312 convocati,
2390 1226 2450 1319 qui
2482 1237 2517 1293 et

1534 1328 1607 1415 ipse
1628 1326 1861 1415 disputationi
1882 1325 2062 1409 interfuit,
2088 1351 2131 1396 ne
2152 1328 2328 1398 seditiosis
2354 1326 2518 1397 tumulti-

1535 1430 1601 1496 bus
1625 1428 1770 1496 facultas
1797 1426 1940 1495 dicendi
1965 1428 2153 1517 sententias
2172 1429 2419 1518 impediretur.
2470 1422 2520 1493 Et

1537 1528 1643 1595 verba
1667 1525 1838 1596 Martiani
1863 1526 2057 1596 recitantur
2086 1525 2238 1600 distinct.
2260 1529 2337 1599 96.;
2372 1527 2449 1597 Nos
2475 1526 2521 1593 ad

1539 1628 1815 1697 confirmandam
1831 1628 1948 1716 fidem,
1975 1651 2049 1696 non
2065 1629 2110 1696 ad
2126 1629 2374 1696 ostendendam
2389 1640 2525 1719 poten-

1537 1730 1622 1797 tiam
1638 1729 1800 1820 exemplo
1814 1726 2043 1799 Constantini
2060 1727 2283 1819 imperatoris
2303 1727 2353 1817 pii
2371 1726 2523 1819 Synodo

1537 1830 1704 1900 interesse
1734 1830 1917 1913 volumus,
1951 1844 1991 1902 ut
2021 1830 2164 1901 inventa
2197 1827 2342 1898 veritate
2373 1825 2524 1895 dissidia
2569 1900 2578 1912 ‚

1538 1930 1722 2001 tollantur.

1598 2055 1603 2060 “
1640 2044 1783 2117 Dictum
1815 2061 1867 2115 est
1899 2060 2017 2117 autem
2049 2069 2155 2138 supra
2188 2070 2262 2117 non
2297 2047 2409 2117 multo
2442 2060 2526 2116 ante

1540 2144 1736 2217 Theodosii
1773 2149 1918 2216 secundi
1958 2160 2108 2218 mortem
2147 2161 2376 2218 convocatam
2416 2148 2526 2218 fuisse

1542 2248 1726 2341 Synodum
1742 2248 1887 2315 alteram
1907 2249 1950 2315 acl
1969 2243 2169 2339 Ephesum,
2194 2272 2284 2342 quae
2301 2262 2443 2339 propter
2459 2272 2525 2316 ne·

1542 2373 1617 2418 cem
1640 2346 1804 2417 Flaviani
1826 2362 1860 2417 et
1884 2349 1969 2416 alias
1994 2350 2183 2419 seditiones
2200 2352 2253 2419 ibi
2275 2362 2386 2419 motas
2404 2349 2528 2417 nomi-

1543 2465 1648 2521 natur
1665 2444 1837 2542 inceptare}
1854 2447 2032 2541 Synodus.
2065 2447 2121 2519 lbi
2133 2474 2213 2520 cum
2228 2445 2401 2544 Eutychis
2418 2450 2528 2519 factio

1543 2551 1730 2641 impediret
1752 2550 2008 2641 cognitionem,
2042 2565 2229 2622 creverunt
2254 2566 2373 2642 postca
2390 2551 2528 2620 discor-

1544 2653 1634 2725 diae.
1668 2650 1793 2720 Statim
1812 2652 1921 2739 igitur
1936 2650 2134 2723 Martianus
2149 2666 2228 2743 post
2245 2666 2394 2721 mortem
2405 2646 2529 2720 Theo-

1545 2751 1636 2821 dosii
1651 2751 1848 2852 doctrinam
1864 2748 2037 2849 Eutychis
2053 2753 2215 2843 cognosci
2231 2753 2355 2837 voluit,
2380 2766 2415 2822 et
2429 2753 2528 2843 piam

1545 2853 1771 2938 concordiam
1787 2853 1935 2923 restitui.

1648 2968 1732 3040 Fuit
1761 2964 1951 3064 Eutyches
1987 2965 2180 3040 monachus
2214 2966 2531 3061 Constantinopoli

1547 3095 1588 3141 eo
1618 3084 1793 3162 tempore,
1825 3096 1896 3165 quo
1921 3072 1990 3144 fuit
2018 3072 2070 3141 ibi
2086 3067 2296 3163 ⁸Episcopus
2315 3066 2530 3162 Nestorius,

1547 3195 1652 3265 quem
1672 3196 1752 3240 cum
1768 3174 1974 3245 damnatum
1990 3194 2063 3241 esse
2078 3172 2200 3258 sciret,
2224 3175 2323 3267 quod
2335 3174 2532 3244 contenda-

1548 3285 1602 3342 rat
1615 3268 1728 3369 λόγον
1744 3285 1882 3367 tantum
1898 3274 2038 3346 affuisse
2053 3268 2192 3345 homini
2200 3269 2344 3345 Christo
2359 3288 2533 3367 tanquam

1548 3374 1701 3456 socium,
1728 3388 1768 3445 nt
1789 3374 1892 3445 affuit
1914 3371 2016 3448 Elias
2042 3389 2077 3445 ct
2096 3375 2176 3445 aliis
2193 3376 2338 3462 sanctis,
2363 3375 2440 3467 ipse
2455 3371 2535 3447 Eu-

1548 3469 1668 3568 tyches
1691 3490 1810 3566 postea
1832 3478 1875 3545 ad
1896 3477 2108 3552 contrariam
2130 3472 2353 3571 hyperbolen
2367 3478 2535 3569 delapsus

1549 3577 1792 3647 confusionem
1809 3592 2015 3651 naturarum
2030 3578 2147 3648 finxit:
2171 3576 2271 3650 Dixit
2283 3593 2448 3650 naturam
2465 3574 2536 3649 hu-

1548 3700 1689 3746 manam
1717 3701 1921 3748 conversam
1947 3701 2019 3749 esse
2055 3679 2094 3746 in
2125 3671 2250 3776 λόγον.
2302 3678 2375 3751 Nec
2405 3680 2536 3750 tribuit

1548 3779 1778 3868 proprietates
1800 3803 1879 3849 suas
1909 3780 2037 3873 cuique
2060 3794 2227 3857 naturae:
2262 3784 2325 3852 sed
2349 3781 2537 3852 contendit

1548 3875 1615 3949 τὸν
1638 3875 1751 3976 λόγον
1772 3893 1952 3950 mortuum
1977 3903 2067 3965 esse,
2095 3895 2130 3952 et
2152 3895 2315 3953 naturam
2337 3877 2531 3950 humanam

1549 4002 1621 4048 esse
1635 3980 1747 4071 ipsam
1765 3985 1834 4052 τοῦ
1852 3975 1965 4077 λόγου
1980 3996 2157 4073 naturam,
2209 3980 2366 4073 Denique
2380 3977 2535 4046 univer-

1549 4104 1623 4150 sam
1637 4081 1837 4151 doctrinam
1851 4079 2028 4153 Ecclesiae
2043 4085 2087 4153 ‹le
2103 4079 2415 4153 communicatione
2433 4078 2539 4148 idio·

1549 4194 1685 4254 matum
1713 4182 1854 4256 delevit.
1913 4178 2046 4257 Extant
2076 4198 2152 4255 acta
2172 4180 2308 4277 Synodi
2338 4180 2437 4272 apud
2465 4176 2537 4250 Ni-

1549 4279 1752 4374 sephorum·

1653 4398 1748 4476 Utile
1769 4414 1821 4470 est
1842 4415 1959 4472 antem
1979 4403 2050 4494 piis
2070 4417 2186 4474 tenere
2207 4398 2348 4492 aliquas
2376 4398 2537 4468 illustres

1550 4502 1777 4572 refutationes
1793 4525 1974 4588 errorum,
2000 4528 2089 4597 quae
2109 4514 2192 4572 sunt
2206 4513 2368 4571 accurate
2384 4499 2539 4590 scriptae

1549 4626 1568 4672 a
1586 4597 1832 4684 Theodoreto,
1856 4604 1918 4695 qui
1934 4628 2016 4674 cum
2032 4605 2068 4672 in
2085 4601 2254 4696 Synodo,
2280 4625 2369 4695 quae
2386 4604 2537 4696 ληστρι·

1549 4699 1838 4795 xipnominatur,
1867 4705 1984 4781 officio
2013 4701 2181 4795 Episcopi
2210 4703 2341 4773 iniuste
2362 4701 2539 4793 spoliatus

1550 4818 1656 4885 esset,
1685 4806 1841 4874 nuncin
1864 4800 2145 4875 chalcedonensi
2174 4805 2357 4875 restitutus
2381 4815 2442 4873 est.
2500 4801 2539 4870 l's

1549 4919 1642 4975 recte
1657 4907 1778 4976 scribit
1794 4907 1881 4975 duas
1894 4907 1932 4974 in
1947 4901 2089 4978 Christo
2109 4919 2193 4976 nato
2217 4929 2259 4974 ex
2274 4903 2409 4992 virgine
2425 4915 2540 4974 natu-

1550 5028 1605 5076 ras
1628 5026 1719 5090 esse,
1751 5001 1884 5105 ldyor,
1918 5021 1952 5078 et
1975 5021 2191 5098 assumptam
2215 5019 2376 5077 naturam
2403 4997 2539 5073 huma-

1540 5121 1647 5191 nam,
1678 5120 1712 5177 et
1740 5122 1915 5201 utranque
1952 5110 2104 5178 retinere
2140 5130 2237 5178 suam
2269 5102 2539 5197 proprietatem,

1548 5231 1613 5279 nec
1628 5207 1825 5279 faciendam
1841 5229 1913 5276 esse
1930 5210 2174 5278 confusionem
2190 5207 2407 5278 naturarum.
2440 5203 2541 5274 Vere

1549 5320 1676 5377 natura
1697 5303 1854 5378 humane
1867 5319 1918 5374 est
1934 5330 2008 5376 non
2025 5325 2219 5399 spectrum,
2244 5311 2423 5395 assumpta
2435 5329 2458 5375 a
2477 5299 2542 5377 λό-

1548 5432 1625 5505 γῳ,
1653 5431 1717 5477 nec
1742 5421 1793 5480 est
1814 5408 1888 5494 ipsa
1905 5421 2032 5479 natura
2054 5423 2231 5499 assumpta
2246 5412 2316 5481 τοῦ
2331 5399 2444 5504 λόγου
2456 5454 2472 5495 ,
2500 5420 2545 5478 ut

1549 5522 1584 5578 et
1604 5507 1728 5577 Petrus
1748 5506 1911 5579 distinxit
1932 5523 2076 5581 naturas
2102 5513 2134 5583 1.
2151 5508 2225 5582 Pet.
2241 5507 2294 5580 4.:
2321 5505 2412 5579 Cum
2427 5502 2546 5579 Chri-

1549 5620 1623 5676 stus
1636 5626 1757 5698 passus
1771 5606 1817 5678 sit
1830 5632 1895 5699 pro
1906 5610 2010 5680 nobis
2024 5635 2139 5681 carne.
2173 5608 2221 5682 Et
2236 5613 2274 5679 in
2283 5608 2383 5681 Actis
2400 5611 2545 5701 cap.2.:

1549 5703 1631 5779 Non
1651 5694 1772 5780 relicta
1793 5723 1844 5782 est
1862 5711 1982 5784 anima
2010 5712 2087 5785 eius
2110 5713 2150 5782 in
2166 5712 2332 5813 inferno,
2365 5733 2432 5783 nec
2448 5736 2548 5808 ⁸caro
