6025 6775
489 628 563 701 885

748 838 815 906 ne
839 813 1071 904 oamtr'ceo
1097 824 1231 899 tetta.
1312 803 1320 810 ’

596 986 870 1081 supradictum
901 993 973 1066 est,
1005 980 1139 1049 infusas
1167 1002 1241 1049 esse
1271 979 1310 1048 in
1336 978 1475 1051 ltaliam

494 1109 615 1186 gentes
631 1087 779 1161 Celticas
803 1097 960 1174 tempore
976 1080 1139 1166 Camilli,
1163 1104 1246 1150 cum
1258 1081 1345 1150 urbe
1359 1078 1477 1152 Roma

495 1201 638 1265 incensa
679 1200 749 1267 est,
797 1179 1027 1275 Olympiadis
1063 1180 1310 1271 nonagesimae
1335 1194 1478 1251 octavae

495 1316 590 1365 auno
601 1288 730 1380 primo,
755 1308 851 1354 anno
865 1279 1109 1354 urbisRomae
1124 1282 1366 1352 trecentesimo
1380 1304 1478 1396 sexa-

495 1393 627 1485 gesimo
651 1388 794 1481 quinto,
819 1386 859 1451 iu
882 1407 951 1476 qua
965 1382 1189 1473 expeditione
1203 1394 1239 1452 et
1252 1376 1395 1499 Brepm
1410 1383 1478 1502 du:

422 1503 425 1512 '
494 1496 546 1565 cis
563 1489 696 1560 mentio
713 1488 770 1571 ht,
796 1499 830 1555 et
842 1479 1046 1564 Senonum,
1072 1507 1160 1573 quos
1174 1482 1281 1552 luisse
1296 1483 1382 1551 olun
1391 1483 1479 1601 Albe

495 1593 631 1663 vicinos
645 1584 740 1657 nihil
755 1586 906 1656 dubium
921 1597 983 1655 est.
1038 1582 1172 1674 Estque
1187 1583 1273 1652 urbs
1289 1579 1406 1653 Roma
1420 1608 1479 1652 m-

496 1714 599 1763 eensa
622 1713 642 1759 a
667 1688 782 1757 Gallis
807 1699 887 1754 ante
901 1684 1163 1761 Alexandrum,
1188 1696 1357 1772 regnante
1372 1686 1479 1756 Arta·

495 1815 599 1863 xerxe
621 1789 720 1859 cuius
736 1807 932 1873 cognomen
945 1784 1014 1852 fnit
1029 1775 1225 1874 Μνήμων,
1253 1806 1347 1852 anuo
1363 1808 1478 1853 nouo-

495 1891 632 1962 decimo
648 1900 834 1980 postquam
850 1878 1010 1953 Athenae
1026 1882 1238 1975 aLysandro
1253 1898 1371 1976 captae
1384 1899 1478 1996 sunt.

599 2024 754 2112 Sequuta
785 2030 837 2086 est
866 2016 934 2084 alia
961 2011 1140 2084 Celtarum
1169 2019 1362 2109 expeditio,
1409 2045 1478 2113 qua

390 2188 392 2191 a
496 2123 681 2197 Graeciam
697 2128 896 2198 vastarunt,
921 2127 954 2183 et
967 2116 1012 2182 ad
1026 2111 1182 2206 Delphos
1198 2118 1371 2189 interlecti
1386 2137 1480 2207 sunt,

495 2220 723 2317 Olympiadis
746 2216 952 2287 centesimae
969 2215 1114 2306 quintae
1131 2240 1224 2286 anno
1241 2224 1414 2306 secundo,
1439 2239 1480 2293 ut

496 2336 618 2396 narret
630 2319 837 2402 Pausanias,
861 2314 1024 2385 videlicet
1039 2330 1118 2406 post
1132 2316 1310 2387 incensam
1325 2319 1478 2391 Romam

496 2448 592 2492 anno
622 2420 812 2491 centesimo
844 2416 1005 2506 septimo.
1058 2414 1141 2484 Fuit
1171 2417 1180 2434 ‘
1206 2418 1278 2488 itur
1306 2421 1396 2491 alius
1419 2418 1479 2492 hic

496 2524 681 2602 Brennus,
706 2520 767 2612 qui
784 2515 927 2586 Galatas
948 2515 987 2582 in
1003 2512 1151 2585 Graecia
1212 2520 1332 2605 duxit,
1355 2536 1478 2593 ettru-

496 2624 628 2693 cidavit
641 2619 882 2688 Ptolemaeum
895 2612 1099 2707 Κεραυνὸν.
1155 2614 1273 2688 lulusa
1291 2633 1343 2690 est
1360 2637 1477 2694 autem

497 2738 533 2792 et
557 2725 595 2789 in
611 2720 731 2790 Asiam
751 2714 836 2787 haec
860 2715 1069 2795 multitudo,
1096 2729 1131 2786 et
1153 2740 1231 2807 pars
1255 2720 1306 2790 ibi
1322 2744 1342 2790 a
1358 2721 1479 2794 Ptole-

497 2846 596 2891 maeo
621 2819 792 2907 Evergete
812 2817 987 2886 trucidata
1007 2830 1076 2896 est,
1106 2830 1148 2887 ut
1168 2820 1291 2892 scribit
1310 2819 1478 2896 Callima·

496 2920 603 3006 chus,
629 2922 723 3011 apud
742 2941 845 3011 quem
864 2916 982 3007 inquit
995 2912 1178 2990 Phoebus:

546 3042 658 3108 Corrtra
674 3042 791 3103 bostem
807 3042 878 3099 stent
893 3042 1063 3098 communia
1080 3043 1191 3121 praelia
1207 3047 1304 3117 nobis,

547 3142 660 3207 Celtico
675 3154 861 3205 cumcontra
876 3134 1006 3201 Graecos
1020 3160 1093 3220 gens
1107 3144 1185 3232 bella
1200 3149 1342 3225 movebit,

504 3237 508 3245 ⁵
544 3244 690 3307 Titanum
707 3246 843 3314 soboles,
869 3252 1003 3301 extremo
1018 3260 1034 3299 a
1049 3242 1167 3303 cardine
1181 3256 1282 3306 terrae.

545 3345 666 3427 Effusa,
692 3346 850 3427 Hesperias
864 3356 893 3404 et
908 3343 990 3404 sedes
1006 3343 1096 3404 ellera
1110 3348 1237 3428 linquet,

546 3446 706 3532 Densaque
720 3450 762 3508 sio
777 3439 899 3510 veniens
914 3449 973 3506 late
984 3445 1081 3506 trahet
1097 3451 1232 3526 agmina,
1257 3446 1333 3508 siout

546 3544 668 3628 Spargit
682 3547 796 3610 Bruma
810 3551 894 3609 uires
910 3543 1026 3608 Boreae
1042 3549 1220 3627 spirantibus
1236 3554 1324 3609 auris.

597 3656 669 3727 Nec
692 3680 776 3725 vero
801 3658 949 3727 dubium
968 3671 1018 3727 est
1033 3659 1126 3748 apud
1142 3672 1274 3728 veteres
1289 3659 1476 3748 scriptores

496 3759 674 3831 Celtarum
690 3780 820 3825 nomen
835 3780 1021 3825 commune
1036 3760 1143 3827 luisse
1155 3759 1318 3846 gentibus
1328 3760 1364 3826 in
1377 3774 1476 3829 utra-

440 3854 447 3861 *
496 3884 563 3954 que
584 3858 660 3948 ripa
675 3853 796 3930 Rheni
812 3880 921 3950 usque
938 3859 981 3927 ad
997 3854 1180 3928 Oceanum
1197 3853 1476 3976 Occidentalem,

494 3976 529 4034 et
551 3983 661 4052 usque
677 3961 721 4029 ad
736 3957 933 4052 Harcynios
950 3972 1105 4044 montes,
1131 3959 1192 4050 qui
1209 3981 1304 4028 nuuc
1318 3955 1475 4026 Boremr-

495 4065 547 4148 ci,
572 4060 759 4150 Turingici
775 4073 808 4129 et
824 4057 996 4153 Haroyuii
1011 4062 1252 4134 nominantur.

594 4183 628 4250 A
654 4181 753 4249 clade
775 4176 954 4247 Celtarum
976 4192 1114 4268 accepta
1138 4179 1176 4246 iu
1192 4174 1340 4266 Delphis
1363 4201 1473 4271 usque

492 4285 538 4354 ad
552 4280 763 4354 Marcellum
779 4276 983 4362 Consulem,
1009 4279 1071 4368 qui
1087 4277 1261 4347 interiecit
1273 4276 1474 4349 Viridoma-

492 4409 589 4470 rum‚
622 4396 706 4453 suut
726 4380 811 4454 anni
835 4379 1023 4467 sexaginta.
1081 4375 1237 4445 Haecin
1260 4378 1398 4447 Italiam
1419 4403 1474 4448 se-

493 4489 607 4557 cunda
622 4483 802 4557 Celtarum
826 4478 1000 4569 expeditio
1024 4476 1239 4557 celebratur,
1266 4478 1304 4544 iu
1322 4497 1392 4572 qua
1407 4502 1474 4548 no.

493 4610 573 4656 men
588 4587 689 4657 ducis
707 4582 946 4654 Teutonicum
963 4601 1036 4648 esse
1054 4578 1276 4647 manifestum
1293 4593 1355 4650 est.

592 4704 626 4768 A
648 4725 730 4770 nece
746 4696 964 4769 Viridomari
989 4695 1164 4788 usquead
1188 4693 1337 4783 primam
1361 4697 1473 4768 victo.

493 4800 580 4868 riam
603 4798 831 4869 Cimbrorum
856 4800 895 4864 iu
921 4795 1041 4880 ltalia,
1071 4795 1219 4888 Syllano
1237 4790 1392 4864 Consule
1415 4798 1473 4864 in-

491 4899 656 4979 terlecto,
681 4911 762 4967 sunt
784 4896 869 4967 anni
885 4912 1026 4967 centum
1042 4909 1076 4965 et
1089 4894 1269 4965 tredecim.
1321 4891 1473 4966 Duravit

491 5012 608 5068 autem
630 4997 761 5065 bellum
777 4996 993 5071 Cimbricum
1016 5019 1035 5065 a
1052 4994 1189 5090 Syllani
1207 4994 1390 5116 consulatu
1407 5022 1472 5065 an-

490 5123 554 5167 nos
585 5110 685 5180 octo,
718 5121 827 5191 usque
854 5102 897 5168 ad
921 5097 1143 5170 consulatum
1167 5096 1275 5169 Marii
1296 5112 1472 5218 plantum,

490 5225 509 5270 a
534 5222 606 5292 quo
629 5197 770 5265 tandem
790 5202 834 5268 ad
856 5200 989 5269 llumeu
1006 5197 1156 5270 Athesin
1173 5201 1278 5272 deleti
1291 5214 1375 5272 suut
1388 5202 1472 5272 relt-

491 5298 550 5393 qui
573 5294 743 5367 exereitus
764 5293 1009 5378 Cimbrorum,
1036 5299 1240 5369 Teutonum
1265 5312 1299 5370 et
1316 5301 1471 5374 Ambro-

490 5424 589 5473 uum.
640 5393 697 5466 Sit
720 5391 827 5481 igitur
847 5390 933 5463 haec
954 5397 1057 5466 tertia
1080 5398 1118 5465 in
1137 5397 1274 5467 ltaliam
1295 5404 1470 5492 expeditio

491 5522 610 5570 earum
639 5495 816 5587 gentium,
849 5515 940 5584 quae
968 5506 1079 5562 terras
1105 5496 1151 5565 ab
1174 5496 1326 5588 Alpibus
1350 5526 1470 5574 versus

490 5621 585 5668 mare
617 5592 901 5689 septentrionale
937 5604 1145 5675 tenuerunt,

473 5682 475 5686 ¹
491 5699 635 5768 maxime
653 5697 821 5773 terribilis
836 5693 915 5766 tuit.

751 610 961 691 SCRIPTA
987 612 1064 687 PH.
1085 606 1202 683 MEL,
1226 607 1296 686 AD
1319 609 1447 691 tttsr.
1472 613 1617 694 PROF.
1642 614 1710 691 ΕΤ
1735 622 1928 702 Paltos.
1948 628 2264 716 SPECTANTIA.

2435 650 2512 723 884

1628 785 1856 864 Cimbrorum
1873 822 2003 873 nomen
2020 811 2147 882 retinet
2162 807 2398 886 Chersonesus
2410 815 2510 890 Cim-

1529 886 1637 962 brica.
1686 890 1807 986 ltaque
1821 920 1895 967 non
1909 900 2100 978 obscurum
2116 926 2179 991 est,
2206 937 2295 1005 quae
2308 937 2389 1004 gens
2402 919 2509 991 luerit

1529 984 1677 1063 Cimbri.
1727 991 1796 1062 Sed
1814 1010 1897 1068 tunc
1912 1023 2077 1092 magnam
2092 1027 2227 1098 partem
2242 1015 2374 1087 littoris
2388 1031 2508 1089 tenue-

1530 1101 1626 1159 runt.
1686 1090 1813 1163 Strabo
1836 1122 1965 1169 nomen
1986 1127 2059 1176 esse
2081 1111 2169 1182 dicit
2193 1137 2213 1181 a
2239 1113 2439 1187 Cimmeriis
2457 1121 2511 1189 ia-

1530 1202 1645 1273 ctum,
1684 1215 1772 1283 quos
1795 1218 1899 1286 supra
1923 1198 2111 1277 Thraciam
2135 1206 2302 1285 habuisse
2323 1219 2423 1287 sedes
2446 1243 2512 1288 no-

1529 1313 1612 1358 men
1636 1288 1814 1383 Bosphori
1834 1294 2019 1371 Cimmerii
2037 1318 2191 1381 testatur.
2242 1312 2290 1386 Et
2306 1314 2514 1389 Herodotus

1530 1391 1593 1459 lib.
1603 1388 1639 1464 4.
1654 1393 1804 1465 collocat
1817 1420 1877 1466 eos
1889 1399 1932 1468 ad
1942 1402 2091 1475 Araxem
2104 1410 2263 1487 fluvium.
2316 1415 2401 1491 lul.
2416 1420 2513 1492 libro

1531 1492 1667 1585 iuquit,
1700 1494 1740 1562 in
1763 1493 1915 1590 Lydiam
1944 1502 2079 1575 infusos
2106 1532 2196 1597 esse,
2229 1528 2262 1584 et
2284 1540 2305 1586 a
2326 1517 2512 1611 Lydorum

1532 1614 1612 1682 rege
1639 1591 1770 1663 iterum
1798 1598 1884 1669 inde
1915 1606 2088 1693 expulsos.
2146 1608 2429 1687 Consentaneum
2454 1634 2511 1691 est

1531 1716 1662 1763 nomeu
1684 1718 1757 1765 esse
1777 1721 1797 1766 a
1820 1696 1956 1771 Gomer
1978 1706 2052 1776 lilio
2078 1706 2220 1799 laphet‚
2245 1727 2342 1785 etex
2359 1714 2509 1791 Oriente

1529 1816 1732 1884 progressos
1753 1821 1826 1868 esse
1840 1798 2053 1876 Cimmerios
2072 1811 2117 1878 od
2140 1808 2207 1882 hoc
2229 1828 2387 1888 nostrum
2402 1820 2515 1904 littus,

1532 1895 1620 1963 sicut
1642 1907 1674 1963 et
1698 1898 1788 1965 aliae
1804 1914 1925 1987 gentes
1942 1906 2078 1977 vicinae
2092 1934 2294 2001 progressae
2311 1932 2408 1989 sunt:
2437 1919 2515 1990 Ge·

1531 2008 1604 2075 tae,
1630 1992 1719 2079 Dai,
1744 1996 1859 2091 Syevi.
1911 2001 1994 2074 Non
2015 2010 2112 2078 enim
2135 2015 2285 2085 dubium
2309 2032 2376 2103 est,
2405 2017 2515 2093 Getas

1532 2117 1605 2163 esse
1621 2092 1793 2181 Gotthos,
1818 2098 1913 2172 Daos
1927 2102 2068 2194 Dauos,
2098 2126 2132 2181 et
2147 2113 2283 2208 Syevos
2305 2142 2393 2211 quos
2416 2144 2514 2191 nunc

1532 2193 1663 2266 Succos
1686 2220 1746 2266 seu
1766 2196 1900 2271 Suedos
1922 2209 2159 2284 nominamus.
2212 2216 2376 2289 Vetustas
2396 2224 2516 2289 nomi-

1531 2296 1630 2365 navit
1654 2294 1789 2367 Suevos
1814 2315 1848 2370 et
1867 2301 2029 2380 Suionas.
2086 2311 2198 2384 Getae
2219 2318 2391 2405 significat
2415 2322 2515 2390 mili-

1531 2407 1601 2480 tes,
1625 2393 1695 2466 Dai
1712 2400 1877 2486 scientes,
1898 2402 1997 2484 Dani
2013 2406 2168 2495 ludices,
2193 2416 2300 2487 Suevi
2316 2429 2489 2511 raptores.

1631 2522 1811 2601 Teutones
1833 2530 1891 2608 hic
1913 2539 2067 2627 primum
2090 2549 2319 2623 nominantur
2343 2555 2382 2622 ia
2400 2551 2516 2629 histo·

1529 2627 1617 2695 riis·
1656 2627 1696 2697 ld
1721 2655 1853 2703 nomen
1875 2637 1914 2705 iu
1935 2654 2056 2712 nostra
2073 2646 2194 2734 lingua
2210 2671 2306 2721 nunc
2321 2657 2443 2726 multis
2458 2682 2517 2729 se·

1530 2729 1619 2797 culis
1651 2732 1779 2801 multas
1812 2750 1932 2825 gentes
1961 2747 2218 2838 complectitur.
2289 2751 2362 2824 Nec
2393 2770 2513 2829 tamen

1530 2842 1622 2899 rxtat
1641 2832 1827 2920 vestigium
1850 2839 1888 2906 in
1904 2853 2002 2912 tanto
2020 2849 2158 2935 spacio,
2183 2853 2278 2921 unde
2294 2856 2375 2923 sciri
2390 2862 2511 2947 possit,

1531 2951 1620 3021 quae
1641 2931 1749 3003 fuerit
1771 2949 1905 3008 vetusta
1927 2955 1962 3011 et
1978 2949 2162 3039 praecipua
2179 2955 2278 3021 sedes
2293 2951 2507 3035 Teutonum.

1531 3030 1629 3100 Adeo
1653 3047 1735 3103 suut
1756 3037 1937 3109 instabiles
1962 3057 1996 3112 et
2014 3048 2163 3119 caducae
2179 3076 2234 3121 res
2251 3050 2443 3140 humanae,
2468 3078 2511 3133 ut

1530 3134 1672 3200 mutatis
1694 3137 1853 3226 imperiis
1875 3165 2019 3230 magnae
2041 3163 2160 3236 gentes
2183 3153 2231 3223 ita
2251 3156 2436 3230 deleantur
2451 3177 2514 3232 aut

1529 3230 1760 3321 dissipentur,
1786 3252 1826 3309 ut
1844 3263 1909 3311 nec
1927 3258 2060 3314 veteres
2077 3272 2196 3319 earum
2214 3258 2313 3325 sedes
2329 3260 2411 3329 sciri
2428 3286 2514 3353 pos-

1529 3330 1611 3405 sint.
1660 3332 1730 3404 Sed
1756 3360 1796 3407 ex
1820 3336 1988 3415 Cornelio
2005 3344 2129 3437 Tacito
2151 3366 2185 3424 et
2200 3352 2401 3431 Ptolemaeo
2426 3389 2514 3435 con-

1529 3444 1614 3518 stat,
1640 3432 1820 3508 Teutones
1838 3439 2076 3519 Westvaliam
2096 3467 2128 3522 et
2145 3454 2317 3528 viciniam'
2329 3463 2376 3531 ad
2387 3462 2514 3536 Visur-

1530 3532 1600 3619 gim
1622 3537 1787 3610 tenuisse.
1854 3541 1945 3613 Nam
1967 3546 2154 3622 Cornelius
2177 3552 2449 3653 Teutoburgum
2473 3569 2512 3636 in

1532 3631 1733 3706 Westvalia
1764 3642 1929 3730 collocat,
1962 3649 2025 3718 ubi
2050 3650 2221 3740 Quintilii
2247 3658 2333 3730 Vari
2357 3663 2514 3754 legiones

1529 3734 1573 3801 ab
1588 3731 1776 3809 Harmiuio
1795 3745 1986 3817 trucidatae
2003 3768 2095 3821 sunt.
2145 3755 2192 3826 Et
2210 3759 2294 3830 inde
2310 3777 2361 3834 est
2379 3790 2511 3840 nomen

1529 3834 1691 3905 suburbii
1708 3842 1750 3908 ad
1766 3838 1951 3916 Coloniam
1967 3850 2140 3946 {Otubtlth

1630 3963 1743 4058 Origo
1770 3976 1924 4047 nominis
1946 3981 2013 4067 sit,
2036 4000 2075 4055 ut
2100 3990 2204 4061 multi
2219 3996 2431 4079 existimant,
2457 4001 2505 4068 ab

1527 4066 1707 4155 Ascanes,
1747 4071 1962 4164 Tuiscoues‚
2001 4088 2103 4176 quasi
2132 4092 2243 4177 dicas,
2275 4096 2323 4166 oie
2352 4095 2506 4182 lslcontb.

1526 4164 1694 4256 Legimus
1707 4185 1823 4242 autem
1835 4176 1873 4245 iu
1883 4182 1989 4250 sacris
1999 4183 2112 4273 libris,
2136 4190 2359 4264 fuisselilium
2370 4194 2510 4270 Gomer

1527 4268 1692 4340 Ascanes.
1752 4269 1801 4346 Et
1828 4281 2017 4369 appellatio
2047 4288 2109 4357 diu
2132 4292 2258 4362 mansit
2279 4295 2318 4363 iu
2338 4292 2510 4392 Phrygia,

1526 4369 1590 4438 ubi
1611 4394 1742 4441 nomen
1764 4377 1930 4454 usitatum
1950 4384 2019 4456 fuit
2033 4383 2204 4472 Ascanii,
2230 4408 2270 4464 ut
2292 4420 2335 4464 ex
2348 4394 2509 4473 Homero

1526 4469 1677 4558 intelligi
1704 4488 1829 4564 potest.
1886 4479 2104 4576 Interpretor
2130 4514 2260 4562 nomen
2289 4498 2363 4567 sive
2393 4523 2509 4572 sacer·

1527 4570 1645 4638 dotem
1669 4572 1777 4659 ignis,
1803 4580 1877 4649 sive
1898 4589 2075 4657 custodem
2093 4591 2202 4681 ignis,
2226 4596 2508 4673 videlicetsacri.

1526 4668 1705 4758 Significat
1726 4675 1832 4764 igitur
1854 4684 1958 4753 talem
1979 4689 2113 4774 virum,
2140 4694 2197 4762 cui
2222 4698 2390 4768 sacrificia
2410 4726 2509 4772 com·

1525 4772 1688 4841 mendata
1712 4777 1868 4854 suerunt.
1927 4784 2002 4858 Hac
2024 4793 2260 4881 appellatione
2282 4800 2507 4882 delectemur,

1526 4884 1560 4940 et
1583 4873 1732 4943 sciamus
1756 4888 1988 4958 reverentiam
2011 4891 2226 4982 singularem
2248 4922 2366 4970 rerum
2387 4925 2511 4973 sacra·

1524 4993 1603 5041 rum
1621 4973 1659 5041 iu
1677 4975 1747 5046 illis
1762 4987 1906 5056 vetustis
1922 4972 2260 5068 maioribushostris
2278 5002 2395 5077 fuisse.

1624 5102 1851 5184 Ambrussum
1881 5145 2012 5193 nomen
2044 5151 2190 5218 prorsus
2219 5134 2366 5210 interiit.
2436 5137 2506 5212 Sed

1523 5207 1683 5280 existimo
1698 5215 1884 5303 significari
1893 5218 2013 5294 Rheni
2027 5232 2172 5315 accolas,
2198 5231 2385 5309 Clevenses
2402 5239 2508 5312 etlu-

1523 5308 1690 5381 liacenses
1722 5329 1757 5386 et
1780 5317 1989 5411 Tencteros,
2022 5332 2122 5421 quasi
2145 5333 2260 5420 dicas,
2294 5339 2512 5428 Ambrones,

1522 5429 1575 5480 om
1600 5412 1731 5503 uteie,
1765 5420 1809 5485 ad
1832 5418 2013 5496 Rhenum.
2078 5427 2126 5501 Et
2156 5434 2314 5506 fortassis
2342 5440 2428 5514 inde
2452 5458 2510 5514 est

1521 5513 1607 5581 urbs
1622 5510 1799 5587 Embrica.
1850 5520 1932 5594 Non
1947 5531 2071 5621 procul
2086 5534 2131 5603 ab
2145 5531 2417 5630 AquisSextiis,
2440 5546 2511 5616 ubi

1185 5619 1274 5690 quae
1309 5604 1469 5676 omnium
1521 5607 1659 5680 Marius
1680 5613 1765 5683 vicit
1785 5625 1974 5698 exercitum
1992 5629 2197 5706 Teutonum
2220 5640 2510 5735 etAmhronum,

1520 5711 1605 5780 urbs
1623 5722 1673 5781 est
1690 5711 1883 5798 Ambrona.
