6025 6775
510 615 590 690 509Ι

610 785 671 862 29.
704 783 921 879 Quanquam
944 782 1043 853 Deus
1060 765 1175 870 punit*
1191 793 1349 869 peccata,
1375 793 1494 852 tamen
1549 793 1558 808 “

508 891 624 960 claves
644 912 720 958 non
742 883 874 957 habent
895 894 1099 974 potestatem
1116 881 1321 954 remittendi
1336 905 1394 953 eas
1407 905 1494 975 poe-

508 1013 572 1063 nas
587 1012 703 1081 neque
718 984 933 1080 imponendi.

609 1090 671 1160 80.
708 1091 783 1157 lmo
798 1083 950 1175 graviter
966 1082 1114 1154 laedunt
1127 1077 1313 1172 Evangelii
1329 1083 1491 1176 gloriam,

509 1189 575 1283 qui
597 1191 721 1260 docent
738 1188 849 1255 claves
865 1205 940 1253 esse
956 1195 1162 1275 potestatem
1180 1185 1388 1276 imponendi
1405 1209 1490 1279 poe-

508 1312 591 1371 nas,
617 1313 695 1359 cum
708 1287 752 1358 sit
763 1286 970 1356 mandatum
986 1286 1189 1356 remittendi
1205 1294 1345 1377 peccata
1358 1286 1476 1377 gratis.

573 1406 653 1484 ,st
694 1400 767 1473 Nec
802 1415 896 1474 recte
934 1403 1066 1473 dicitur
1095 1397 1164 1472 hoc
1190 1403 1236 1475 ab
1265 1405 1486 1491 adversariis,

506 1503 668 1576 iusticias
697 1503 840 1574 divinae
864 1525 952 1590 esse,
986 1504 1025 1572 in
1047 1503 1254 1575 remissione
1273 1506 1398 1599 culpae
1421 1530 1486 1600 pro

503 1604 652 1697 singulis
666 1605 819 1698 peccatis
831 1617 942 1676 certas
958 1627 1089 1696 poenas
1103 1604 1273 1693 infligere.

605 1725 666 1797 32.
711 1722 876 1794 Laedunt
906 1723 1010 1794 etiam
1041 1724 1190 1813 gloriam
1218 1721 1370 1811 Christi,
1406 1748 1487 1795 cum

503 1826 640 1912 dicunt,
663 1847 794 1918 poenas
806 1837 964 1897 aeternas
977 1825 1108 1895 remitti
1122 1839 1266 1920 propter
1278 1828 1377 1897 illam
1390 1850 1488 1896 com-

501 1929 747 2018 pensationem
775 1949 971 2019 poenarum
997 1928 1256 2019 temporalium.
1323 1922 1487 2000 Christus

504 2028 598 2098 euim
613 2042 665 2099 est
680 2028 795 2101 victor
809 2029 934 2101 mortis
948 2042 1119 2101 aeternae.

605 2146 667 2218 88.
702 2141 781 2218 Etsi
805 2170 929 2218 verum
952 2160 1020 2230 est,
1046 2169 1178 2240 poenas
1200 2143 1239 2215 iu
1263 2141 1329 2217 hac
1344 2145 1416 2217 vita
1430 2169 1487 2216 re-

502 2245 598 2318 mitti
616 2260 678 2318 aut
691 2248 864 2338 mitigari,
889 2248 980 2319 sicut
997 2261 1142 2340 apparet
1156 2248 1195 2314 in
1212 2243 1361 2316 historia
1378 2245 1484 2317 Nini-

464 2353 468 2366 '
500 2347 665 2419 vitamm.
716 2343 764 2419 Ει
778 2344 956 2442 Propheta
979 2349 1044 2419 ait:
1071 2344 1329 2419 Convertimini
1347 2348 1393 2419 ad
1414 2371 1484 2437 me,

503 2460 541 2520 et
553 2471 615 2539 ego
632 2461 815 2520 convertar
828 2449 874 2521 ad
890 2472 953 2520 vos
970 2461 1036 2523 etc.

606 2563 666 2639 84.
706 2564 845 2636 Tamen
864 2563 1115 2635 satisfactiones
1135 2564 1172 2636 id
1196 2588 1270 2635 non
1291 2572 1483 2646 merentur,

498 2665 561 2736 sed
577 2678 654 2736 tum
667 2666 753 2738 fides
767 2667 933 2756 impetrat
945 2664 985 2734 in
998 2665 1224 2756 poenitentia,
1252 2678 1327 2744 tum
1341 2687 1482 2734 meren-

499 2766 614 2838 turin
629 2766 847 2840 renunciatis
859 2766 934 2835 veri
948 2762 1150 2851 cultusllei,
1174 2765 1236 2859 qui
1251 2761 1383 2835 habent
1397 2788 1482 2856 pro-

497 2867 722 2949 missionem,
756 2881 792 2938 et
812 2863 937 2936 Esaiae
950 2862 1025 2935 68.:
1057 2863 1195 2956 Frange
1219 2865 1388 2937 esurienti
1416 2888 1481 2955 pa-

498 2991 598 3062 nem,
626 2983 662 3040 ct
677 2967 852 3041 Dominus
867 2966 934 3037 tibi
949 2966 1049 3037 dabit
1062 2968 1231 3061 requiem.

504 3145 508 3150 .
598 3086 660 3161 85.
694 3083 784 3154 Nam
807 3081 1060 3154 satisfactiones
1081 3097 1164 3155 sunt
1185 3082 1392 3156 traditiones
1410 3076 1481 3151 hu-

499 3205 640 3276 manae,
664 3197 854 3282 quaesunt
869 3184 963 3255 irriti
977 3185 1102 3255 cultus.

600 3289 659 3360 86.
694 3286 788 3357 111ιιι1
804 3286 908 3356 etiam
930 3285 1156 3356 falsissimum
1174 3299 1245 3376 est,
1271 3283 1480 3357 satisfactio·

498 3391 690 3465 uibustolli
702 3410 853 3483 poenas,·
870 3388 1006 3459 etiamsi
1016 3387 1101 3459 tiant
1110 3389 1148 3457 in
1159 3401 1298 3481 peccato
1307 3385 1463 3461 mortali.

601 3506 662 3579 87.
693 3506 762 3576 Sed
783 3504 866 3574 illae
886 3503 993 3573 falsae
1015 3506 1256 3596 persuasiones
1276 3507 1321 3574 de
1343 3504 1479 3575 satissa-

501 3606 679 3679 ctionibus
701 3603 784 3674 inde
805 3617 902 3676 ortae
922 3619 1023 3690 sunt,
1055 3609 1151 3699 quod
1173 3601 1382 3677 Scholastici
1402 3628 1478 3674 rem

497 3706 680 3800 politicam
692 3708 947 3777 transtulerunt
961 3708 1005 3776 ad
1020 3721 1180 3796 agentem
1195 3731 1274 3778 curn
1284 3704 1371 3793 Deo,
1397 3730 1476 3776 cum

496 3822 636 3879 tantum
658 3806 847 3900 pertineret
866 3809 910 3878 ad
925 3809 1123 3899 exemplum
1139 3832 1256 3878 eoram
1272 3803 1478 3878 hominibus

493 3905 770 3981 exhibendum.

594 4011 656 4083 88.
693 4011 745 4082 lta
767 4011 805 4079 in
828 4011 951 4080 multis
966 4010 1045 4080 aliis
1062 4009 1216 4101 negociis
1232 4011 1477 4103 imprudenter

492 4114 716 4185 confundunt
731 4112 876 4204 politica
893 4126 927 4182 et
942 4113 1147 4204 spiritualia.

592 4214 655 4288 89.
687 4214 742 4286 Βε
762 4214 887 4306 poenis
907 4207 976 4283 hoc
997 4217 1162 4303 proderat
1182 4217 1318 4284 docere.
1364 4207 1477 4282 Exer-

493 4318 565 4388 ceri
586 4341 651 4388 nos
671 4315 782 4389 aDeo
798 4313 1080 4399 afflictionibus,
1104 4328 1145 4385 ut
1160 4316 1203 4383 ad
1223 4312 1474 4404 poenitentiam

495 4439 673 4491 vocemur.
722 4415 832 4500 item,
856 4429 897 4486 ut
921 4414 1006 4482 fides
1027 4414 1066 4482 in
1086 4414 1349 4484 adflictionibus
1364 4435 1401 4482 se
1415 4438 1477 4483 ex-

496 4530 571 4587 erat
589 4529 624 4588 et
637 4533 776 4590 crescat.
827 4516 936 4599 Item,
960 4513 1113 4603 mitigari
1126 4515 1341 4585 calamitates
1355 4515 1477 4608 publi-

496 4640 553 4688 cas
565 4630 599 4689 et
612 4619 782 4711 privatas,
808 4629 952 4709 propter
965 4639 1084 4684 veram
1100 4616 1365 4707 poenitentiam.

508 4724 511 4729 ’
593 4717 655 4796 40.
688 4717 873 4793 Caeterum
890 4713 958 4788 hoc
973 4728 1127 4797 constat,
1153 4741 1271 4788 veram
1288 4717 1477 4809 poeniten·

497 4816 581 4886 tiam
598 4843 671 4890 non
687 4844 760 4891 esse
775 4821 946 4909 otiosam,
971 4820 1032 4888 sed
1049 4818 1187 4889 fructus
1202 4819 1315 4888 bonos
1331 4842 1465 4911 parere.

468 4913 471 4921 ’
599 4917 659 4994 41.
690 4916 741 4994 At
760 4922 894 4993 inactus
915 4921 969 4990 illi
993 4942 1107 5013 neque
1131 4942 1197 5011 pro
1215 4919 1336 5010 culpa,
1361 4943 1477 5013 neque

489 5040 562 5110 pro
584 5032 725 5093 aeterna
745 5036 859 5094 morte
880 5022 997 5113 precia
1013 5034 1106 5092 sunt.
1155 5017 1247 5090 Nam
1262 5012 1348 5089 haec
1364 5021 1477 5109 gloria

493 5120 644 5193 debetur
664 5117 828 5210 Christo,
858 5124 920 5216 qui
940 5122 1005 5195 ait:
1040 5118 1118 5214 Ego
1140 5145 1200 5193 ero
1222 5143 1319 5191 mors
1342 5133 1421 5207 tua,
1454 5145 1476 5191 o

491 5244 599 5298 mors.

909 5389 1059 5466 Etlsico.

592 5522 656 5597 42.
700 5519 910 5596 Aristoteles
933 5538 1027 5596 recte
1049 5523 1150 5597 dicit:
1184 5522 1292 5598 Ratio
1315 5519 1480 5596 hortatur

491 5623 537 5694 ad
558 5625 703 5717 optima.
754 5622 803 5698 Et
823 5641 944 5700 tarum
965 5648 1090 5696 verum
1110 5638 1181 5715 εει,
1206 5626 1371 5723 quodait
1383 5625 1478 5700 Pau-

489 5721 564 5801 lus:
587 5723 721 5802 Sensus
734 5728 851 5815 carnis
866 5746 965 5833 mors
980 5737 1043 5806 cst·

1140 607 1402 683 PHILIPPI
1431 602 1885 683 MELANTHONIS.

2460 607 2538 687 810

1648 776 1712 854 48.
1745 778 1829 850 Νοιι
1846 791 1939 849 recte
1954 790 2142 849 senserunt
2157 774 2287 864 Stoici,
2312 800 2435 852 omnes
2448 782 2538 854 affe·

1545 891 1621 951 ctus
1644 881 1684 948 in
1707 873 1835 951 natura
1857 874 2014 950 hominis
2036 878 2188 949 vitiosos
2205 900 2289 955 esse.
2339 875 2432 951 Nam
2447 883 2533 954 affe-

1544 994 1620 1053 ctus
1635 982 1759 1053 tollere
1775 995 1826 1055 est
1840 993 2002 1052 naturam
2015 980 2153 1055 tollere.

1543 1215 1740 1318 (XLIV.)
1780 1225 1890 1299 Alia
1932 1220 2229 1314 disputatio:
2277 1217 2327 1293 de
2353 1218 2530 1314 pertidus
2639 1283 2642 1290 ,

1540 1327 1820 1416 Psanitentiue,
1846 1336 1885 1398 et
1909 1325 1957 1399 de
1979 1325 2198 1397 discrimine
2211 1319 2529 1418 sotmfoctionrsus

1628 1435 1667 1497 et
1681 1449 1897 1519 poenorum.
1947 1431 2051 1516 (Opp.
2066 1430 2158 1499 Bau.
2175 1429 2215 1497 T.
2229 1427 2289 1496 111.
2305 1454 2338 1515 p.
2352 1433 2443 1544 sis.)
2527 1463 2530 1472 ·

1538 1578 1746 1662 Prudenter
1776 1592 2009 1663 iudicandum
2040 1604 2091 1661 est
2120 1591 2165 1661 de
2190 1590 2301 1660 veteri
2331 1588 2525 1682 partitione

1539 1690 1789 1783 poenitentiae,
1814 1695 1853 1762 in
1869 1717 1938 1788 qua
1952 1704 2023 1763 tres
2036 1705 2152 1783 partes
2165 1704 2403 1778 recensentur,
2426 1686 2525 1760 Con·

1538 1791 1656 1875 tritio,
1680 1787 1862 1863 Confessio
1880 1806 1914 1863 et
1928 1792 2140 1865 satisfactio.

1638 1891 1675 1962 2.
1715 1889 1995 1982 Improbandum
2023 1895 2119 1963 enirn
2141 1906 2209 1980 est,
2234 1893 2330 1986 quod
2351 1891 2390 1961 in
2409 1889 2523 1982 parti-

1538 1995 1605 2065 bus
1620 1992 1858 2083 poenitentiae
1873 1989 1950 2062 non'
1960 1993 2094 2065 faciunt
2110 1994 2328 2065 mentionem
2341 1992 2437 2065 fidei.

1640 2093 1676 2165 8.
1707 2088 1755 2162 Ει
1769 2091 1968 2165 Satisfactio
1991 2094 2076 2161 olim
2094 2094 2162 2164 fuit
2177 2095 2349 2189 quaedam
2361 2092 2522 2164 ecclesia·

1537 2195 1624 2267 stica
1646 2192 1854 2285 disciplina,
1885 2194 2037 2285 exempli
2057 2216 2160 2264 causa
2182 2196 2228 2265 ab
2250 2191 2437 2286 Episcopis
2459 2194 2519 2263 in·

1536 2296 1678 2381 stituta,
1710 2309 1815 2383 atque
1844 2295 1929 2366 inde
1954 2317 2085 2364 nomen
2109 2294 2148 2362 in
2161 2290 2319 2366 Ecclesia
2341 2295 2520 2389 reliquum

1535 2409 1599 2466 est.
1663 2391 1850 2469 Caeterum
1878 2397 1940 2465 illa
1963 2394 2125 2466 doctrina
2146 2394 2192 2464 de
2211 2394 2522 2483 satisfactionibus,¹

1535 2518 1641 2591 quam
1662 2520 1760 2568 nunc
1782 2500 1911 2570 docent
1924 2492 2153 2583 scholastici,
2183 2509 2256 2570 tota
2272 2495 2520 2569 commenticia

1533 2612 1569 2671 et
1581 2598 1669 2668 falsa
1683 2611 1746 2669 est.
2409 2652 2411 2656 .

1634 2698 1673 2770 4.
1713 2696 1924 2772 Retinemus
1947 2699 2057 2792 igitur
2077 2694 2359 2786 Contritionem,
2386 2699 2448 2771 sed
2472 2698 2518 2769 de

1533 2793 1600 2870 hac
1613 2814 1706 2870 recte
1723 2800 1875 2871 docendi
1887 2815 1972 2872 sunt
1985 2796 2158 2872 homines.
2308 2801 2313 2814 '

1634 2896 1668 2970 5.
1705 2897 1883 2996 Contritio
1904 2899 1968 2971 etsi
1991 2902 2218 2993 praecipuum
2243 2925 2334 2994 opus
2352 2914 2403 2971 est
2418 2899 2518 2989 legis,

1532 3015 1651 3074 tamen
1672 3025 1746 3070 non
1763 3015 1918 3071 meretur
1932 3002 2175 3070 remissionem
2188 3014 2430 3092 peccatorum,
2454 3000 2518 3088 sed

1533 3101 1636 3175 affert
1656 3115 1818 3173 mortem.
1870 3099 1924 3170 Ac
1942 3101 1973 3170 si
1991 3101 2029 3171 id
2044 3124 2134 3192 opus
2151 3100 2320 3170 eximium
2336 3099 2424 3190 legis
2438 3121 2516 3169 non

1530 3220 1686 3278 merctur
1721 3199 1980 3287 remissionem,
2019 3215 2151 3295 quanto
2181 3200 2301 3270 minus
2327 3201 2398 3271 alia
2427 3198 2517 3289 legis

1531 3329 1638 3398 opera
1652 3302 1821 3374 inferiora
1834 3317 2015 3374 merentur
2026 3301 2268 3373 remissionem
2281 3313 2515 3394 peccatorum.

1632 3409 1668 3481 6.
1702 3404 1808 3475 Fides
1828 3428 1909 3495 ergo
1931 3407 1977 3474 ad
1999 3405 2249 3476 contritionem
2270 3406 2434 3474 accedere
2451 3403 2516 3473 de-

1530 3511 1609 3594 bet,
1634 3504 1703 3578 hoc
1723 3521 1792 3585 est,
1816 3507 1944 3577 fiducia
1962 3506 2001 3575 in
2018 3501 2219 3589 Christum,
2243 3528 2431 3598 quaerere
2445 3504 2515 3591 irn-¹

1530 3622 1643 3701 petrat
1659 3608 1898 3679 remissionem
1914 3620 2137 3700 peccatorum
2153 3605 2270 3696 gratis.

1632 3709 1668 3781 7.
1693 3708 1875 3780 Confessio
1892 3721 2036 3800 propter
2052 3708 2313 3778 absolutionem
2328 3706 2515 3778 retinenda

1530 3826 1598 3899 est,
1623 3813 1682 3882 sed
1706 3811 1772 3896 ita,
1796 3825 1837 3881 ut
1857 3810 2051 3880 doceantur
2070 3804 2251 3900 homines,
2274 3807 2515 3879 enumeratio·

1529 3938 1610 3984 nem
1641 3912 1850 3983 delictorum
1881 3934 1956 3981 non
1987 3934 2060 3980 esse
2091 3911 2338 3996 necessariam,
2377 3933 2443 3980 nec
2472 3909 2515 3977 in

1528 4011 1723 4103 Evangelio
1742 4011 1906 4105 praecipi.
2067 4094 2075 4111 .

1631 4116 1666 4184 8.
1699 4111 1793 4182 Illud
1807 4111 1959 4181 maxime
1974 4115 2222 4200 praestandum
2237 4125 2297 4196 est,
2319 4124 2361 4182 ut
2373 4132 2452 4180 cum
2467 4108 2514 4178 de

1527 4213 1745 4308 poenitentia
1762 4214 1933 4298 docentur
1948 4205 2129 4292 homines,
2154 4214 2341 4302 diligenter
2356 4210 2514 4279 illustre-

1528 4330 1588 4385 tur
1612 4329 1646 4384 et
1668 4313 1805 4406 patefiat
1829 4312 1989 4381 doctrina
2010 4313 2055 4381 de
2072 4313 2152 4384 lide.
2205 4312 2290 4383 ldeo
2305 4334 2379 4380 non
2395 4321 2513 4401 partes

1529 4415 1767 4509 poenitentiae
1782 4413 1987 4505 praecipuas
2002 4413 2187 4506 ponimus,
2213 4412 2460 4483 contritionem
2477 4421 2514 4480 et

1528 4518 1648 4602 tidem,
1672 4510 2502 4610 quibuspropriarumDeoaguntconscientiae.

1630 4618 1667 4689 9.
1706 4616 1970 4690 satisfactiones
1999 4615 2244 4707 repudiamus,
2277 4612 2361 4709 quia
2388 4611 2513 4683 multis

1528 4721 1644 4791 modis
1658 4720 1849 4791 obscurant
1862 4713 2108 4810 Evangelium.

1633 4821 1692 4891 10.
1733 4818 1844 4894 Recte
1869 4819 2026 4891 fatentur
2046 4814 2261 4903 adversarii,
2292 4817 2389 4911 quud
2409 4815 2514 4894 sads-3

1529 4922 1699 4996 factiones
1713 4944 1787 4991 non
1802 4934 2006 4992 mereantur
2019 4918 2262 4992 remissionem
2277 4918 2412 5011 culpae.

1634 5022 1693 5092 11.
1742 5018 1845 5090 Falsa
1876 5034 1929 5092 est
1959 5022 2184 5111 imaginatio,
2221 5019 2356 5091 remitti
2383 5038 2516 5110 poenas

1529 5137 1705 5207 aeternas,
1729 5132 1934 5213 propterea,
1958 5123 2042 5214 quia
2056 5132 2318 5192 commutentur
2329 5119 2370 5190 in
2383 5139 2516 5213 poenas

1528 5223 1749 5316 temporales.

1634 5325 1693 5398 12.
1726 5321 1870 5394 Falsum
1892 5335 1928 5398 et
1949 5318 2018 5394 hoc
2040 5336 2110 5410 est,
2133 5336 2340 5418 potestatem
2361 5320 2515 5393 clavim

1529 5421 1662 5498 habere
1680 5428 1907 5513 mandatum,
1938 5437 1980 5496 ut
2001 5438 2136 5517 partem
2157 5425 2406 5520 temporalium
2427 5442 2516 5513 poe·

1531 5551 1659 5600 narum
1675 5526 1848 5609 remittat,
1873 5538 2009 5620 partem
2025 5527 2168 5619 irroget.

1584 5629 1586 5633 ’
1634 5627 1693 5700 18.
1726 5625 1873 5701 Falsum
1894 5641 1929 5700 et
1946 5621 2015 5701 hoc
2029 5643 2100 5712 est,
2123 5651 2230 5722 opera
2246 5626 2364 5697 debita
2380 5623 2516 5716 persol-

1531 5729 1708 5805 vereillas
1721 5753 1873 5828 poenas,
1895 5742 1931 5805 et
1944 5722 2467 5831 quidemiupeorato'mortsli·
