6025 6775
580 595 655 668 ssa
845 594 847 597 ·
1345 523 1841 674 nrsnbramonns
2257 623 2266 640 ·
2538 621 2615 695 444

685 764 748 835 11.
788 757 873 831 Non
893 755 1072 848 loquimur
1091 745 1150 818 hic
1171 749 1215 816 (¹0
1245 747 1478 822 delectatione
1509 768 1571 825 ³¹12
1624 761 1707 859 (V.)
1728 771 1836 845 Atta
1860 770 2148 871 disputatio:
2176 779 2224 856 de
2240 783 2458 863 discrimine
2471 799 2610 865 ueteris

586 871 731 951 dolore,
752 875 903 941 tactum,
927 866 1066 945 gustum
1083 875 1122 919 ³⁰
1144 850 1312 921 ⁰¹f³⁰l¹¹¹⁰
1334 855 1494 943 Pr⁰¹lm⁹
1511 879 1572 925 ⁶⁰·
1905 884 1945 948 et
1967 882 2053 952 aovi
2082 886 2326 963 Testamenti.

586 971 753 1047 mirante,
778 984 860 1030 nam
877 958 953 1026 eius
970 951 1212 1024 delectationis
1226 976 1265 1022 ac
1289 953 1425 1024 doloris
1440 978 1573 1045 organa

588 1082 670 1141 sunt
694 1062 815 1144 nervi,
839 1059 899 1127 sed
922 1054 1105 1147 loquimur
1126 1055 1170 1124 de
1200 1055 1396 1127 adfectibus
1419 1058 1575 1146 caeteris,
1625 1019 1710 1103 1¹⁰¹
1728 1058 1806 1105 ⁰⁰⁰¹
1822 1060 1898 1105 ⁰⁰¹¹
1911 1037 2092 1126 ludificet,
2115 1044 2185 1115 ¹21³
2203 1066 2309 1123 estut
2323 1052 2466 1128 iudicet.

589 1171 651 1266 qui
667 1167 821 1239 existunt
836 1159 913 1229 sine
932 1168 1107 1229 contactu.
1729 1137 1765 1209 Ξ.
1805 1135 1886 1256 llos
1908 1153 1960 1256 est
1986 1139 2164 1260 curDeut.
2181 1149 2243 1225 st.
2266 1153 2439 1244 scriptum
2461 1165 2530 1225 est:
2555 1155 2614 1228 sig

659 1255 665 1267 ’
1083 1273 1085 1278 ·
1627 1248 1749 1306 contra
1765 1249 1800 1306 te
1816 1262 1854 1306 an
1870 1250 2123 1321 testimonium.

1730 1336 1765 1406 3.
1799 1336 1885 1409 Ideo
1900 1353 2038 1429 praeter
2054 1366 2110 1429 ca,
2136 1371 2224 1441 quae
2239 1350 2282 1419 de
2297 1348 2439 1423 iusticia
2454 1354 2613 1448 Spiritus

1628 1439 1820 1509 constituta
1836 1454 1940 1526 sunt,
1965 1441 2106 1515 additae
2125 1463 2208 1519 sunt
2222 1450 2380 1523 iusticiae
2394 1458 2533 1542 carnis,
2556 1483 2614 1528 ce·

1628 1542 1809 1611 semoniae
1826 1555 1861 1612 et
1885 1542 2030 1615 iudicia.

585 1647 720 1745 Isonge
754 1654 836 1745 plus
870 1649 1115 1741 complectitur
1147 1646 1337 1739 appellatio
1370 1646 1504 1737 peccati
1536 1644 1575 1713 in
1730 1639 1766 1712 4.
1798 1640 1848 1716 Ut
1861 1665 1942 1714 caro
1956 1645 2160 1719 coerceatur
2175 1648 2214 1718 in
2229 1651 2359 1743 impiis.

586 1758 697 1827 verbo
713 1752 793 1836 Dei,
816 1776 924 1848 quarn
941 1752 981 1820 in
998 1744 1244 1841 Philosophia.
1281 1746 1366 1817 Ideo
1390 1746 1479 1837 lapsi
1493 1758 1578 1816 sunt
1731 1738 1770 1812 6.
1810 1740 1906 1832 Quia
1928 1750 2152 1838 evangelium
2182 1750 2417 1826 ministerium
2439 1759 2533 1829 vitae
2553 1775 2616 1844 est,

586 1857 752 1947 Pelagius
782 1868 816 1925 et
848 1854 998 1937 similes,
1035 1851 1097 1944 qui
1124 1862 1306 1940 peccatum
1331 1848 1370 1915 in
1394 1847 1575 1937 evangelio
1627 1841 1709 1913 ideo
1732 1839 1827 1914 nihil
1849 1847 2033 1922 constitnit
2055 1853 2099 1922 de
2114 1851 2317 1924 ramalibus
2333 1867 2368 1928 et
2379 1858 2543 1931 civilibus
2556 1862 2617 1931 iu-

586 1973 728 2030 tantum
742 1956 993 2026 intellexerunt
1015 1944 1264 2045 philosophico
1285 1970 1386 2017 more
1407 1950 1452 2018 de
1466 1949 1577 2019 actio·
1627 1943 1748 2016 stiriis.
1971 1951 1977 1956 ’

590 2062 718 2143 nibus,
744 2081 830 2152 quas
844 2056 935 2126 ratio
951 2053 1070 2133 videt,
1096 2064 1131 2121 et
1144 2050 1280 2120 iudicat
1301 2071 1375 2119 esse
1390 2050 1550 2121 viciosas.
1730 2047 1768 2119 6.
1800 2046 1912 2139 lmpie
1933 2065 2033 2123 vetus
2042 2049 2312 2127 Testamentum
2331 2056 2382 2128 sic
2396 2083 2416 2130 a
2429 2086 2524 2132 novo
2541 2064 2615 2132 dis-

693 2163 731 2231 2.
763 2158 854 2229 Nam
871 2167 1052 2246 peccatum
1069 2152 1243 2243 significat
1256 2174 1330 2220 non
1344 2154 1452 2222 modo
1467 2151 1578 2224 actio·
1628 2161 1779 2219 cernunt
1799 2145 1962 2238 Scholae,
1988 2167 2029 2224 ut
2046 2156 2157 2227 veteri
2172 2180 2319 2228 manum
2335 2172 2493 2245 tantum,
2519 2188 2616 2232 novo

589 2287 673 2345 nes,
698 2262 760 2331 sed
771 2255 980 2331 horribilem
995 2254 1261 2347 corruptionem
1276 2252 1316 2321 in
1329 2265 1466 2340 natura,
1479 2277 1577 2324 ream
1628 2249 1967 2341 concuspiscentiam
1989 2252 2171 2346 prohiberi
2191 2272 2361 2331 statuant.
2394 2283 2397 2288 ·

591 2366 666 2435 irae
681 2360 761 2436 Dei.
1732 2349 1767 2423 7.
1798 2348 1891 2421 Nam
1915 2368 1951 2426 et
1966 2356 2022 2425 lex
2038 2355 2160 2453 Moysi
2173 2360 2496 2453 concupiscentiam
2512 2379 2614 2448 vetat,

695 2466 731 2537 8.
767 2457 847 2532 Etsi
869 2457 1002 2528 Paulus
1023 2481 1098 2526 non
1126 2457 1296 2528 discernit
1322 2454 1578 2549 appellationes
1629 2464 1665 2521 et
1681 2474 1816 2521 novum
1838 2453 2108 2529 Testamentum
2130 2484 2203 2533 non
2225 2460 2319 2547 Lex,
2358 2465 2422 2533 sed
2451 2453 2612 2536 remissio

590 2565 723 2661 peccati
742 2559 925 2652 originalis
940 2571 976 2629 et
990 2557 1154 2643 actualis,
1180 2572 1298 2631 tamen
1316 2556 1499 2650 distinctio
1514 2556 1577 2627 illa
1629 2554 1762 2646 peccati
1776 2567 1839 2626 est.
1980 2570 1983 2574 ’

593 2669 751 2736 illustrat
766 2661 871 2732 Pauli
885 2659 1111 2744 sententiam,
1135 2672 1170 2731 et
1189 2659 1376 2730 retinenda
1400 2672 1468 2742 est,
1493 2657 1578 2751 quia
1731 2654 1766 2729 8.
1806 2654 2003 2748 Evangelio
2024 2657 2163 2729 iusticia
2183 2673 2219 2731 et
2229 2658 2301 2732 vita
2314 2676 2480 2734 aeternae
2495 2670 2611 2736 dona-

592 2765 728 2837 Paulus
754 2765 799 2833 de
824 2775 975 2855 utroque
999 2759 1178 2853 loquitur,
1203 2762 1248 2830 de
1270 2772 1412 2853 peccato
1430 2759 1579 2848 originis
1628 2767 1707 2839 tur,
1740 2756 1822 2828 ideo
1845 2780 1885 2827 ea
1905 2781 1985 2850 pars
2010 2758 2114 2849 legis,
2154 2784 2244 2853 quae
2263 2764 2306 2833 de
2326 2765 2433 2835 rebus
2456 2770 2613 2838 externis

593 2869 691 2937 etde
710 2864 893 2935 fructibus.
1177 2894 1179 2898 ·
1576 2917 1578 2922 .
1630 2856 1832 2942 constituit,
1857 2861 2037 2952 antiquata
2059 2874 2123 2931 est.

695 2964 731 3039 4.
757 2963 970 3055 Magnitudo
983 2961 1145 3033 beneficii
1153 2960 1286 3035 Christi
1297 2964 1337 3033 fit
1348 2961 1577 3055 conspectior.
1742 2960 1779 3035 9.
1809 2956 1863 3031 Ea
1887 2983 1968 3051 pars
1986 2974 2128 3031 nonest
2145 2962 2351 3056 antiquata,
2374 2987 2462 3059 quae
2476 2969 2614 3041 iudicat

594 3095 675 3145 cum
691 3069 893 3158 agnoscitur
910 3064 1028 3134 morbi
1043 3064 1158 3135 nostri
1174 3065 1392 3155 magnitudo.
1629 3057 1746 3126 corda.

694 3165 732 3243 5.
770 3162 1004 3258 Philosophia
1025 3165 1171 3235 moralis
1192 3163 1330 3258 quaerit
1350 3186 1490 3233 causam
1506 3159 1577 3235 bu·
1732 3160 1792 3230 10.
1828 3158 1920 3232 Nam
1935 3176 2118 3255 peccatum
2134 3162 2269 3234 remitti
2294 3187 2369 3236 non
2385 3182 2516 3259 potest,
2541 3176 2612 3242 nisi

592 3295 719 3344 manae
741 3268 976 3350 infirmitatis,
1000 3290 1064 3334 nec
1085 3278 1200 3355 potest
1217 3288 1293 3333 eam
1311 3264 1489 3350 invenire,
1513 3290 1578 3338 nec
1601 3295 1606 3376 p
1629 3256 1705 3348 lege
1719 3276 1899 3333 ostensum
1911 3265 2030 3335 suerit.

595 3370 754 3444 remedia
769 3370 869 3439 firma
884 3365 1050 3438 ostendit.
1086 3361 1182 3455 Ergo
1198 3365 1237 3436 lit
1254 3361 1483 3460 Philosophia
1497 3391 1580 3459 gra·
1602 3384 1607 3463 t
1739 3364 1799 3441 11.
1824 3361 1905 3436 Hor
1918 3379 1970 3437 est
1985 3389 2049 3437 cur
2062 3361 2259 3457 Decalogus
2274 3367 2450 3460 exigatur,
2476 3376 2614 3468 reliqua

597 3473 691 3549 tior,
725 3492 807 3537 cum
833 3469 879 3536 ad
902 3490 978 3535 eam
999 3467 1179 3536 confertur
1201 3465 1455 3555 Evangelium,
1480 3472 1579 3562 quod
1603 3468 1607 3499 '
1629 3488 1713 3556 pars
1728 3467 1815 3556 legis
1828 3491 1903 3537 non
1917 3468 2012 3539 item.

593 3580 769 3640 monstrat
784 3589 923 3635 causam
940 3565 1172 3655 infimitatis,
1197 3580 1232 3637 et
1246 3568 1346 3636 addit
1361 3571 1525 3641 remedia.
1735 3570 1795 3643 12.
1829 3566 1973 3642 lusticia
1989 3581 2025 3641 et
2038 3569 2112 3639 vita
2124 3581 2267 3640 aeterna
2282 3584 2334 3643 est
2347 3572 2490 3647 libertas
2504 3599 2613 3647 evan-

695 3668 732 3743 6.
756 3662 895 3760 ἠθικὸν
909 3664 1081 3754 significat
1093 3669 1292 3736 moderatos
1308 3681 1343 3738 et
1357 3667 1452 3739 lenes
1467 3673 1578 3742 animi
1603 3674 1607 3737 Ι
1630 3667 1751 3756 gelica.
1842 3748 1845 3755 ¹

598 3784 738 3855 motus,
763 3768 850 3840 tales
867 3766 942 3835 sine
955 3766 1025 3835 fide
1041 3760 1171 3836 habere
1186 3766 1226 3834 in
1248 3768 1384 3858 magnis
1400 3770 1579 3845 calamita·
1735 3767 1794 3838 1a.
1835 3766 1937 3837 Hanc
1966 3770 2155 3840 comitatur
2186 3774 2331 3846 libertas
2356 3779 2483 3847 utendi
2509 3783 2614 3852 rebus

595 3874 692 3947 tibus
707 3890 810 3940 nemo
825 3882 950 3962 potest.
1630 3868 1801 3948 externis,
1826 3891 1891 3959 pro
1912 3869 2059 3942 arbitrio
2084 3871 2263 3963 Spiritus,
2286 3876 2371 3970 quia
2394 3874 2541 3948 Domini
2562 3899 2616 3951 est

698 3975 732 4044 7.
759 3971 841 4042 Ideo
857 3982 897 4040 ut
910 3970 998 4039 fiant
1014 3990 1095 4039 vera
1107 3967 1185 4062 ἤθη
1199 3992 1337 4040 necesse
1352 3985 1403 4040 est
1414 3977 1579 4045 accedere
1631 3982 1724 4039 terra
1740 3981 1804 4040 etc.
2106 3984 2112 3995 '

594 4073 832 4166 cognitionem
848 4065 993 4145 Christi.
1735 4070 1795 4145 14.
1836 4070 1906 4142 Sed
1923 4071 2077 4164 Spiritus
2100 4077 2245 4149 subiicit
2257 4079 2388 4148 liberos
2409 4101 2472 4169 per
2481 4079 2613 4152 carita-

708 4174 745 4248 8.
770 4170 862 4244 Cum
877 4174 922 4241 de
938 4184 1139 4242 sauctorum
1155 4173 1358 4246 infirmitate
1375 4188 1408 4247 et
1422 4176 1580 4269 lapsibus
1631 4184 1719 4254 tem,
1740 4186 1780 4242 ut
1801 4174 1907 4242 rebus
1933 4189 2096 4261 utantur,
2119 4201 2184 4248 nec
2207 4195 2326 4251 contra
2343 4190 2523 4264 naturam,
2547 4206 2615 4253 nec

595 4279 746 4360 dicitur,
770 4296 911 4345 necesse
933 4285 984 4343 est
1005 4273 1150 4344 retineri
1166 4274 1355 4347 discrimen
1372 4280 1504 4369 peccati
1517 4303 1580 4350 ve.
1632 4286 1753 4342 contra
1771 4274 1893 4344 civiles
1908 4277 2171 4364 ordinationes,
2191 4294 2362 4373 quatenus
2379 4282 2537 4351 scandali
2553 4307 2615 4353 ra-

593 4381 701 4450 nialis
718 4392 752 4449 et
766 4375 938 4448 mortalis.
1631 4373 1683 4444 tio
1700 4374 1826 4463 poscit.
1874 4374 2208 4453 AnnoMDXXlll.

698 4479 734 4549 9.
767 4475 934 4549 Cometae
956 4500 1031 4545 non
1055 4488 1140 4545 sunt
1160 4475 1302 4558 stellae,
1334 4479 1395 4546 sed
1418 4479 1580 4552 flammae

589 1397 692 1490 (lv.)
718 1393 826 1464 Atia
854 1387 1142 1480 disputatio:
1180 1382 1228 1457 de
1250 1383 1469 1458 discrimine
1486 1408 1576 1480 peo-

800 1497 878 1564 cati
902 1491 1103 1587 originalis
1127 1496 1166 1560 et
1181 1489 1359 1559 actualis.

595 4601 734 4666 sparsae
754 4601 916 4668 amagna
937 4578 1030 4647 mole
1043 4571 1196 4658 halitus,
1220 4588 1255 4689 et
1270 4577 1425 4649 afferunt
1439 4581 1580 4653 siccita·
1632 4583 1743 4683 (Vl.)
1770 4590 1882 4660 Atia
1908 4587 2180 4684 disputatio
2208 4590 2484 4694 theologica
2504 4600 2616 4673 Pte·-

595 4690 658 4751 tes.
711 4676 795 4746 ldco
812 4702 895 4748 vere
911 4690 945 4747 et
962 4672 1106 4770 physice
1130 4675 1247 4766 inquit
1263 4673 1407 4747 Aratus:
1875 4693 1998 4784 lippi
2022 4694 2365 4768 Melantgom

678 4840 774 4985 tat
787 4840 844 4965 tt
858 4816 1448 4986 {tuttattttttttatn..
1835 4857 1895 4928 1..
1910 4862 2006 4955 ιε..
2032 4858 2405 4947 ..1............

676 4985 759 5069 μήθ’
773 4982 833 5069 εἷς,
853 4981 931 5067 μήτε
944 4982 1026 5091 daia,
1048 4986 1263 5094 naifnllovts
1281 4985 1470 5095 ξθμόωντξς,
1632 4982 1773 5072 Usitata
1789 5007 1919 5076 etfalsa
1941 5009 2123 5080 distinctio
2142 5027 2203 5095 est,
2229 5025 2299 5081 tres
2315 5033 2389 5080 esse
2412 5010 2518 5101 leges,
2543 5010 2617 5081 Na·

679 5075 799 5137 fl⁰²²⁰²
818 5071 879 5155 γὰρ
901 5093 1056 5151 ’‘⁰⁹⁰⁰’‘’W
1076 5072 1112 5136 3¹⁸
1144 5096 1295 5160 “vll‘ll'i'
1315 5074 1454 5162 ‘mmm-⁰·
1632 5105 1795 5191 turalem,
1822 5106 2013 5179 Mosaicam
2030 5125 2063 5180 et
2073 5108 2336 5202 Evangelicam.

695 5213 816 5275 Fertilis
829 5215 992 5296 Agricolae
1007 5221 1087 5278 rotis
1101 5223 1256 5299 contingat
1271 5231 1305 5280 ut
1318 5239 1426 5298 annus,
1734 5212 1769 5279 2.
1811 5203 1858 5278 Et
1882 5212 1990 5300 magis
2013 5212 2166 5303 impium
2192 5226 2261 5298 est,
2299 5216 2396 5307 quod
2429 5211 2616 5299 adfingunt

695 5311 859 5396 Nunquam
872 5321 1015 5380 crinitum
1030 5319 1166 5378 videatur
1181 5323 1214 5378 iu
1231 5326 1297 5379 sere
1316 5322 1409 5382 ndu„
1632 5305 1789 5396 singulos
1811 5325 1956 5401 propter
1978 5335 2059 5382 suae
2085 5314 2172 5403 legis
2190 5316 2472 5385 observationem
2487 5336 2615 5381 conse-

693 5412 877 5492 Nouimus,
904 5421 1057 5495 geminine
1078 5420 1209 5493 micent,
1236 5423 1372 5508 pluresve
1387 5419 1538 5503 Comesse,
1630 5424 1760 5499 quutos
1795 5433 1866 5478 esse
1904 5413 2144 5485 remissionem
2178 5429 2402 5509 peccatorum
2432 5427 2467 5484 et
2505 5414 2617 5485 vitam

694 5518 853 5599 Apparere
875 5519 972 5578 solent
995 5537 1065 5578 nom
1079 5520 1159 5580 siooo
1171 5531 1306 5598 tempore
1322 5526 1425 5585 crebri.
1630 5521 1819 5579 aeternam·

1732 5610 1768 5683 3.
1808 5609 1886 5683 Una
1903 5616 1997 5685 enim
2013 5618 2069 5687 lex
2094 5618 2240 5688 moralis
2263 5631 2314 5687 est
2337 5622 2500 5692 omnium
2522 5634 2618 5690 aeta-

1627 5720 1723 5795 tum,
1751 5713 1864 5784 donec
1880 5731 1995 5788 manet
2013 5731 2140 5790 natura
2163 5715 2366 5791 hominurn.
2410 5724 2412 5729 '
