6025 6775
854 411 1151 428 ...-...-—-..-·--...-
1168 411 1215 422 -.—.
1229 415 1236 420 -

499 721 574 802 sss
745 826 751 837 ἱ

504 903 569 973 Νο.
588 901 670 974 178.

513 998 681 1029 Μ

1325 920 1373 959 su.
1390 896 1485 958 1559.

1307 986 1477 1014 w

638 1084 715 1167 Dc
747 1080 955 1165 arcendis
983 1106 1014 1161 o
1045 1105 1185 1163 coeno
1213 1106 1245 1162 s.
1271 1085 1354 1158 etc.

575 1247 607 1298 ln
627 1243 791 1298 Orationum
809 1242 842 1296 Τ.
856 1240 892 1294 V.
910 1258 937 1311 p.
953 1241 1003 1294 153
1015 1260 1093 1312 sqq.,
1117 1238 1243 1295 Richard.
1263 1239 1299 1291 Τ.
1320 1234 1368 1290 lll.
1386 1254 1413 1306 p.
1428 1233 1489 1288 406.

605 1324 631 1367 et
643 1314 671 1365 in
685 1310 862 1367 Oretionibus
874 1309 1018 1377 postremis
1038 1329 1065 1381 p.
1081 1308 1156 1374 ton,
1173 1309 1256 1362 etiam
1270 1325 1298 1359 se
1318 1306 1415 1358 arctim
1428 1303 1489 1356 edi-

608 1392 634 1434 ta
652 1380 767 1435 Witeb.
789 1378 863 1432 1559.
897 1378 1088 1435 ctssrohotii
1107 1376 1265 1431 sibbolet.
1308 1374 1412 1431 coes.

502 1561 635 1628 Oratio
661 1552 794 1628 babitu
820 1577 845 1625 o
869 1559 957 1626 lter.
983 1557 1063 1625 oiro
1089 1556 1138 1625 D.
1166 1555 1354 1646 Georqio
1387 1551 1488 1618 Mo·

509 1663 626 1740 iore,
671 1657 793 1729 Tlteot.
825 1659 931 1727 Doct.
965 1665 1004 1727 et
1038 1651 1225 1747 Profess,
1265 1674 1350 1723 cum
1376 1652 1489 1721 Porto

508 1758 641 1851 libero,
668 1762 859 1830 Ecclesiae
881 1756 1150 1853 Vitebergensis
1175 1760 1343 1841 Pastori,
1369 1761 1407 1823 et
1422 1756 1491 1822 tri·

508 1859 572 1932 bus
605 1865 693 1932 aliis
729 1859 891 1956 pradum
924 1867 962 1929 et
1002 1864 1256 1930 testimonium
1288 1858 1490 1925 Doctorum

588 1969 630 2035 io
655 1962 852 2058 Tlteotoqia
876 1960 1066 2032 tribueret.
1117 1958 1162 2042 i,
1180 1954 1406 2027 Decembris.

504 2097 596 2179 'l'ibi
611 2111 705 2181 Deus
720 2109 954 2194 omnipotens,
978 2121 1117 2175 aeterne
1142 2119 1242 2194 pater
1259 2102 1407 2172 Domini
1423 2127 1490 2171 no-

508 2212 571 2280 stri
586 2208 663 2279 lesu
687 2207 839 2292 Christi,
865 2222 1000 2275 creator
1020 2208 1107 2273 coeli
1132 2220 1165 2276 et
1182 2220 1314 2287 terrae,
1346 2204 1490 2292 angolo-

506 2335 587 2381 rum
616 2326 650 2381 et
679 2308 884 2388 hominum,
917 2330 1096 2377 unacum
1121 2308 1194 2377 lilio
1216 2320 1277 2376 tuo
1306 2318 1489 2375 coaeterno

506 2410 662 2482 Domino
686 2427 807 2481 nostro
824 2409 901 2479 lesu
923 2404 1065 2478 Christo
1081 2410 1243 2478 crucifixo
1258 2432 1322 2499 pro
1337 2407 1442 2475 nobis
1456 2421 1490 2478 et

507 2514 731 2596 resuscitato,
764 2527 796 2581 et
821 2509 957 2600 Spiritu
980 2525 1099 2579 sancto
1123 2523 1183 2579 tuo
1209 2512 1322 2577 veraci
1347 2524 1380 2577 et
1396 2522 1489 2578 casto

506 2615 634 2704 gratias
655 2615 806 2703 agimus,
831 2635 910 2680 cum
927 2634 990 2700 pro
1006 2611 1170 2679 omnibus
1190 2610 1386 2693 beneficiis,
1413 2625 1488 2680 tum

507 2739 590 2784 vero
609 2740 674 2805 pro
690 2710 757 2783 hoc
771 2735 908 2783 summo
923 2713 1035 2795 hono,
1061 2712 1156 2804 quod
1171 2711 1284 2781 lilium
1299 2713 1402 2781 nobis
1421 2712 1490 2780 mi-

508 2815 603 2900 sisti,
635 2830 671 2885 et
689 2829 833 2907 propter
858 2837 937 2884 eum
962 2826 1139 2882 aeternam
1172 2809 1362 2881 Ecclesiam
1396 2813 1489 2881 inter

505 2915 728 3010 nos'quoque
744 2917 808 2985 tibi
824 2914 969 3001 colligis,
997 2927 1030 2983 et
1044 2914 1136 2982 veris
1153 2914 1340 3003 gemitibus
1355 2928 1389 2983 te
1408 2939 1487 2983 ora-

505 3040 596 3100 mus,
611 3030 799 3108 utscmper
813 3016 986 3085 internos
1001 3027 1178 3084 aeternam
1185 3011 1376 3085 Ecclesiam
1386 3017 1488 3085 colli-

504 3140 575 3207 gas,
591 3130 624 3186 et
640 3141 704 3187 nos
718 3118 908 3187 clementer
917 3116 1100 3204 gubernes,
1118 3117 1225 3209 idque
1235 3130 1379 3207 propter
1389 3130 1485 3186 tuam

504 3219 652 3309 gloriam
667 3220 792 3307 facias,
817 3218 908 3287 sicut
921 3217 1057 3287 dixisti:
1084 3216 1235 3307 Propter
1253 3242 1322 3301 me,
1344 3232 1487 3308 propter

503 3344 560 3390 me
574 3320 719 3406 faciam,
741 3333 782 3391 ut
797 3343 870 3389 non
885 3318 1027 3387 adficiar
1044 3318 1256 3389 contumelia
1266 3318 1286 3403 ,'
1296 3319 1378 3412 quia
1397 3332 1488 3388 certe

502 3423 681 3494 auditores
698 3436 776 3492 tuae
792 3422 972 3491 doctrinae
984 3443 1117 3505 sumus,
1138 3435 1172 3490 et
1183 3435 1215 3490 te
1230 3445 1351 3491 verum
1361 3418 1488 3506 Deum,

503 3526 566 3617 qui
590 3534 633 3595 tc'
646 3523 835 3614 patefecisti
861 3521 967 3591 misso
988 3522 1061 3590 lilio
1089 3522 1312 3607 invocamus,
1352 3536 1386 3593 et
1408 3537 1488 3594 tuae

502 3622 679 3694 Ecclesiae
703 3624 795 3694 cives
818 3646 957 3706 sumus,
983 3637 1018 3692 et
1032 3624 1244 3695 discedimus
1259 3624 1305 3692 ab
1321 3626 1488 3693 omnibus

503 3721 665 3798 hostibus
684 3725 750 3793 filii
777 3724 829 3794 tui
849 3738 883 3794 et
902 3721 1079 3794 Ecclesiae
1100 3739 1192 3798 tuac.
1242 3724 1325 3794 Non
1344 3722 1487 3794 abiicias

503 3851 568 3897 nos
581 3829 626 3896 ad
640 3839 675 3896 te
689 3828 938 3917 confugientes,
965 3850 1166 3919 quanquam
1182 3849 1302 3896 sumus
1316 3826 1487 3896 deformia

503 3921 739 4023 inscriptura,
773 3942 808 3999 et
831 3922 921 3998 hanc
944 3926 1112 3997 ieremias
1134 3952 1254 3996 vocem
1279 3929 1323 3996 od
1341 3941 1374 3997 te
1389 3928 1453 3996 atlf
1468 3971 1487 3984 -

501 4031 630 4101 rimus:
655 4028 802 4101 Nostrae
814 4030 1017 4123 iniquitates
1029 4041 1210 4099 merentur
1225 4052 1366 4120 poenas.
1416 4027 1486 4099 Sed

503 4146 543 4203 tu
556 4144 703 4225 propter
719 4154 848 4200 nomen
863 4145 963 4201 tuum
979 4131 1091 4201 nostri
1106 4131 1313 4200 miserearis.
1367 4128 1487 4219 Quare

502 4257 568 4304 ceu
595 4234 824 4322 vagabundus
858 4233 974 4303 viator
1005 4256 1025 4302 s
1052 4233 1154 4303 nobis
1188 4234 1402 4303 discessurus
1428 4232 1488 4301 es?

500 4332 647 4407 Maneto
671 4335 709 4403 in
730 4333 909 4404 domicilio
934 4347 1014 4415 tuo,
1048 4358 1138 4428 quae
1160 4359 1281 4406 vocem
1307 4335 1488 4406 doctrinae

501 4449 582 4507 tuae
598 4450 633 4507 et
649 4439 777 4527 expetit
794 4451 829 4508 et
845 4434 959 4508 discit.

601 4537 698 4609 Haec
712 4539 815 4609 initio
830 4537 979 4628 praefari
994 4559 1058 4605 nos
1069 4536 1300 4606 iustissimum
1316 4551 1377 4621 est,
1404 4537 1487 4628 quia

500 4631 542 4706 hi
557 4662 760 4728 congressus
769 4664 843 4709 non
857 4638 971 4708 solum
986 4635 1404 4729 propterdisputationes,
1425 4638 1485 4705 sed

500 4738 612 4809 multo
629 4741 738 4827 magis
751 4753 896 4829 propter
908 4738 1146 4830 precationem
1161 4734 1317 4806 instituti
1334 4746 1428 4811 sunt.

602 4835 775 4907 Addenda
793 4853 971 4909 estoutem
987 4851 1021 4907 et
1036 4849 1181 4929 propter
1190 4835 1347 4907 iuniores
1362 4839 1486 4929 dispu-

500 4938 598 5008 tatio.
648 4934 696 5006 Et
711 4941 792 5029 quia
810 4961 930 5006 recens
943 4933 1013 5007 huc
1027 4939 1133 5007 missa
1157 4951 1207 5009 est
1224 4939 1399 5030 quaestio:
1425 4941 1485 5013 An

387 5078 391 5086 ·
500 5040 546 5108 ad
567 5061 709 5109 coenam
725 5036 875 5108 Domini
897 5039 1107 5109 admittendi
1127 5038 1216 5125 sint,
1240 5041 1338 5134 quina
1355 5041 1484 5114 indici-

499 5140 568 5209 bus
581 5153 705 5233 petnnt
722 5138 963 5209 defensionem
980 5153 1041 5211 aut
1054 5165 1223 5233 poenam,
1249 5165 1310 5212 seu
1325 5159 1365 5214 nt
1386 5157 1484 5214 acto-

500 5264 575 5327 res,
597 5256 663 5312 ‘seu
675 5254 717 5312 ut
731 5243 800 5326 rei,
826 5264 907 5310 cum
928 5242 1098 5344 scriptum
1120 5245 1182 5314 sit:
1207 5239 1388 5337 Relinque
1402 5269 1482 5316 mn-

371 5432 375 5439 ·
496 5365 565 5425 nus
583 5355 684 5437 tuum
706 5356 787 5413 ante
802 5342 931 5428 altare,
955 5368 996 5414 ac
1009 5346 1118 5427 vade,
1150 5368 1190 5416 sc
1206 5345 1305 5434 prins
1323 5348 1482 5417 reconci-

494 5444 590 5513 lieris
610 5444 713 5516 fratri
732 5458 812 5531 tuo,
844 5457 878 5516 et
906 5460 1027 5535 postea
1048 5448 1183 5516 donum
1206 5443 1350 5517 olferes:
1392 5444 1479 5519 Esto
1531 5446 1697 5516 rationes.

496 5547 717 5617 consentiens
730 5546 931 5617 adversario
947 5561 1025 5628 tuo,
1053 5558 1118 5618 etc.

988 720 1150 796 nuci.
1182 718 1256 792 nn
1290 715 1585 793 ancnunis
1607 716 1639 785 Α
1662 709 1856 786 conns
1883 714 1921 788 s.
1946 734 2030 789 nc.
2113 673 2115 678 ’

1538 886 1590 954 Ac
1611 886 1837 954 meminimus
1858 899 1939 956 ante
1962 908 2074 955 annos
2096 888 2169 957 fere
2192 889 2427 980 quadraginta
2449 895 2530 964 viro

1539 986 1732 1054 clarissimo
1756 985 1902 1055 Doctori
1927 985 2147 1081 Hieronymo
2178 1012 2297 1056 veram
2320 991 2531 1085 interpreta-

1539 1088 1672 1157 tionem
1690 1101 1885 1175 pergratam
1900 1089 2027 1173 fuisse,
2054 1114 2133 1158 curn
2150 1089 2295 1182 quidam
2317 1114 2359 1158 ex
2373 1088 2531 1168 Ecclesia

1539 1189 1746 1257 universum
1763 1209 1889 1275 agmen
1907 1189 2047 1257 forense
2062 1192 2239 1261 eiicerent.

1641 1300 1850 1393 Optandum
1875 1316 1925 1372 est
1942 1306 2109 1387 omnino,
2135 1321 2175 1378 ut
2198 1331 2345 1380 censura
2360 1310 2547 1382 divinitus·

1540 1406 1701 1476 instituta
1721 1428 1841 1474 severe
1858 1420 2059 1476 exerceatur
2082 1409 2120 1476 in
2134 1404 2311 1495 Ecclesia,
2337 1412 2429 1483 sicut
2445 1414 2535 1485 scri·

1540 1521 1640 1597 ptum
1665 1520 1730 1576 est:
1765 1504 1903 1575 Sinon
1928 1509 2198 1579 annunciaveris
2222 1512 2354 1603 impio,
2388 1513 2534 1604 sangui-

1541 1633 1622 1677 nem
1639 1609 1713 1677 eius
1732 1609 1776 1675 de
1790 1631 1898 1676 manu
1918 1621 1978 1678 tua
2000 1611 2190 1703 requiram.
2240 1612 2310 1684 Sed
2328 1627 2447 1683 tamen
2465 1640 2531 1685 an-

1541 1713 1698 1779 tecedere
1714 1710 1820 1778 debet
1833 1710 2008 1798 cognitio,
2034 1726 2068 1782 et
2082 1713 2128 1784 sit
2142 1726 2237 1784 certe
2252 1715 2375 1786 iudicii
2393 1740 2531 1802 norma,

1542 1836 1606 1880 nec
1635 1811 1696 1880 liat
1725 1811 1814 1879 illud
1841 1813 1937 1903 quod
1960 1812 2105 1884 dicitur:
2140 1812 2212 1886 Dat
2237 1817 2376 1887 veniam
2404 1819 2530 1904 corvis,

1542 1926 1643 1983 vexat
1661 1935 1808 1980 censura
1826 1912 2017 1987 columbas.

1640 2026 1706 2100 Est
1728 2043 1845 2099 autem
1858 2053 1941 2100 vera
1956 2031 2081 2103 iudicii
2097 2058 2221 2106 norma
2237 2031 2340 2107 haec:
2372 2036 2530 2109 Arcendi

1542 2147 1625 2202 sunt
1640 2156 1659 2201 a
1676 2155 1784 2201 coena
1798 2131 1948 2202 Domini
1965 2159 2106 2217 omnes,
2132 2138 2195 2230 qui
2212 2139 2250 2206 in
2264 2139 2400 2210 delictis
2415 2154 2530 2211 exter-

1542 2233 1598 2302 nis
1612 2246 1851 2324 perseverant,
1878 2238 2119 2325 pugnantibus
2131 2263 2210 2307 cum
2222 2264 2306 2310 voce
2320 2242 2460 2328 divina,
2484 2244 2528 2311 de

1542 2336 1672 2427 quibus
1696 2334 1860 2403 convinci
1880 2350 2037 2426 possunt.
2089 2336 2180 2408 Nam
2193 2337 2349 2410 Ecclesia
2374 2366 2448 2411 non
2471 2343 2527 2412 in-

1541 2438 1645 2526 spicit
1666 2437 1816 2506 latebras
1839 2438 2008 2526 pectoris,
2033 2440 2094 2507 sed
2113 2439 2245 2510 iudicat
2266 2454 2408 2512 externa
2425 2446 2528 2530 fecto,

1541 2549 1577 2608 et
1601 2561 1763 2605 normam
1798 2533 1904 2608 habet
1933 2535 2148 2629 Decalogum
2178 2554 2270 2611 recto
2297 2543 2527 2625 intellectum,

1541 2661 1645 2731 quem
1661 2652 1696 2707 et
1711 2636 1844 2708 Paulus
1858 2640 2036 2726 intuetur,
2064 2641 2231 2735 inquiens
2245 2643 2289 2713 ad
2304 2640 2527 2717 Corinthios:

1540 2739 1625 2808 Non
1639 2739 1684 2808 sit
1701 2740 1847 2809 societas
1872 2765 1952 2810 cum
1967 2745 2239 2829 scortatoribus,
2267 2746 2527 2818 defraudatori-

1540 2842 1624 2922 bus,
1649 2840 1829 2910 idolorum
1853 2842 2067 2931 cultoribus,
2093 2845 2390 2917 conviciatoribus
2409 2849 2527 2919 ebrio-

1539 2943 1607 3027 sis,
1628 2942 1839 3033 raptoribus.

1640 3057 1732 3128 Cum
1762 3059 1923 3131 nominat
1951 3060 2131 3133 idolorum
2160 3064 2330 3151 cultores,
2365 3091 2527 3158 compre-

1539 3156 1665 3229 hendit
1680 3185 1827 3254 omnes,
1849 3162 1911 3255 qui
1933 3161 1972 3230 in
1997 3177 2139 3234 externa
2163 3167 2379 3256 professione
2393 3183 2453 3239 aut
2468 3169 2528 3237 in-

1539 3262 1722 3330 vocatione
1739 3263 1889 3353 primam
1901 3260 2078 3333 Tabulam
2093 3266 2249 3350 violant,
2275 3283 2314 3339 ut
2326 3270 2430 3338 multi
2444 3286 2529 3339 sunt

1537 3359 1726 3454 Epicurei,
1753 3364 1837 3432 item
1853 3358 2064 3457 Pyrrhonii,
2091 3367 2154 3460 qui
2176 3368 2247 3438 dici
2262 3367 2446 3441 Neutrales
2466 3398 2528 3442 vo-

1540 3465 1639 3548 lunt,
1666 3464 1771 3535 multi
1788 3464 2014 3556 pertinaciter
2035 3480 2070 3538 et
2087 3468 2227 3539 rabioso
2244 3472 2425 3562 pontificia
2449 3473 2528 3544 ido·

1539 3567 1573 3634 la
1594 3567 1806 3647 defendunt,
1838 3567 1944 3639 multi
1964 3567 2115 3640 fanatica
2130 3568 2443 3665 Anabaptistarum
2465 3576 2528 3644 de-

1539 3667 1724 3738 liramenta
1749 3681 1784 3738 et
1799 3668 1940 3741 similia.
1989 3669 2154 3764 Denique
2177 3698 2317 3761 omnes,
2338 3677 2528 3770 dequibus

1540 3763 1717 3837 lohannes
1731 3769 1864 3859 inquit:
1892 3764 2025 3836 Omnis
2040 3770 2103 3860 qni
2117 3795 2192 3840 non
2206 3789 2326 3846 manet
2339 3776 2377 3845 in
2395 3778 2527 3849 doctri-

1539 3894 1585 3938 na
1599 3864 1752 3951 Christi,
1780 3865 1895 3935 Deum
1911 3889 1985 3935 non
2004 3862 2121 3941 hahet.

1639 3985 1764 4058 Minus
1797 3986 1988 4055 obscurum
2015 3998 2085 4069 est,
2126 4012 2217 4081 quae
2248 3989 2338 4060 facta
2367 4009 2526 4081 pugnent

1539 4111 1620 4157 cum
1642 4089 1796 4159 secunda
1820 4085 1970 4158 Tabula.
2023 4086 2096 4177 Qui
2122 4090 2254 4161 iniuste
2271 4092 2416 4162 laedunt
2432 4091 2525 4161 alio·

1538 4213 1619 4261 rum
1639 4214 1806 4281 corpora,
1833 4189 1896 4282 qni
1919 4192 2112 4263 ostendunt
2128 4192 2354 4284 cupiditatem
2372 4195 2525 4263 nocendi

1540 4305 1574 4362 et
1593 4292 1675 4381 odia
1697 4291 1804 4359 minis
1824 4303 1886 4361 aut
1898 4291 1979 4360 aliis
1991 4293 2120 4383 signis,
2143 4295 2206 4386 qui
2221 4308 2305 4365 sunt
2319 4294 2447 4385 polluti
2464 4321 2525 4364 va·
2560 4283 2562 4287 ¹

1538 4393 1591 4484 gis
1606 4393 1830 4478 libidinibus,
1855 4392 1917 4487 qui
1934 4417 1989 4463 res
2002 4394 2153 4464 aliorum
2167 4397 2313 4490 rapiunt
2325 4408 2387 4465 aut
2399 4398 2524 4467 furan-

1539 4509 1615 4577 tur,
1641 4509 1704 4566 aut
1720 4508 1882 4567 exercent
1896 4493 2048 4567 iniustos
2062 4509 2242 4590 quaestus,
2268 4511 2311 4568 ut
2324 4498 2525 4569 foenerato-

1538 4620 1613 4683 res,
1636 4612 1668 4670 et
1684 4599 1744 4692 qui
1761 4598 2053 4670 in‘contractibus
2068 4621 2211 4691 quoquo
2234 4602 2342 4669 modo
2357 4599 2447 4669 alios
2461 4603 2525 4671 de-

1537 4699 1716 4774 fraudant.
2498 4720 2500 4725 ’

1639 4816 1727 4891 Item
1749 4786 1817 4912 qui
1833 4817 2019 4890 columniis
2040 4813 2075 4885 et
2092 4818 2270 4889 ementitis
2284 4819 2454 4893 conviciis
2470 4823 2524 4890 fa-

1537 4945 1616 4992 mae
1629 4919 1784 4990 aliorum
1797 4944 1924 4991 nocere
1937 4920 2094 4989 student.

1636 5034 1809 5109 Ebriosos
1828 5039 1932 5108 etism
1954 5036 2135 5124 adiungit,
2168 5039 2230 5130 qui
2251 5038 2363 5108 dediti
2386 5034 2524 5111 hellua-

1534 5138 1645 5222 tioni,
1670 5141 1840 5213 omittunt
1853 5138 1909 5209 sui
1926 5138 2032 5209 oflicii
2047 5139 2206 5224 labores,
2232 5164 2297 5211 nec
2314 5143 2524 5234 corporibus

1533 5241 1699 5315 tribuunt
1719 5242 1881 5313 debitum
1902 5236 2098 5324 honorem,
2123 5241 2185 5310 sed
2207 5242 2367 5314 volentes
2385 5266 2426 5311 ea
2442 5263 2523 5309 cor-

1533 5357 1724 5435 rumpunt,
1757 5356 1792 5414 et
1813 5342 2014 5432 impediunt
2043 5341 2306 5414 invocationem
2327 5355 2361 5414 et
2383 5340 2520 5411 delibe-

1631 5542 1790 5636 Cogitate
1822 5569 1928 5637 qnam
1959 5546 2071 5617 multa
2103 5561 2191 5618 tetra
2214 5547 2299 5616 vitia
2321 5541 2521 5616 nominarit

591 5644 695 5718 Hane
710 5652 951 5741 quaestionem
967 5644 1132 5736 explicari
1153 5646 1314 5732 decrevi,
1342 5673 1417 5719 non
1437 5662 1478 5721 ut
1530 5645 1679 5733 Paulus,
1708 5648 1876 5718 adversus
1896 5671 1986 5742 quae
2009 5672 2194 5720 censuram
2216 5643 2368 5745 exerceri
2385 5644 2520 5732 voluit,

493 5749 530 5816 in
546 5751 649 5820 malis
663 5751 890 5820 confirmetur
905 5739 1151 5835 prophanitas,
1176 5749 1237 5817 sed
1252 5762 1292 5820 ut
1307 5748 1376 5841 piis
1390 5773 1476 5820 con·
1528 5750 1624 5841 quod
1646 5750 1676 5819 si
1698 5749 1815 5834 lieret,
1846 5751 1972 5844 quanti
1995 5750 2134 5824 labores
2161 5745 2518 5821 marrucinorum

488 5851 615 5922 solatio
636 5850 830 5923 necessaria
851 5846 1073 5929 ostendatur,
1103 5861 1138 5920 et
1165 5871 1266 5921 error
1289 5851 1473 5928 eximatur.
1526 5850 1867 5925 ecclesiastieorum?
