6025 6775
538 600 636 676 1077

538 769 780 843 testimonium
805 767 921 853 dedit,
950 767 1214 837 dissentientem
1239 770 1284 836 ab
1306 741 1515 852 Evangelio,

537 897 656 943 veram
675 893 758 940 esse.
1214 921 1217 926 .

585 1009 588 1016 ·
639 971 869 1042 Manifestum
893 982 944 1038 est
968 985 1081 1040 autem
1102 962 1298 1036 Mahometi
1315 966 1514 1035 doctrinam

535 1071 617 1163 plus
632 1070 835 1167 quingentis
851 1071 954 1139 annis
968 1070 1195 1160 posteriorem
1220 1091 1293 1136 esse
1314 1067 1516 1157 apostolica,

476 1187 479 1192 '
536 1185 571 1241 et
599 1177 645 1244 ab
666 1173 858 1265 apostolica
873 1171 1070 1239 dissentire.

635 1273 719 1345 Non
741 1287 792 1343 est
808 1273 915 1360 igitur
933 1294 1028 1342 vera.

512 1358 521 1374 .
635 1372 730 1444 Huic
746 1377 965 1461 Argumenta
991 1385 1025 1439 et
1043 1365 1111 1439 boc
1126 1370 1293 1438 addatur:

587 1473 807 1567 lmpossibile
835 1484 885 1538 est
908 1493 979 1539 esse
1002 1467 1194 1539 Ecclesiam
1217 1469 1282 1538 Dei
1309 1483 1445 1538 coetum
1474 1493 1514 1535 ex

561 1576 715 1667 professo
742 1573 957 1642 reiicientem
981 1572 1109 1663 scripta
1135 1567 1338 1662 prophetica
1372 1584 1405 1639 et
1428 1595 1514 1662 apo·

558 1678 690 1747 stolica.
946 1749 953 1762 ,

638 1770 910 1844 Mahometistae
932 1798 972 1842 ex
1004 1775 1162 1864 professo
1191 1773 1357 1844 reiiciunt
1385 1772 1512 1862 scripta

534 1873 740 1968 prophetica
776 1888 810 1944 et
830 1874 1033 1965 apostolica.

636 1978 718 2045 Non
735 1975 844 2065 igitur
866 1988 950 2045 sunt
965 1973 1121 2045 Ecclesia
1138 1975 1213 2047 Dei.

636 2076 738 2146 Hanc
757 2077 1057 2146 confirmationem
1074 2090 1147 2146 toto
1163 2090 1302 2166 pectore
1319 2075 1511 2149 teneamus,

535 2195 570 2250 et
585 2178 741 2269 primum
760 2176 865 2246 uobis
881 2179 1196 2266 praemonitionem
1205 2174 1365 2245 Danielis
1381 2195 1512 2263 propo·

536 2301 680 2362 namus,
713 2278 855 2370 quiait:
888 2275 965 2346 lloc
987 2302 1098 2347 cornu
1123 2289 1312 2345 venturum
1338 2273 1509 2342 inclinata

533 2374 761 2465 monarchia,
797 2379 975 2470 potentius
987 2376 1130 2445 caeteris
1147 2378 1281 2465 regnis,
1306 2370 1509 2445 habitorum

534 2482 672 2564 oculos,
698 2492 732 2548 et
751 2501 946 2548 sermonem
963 2477 1256 2570 grandiloquum,
1283 2492 1317 2547 et
1332 2498 1511 2546 sermones

534 2595 655 2652 contra
684 2602 804 2649 verum
829 2576 944 2645 Deum
968 2577 1170 2648 locuturum
1196 2602 1288 2665 esse,
1320 2593 1354 2648 et
1376 2578 1507 2646 bellurn

533 2697 711 2771 gesturum
721 2689 849 2744 *contra
863 2675 1022 2762 Sanctos,
1038 2692 1072 2748 et
1087 2675 1289 2751 habiturum
1308 2680 1482 2748 victorias.

561 2857 565 2862 ¹
636 2778 732 2847 Haec
755 2778 874 2846 omnia
899 2793 1100 2867 congruunt
1121 2783 1165 2850 ad
1184 2779 1430 2851 Saraceuicum
1452 2803 1507 2846 re·

533 2905 662 2973 guum,
692 2880 786 2972 quod
811 2892 929 2948 ortum
952 2894 1002 2950 est
1024 2881 1129 2951 initio
1158 2883 1272 2953 tribus
1299 2881 1467 2951 cornibus
1489 2904 1507 2945 a

533 2982 697 3055 Romana
728 2975 933 3048 monarchia
963 2983 1095 3052 avulsis
1120 2981 1241 3076 Syria,
1280 2980 1440 3075 Aegypto
1474 2993 1509 3048 et

534 3082 666 3155 Africa.
718 3076 826 3150 Oculi
850 3104 933 3149 vero
956 3083 1154 3170 significant
1179 3085 1289 3172 legem
1312 3097 1424 3153 astute
1447 3105 1509 3148 co·

533 3187 696 3274 gitatam,
722 3196 756 3252 et
771 3205 811 3251 os
823 3182 972 3275 loquens
988 3199 1109 3255 contra
1129 3209 1251 3255 verum
1268 3184 1382 3275 Deum
1399 3183 1508 3272 signi-

520 3287 612 3355 .ficat
630 3278 864 3374 blasphemias
880 3296 1001 3352 contra
1020 3284 1132 3353 filium
1147 3286 1224 3358 Dei.

634 3383 712 3456 Hac
726 3384 969 3476 praedictione
983 3383 1145 3456 Daniiilis
1161 3383 1429 3455 commonefacti
1444 3409 1509 3471 po-

533 3501 605 3559 stea
622 3488 820 3570 videamus,
845 3486 907 3554 ubi
923 3498 958 3555 et
973 3490 1151 3579 quomodo
1176 3485 1355 3555 dissentiat
1374 3481 1507 3552 Mabo-

534 3589 621 3659 meti
634 3588 794 3658 doctrina
814 3587 988 3677 ascriptis
1013 3584 1224 3676 propheticis
1240 3600 1273 3655 ct
1295 3585 1509 3674 apostolicis,

535 3715 603 3783 qua
625 3688 967 3758 inconsideratione
990 3713 1128 3759 necesse
1147 3703 1197 3758 est
1220 3688 1371 3757 discerni
1395 3686 1505 3774 legem

536 3807 568 3863 et
585 3786 834 3879 Evangelium.
863 3801 897 3858 et
921 3811 1023 3858 usum
1046 3790 1149 3878 legis,
1186 3793 1245 3883 qui
1272 3787 1437 3878 proprius
1458 3801 1508 3855 est

533 3891 724 3960 ministerii
739 3888 935 3972 Ecclesiae,
960 3902 994 3958 et
1014 3914 1115 3958 usum
1136 3893 1330 3983 politicum.
1384 3888 1507 3976 Quan-

534 4015 639 4084 quam
664 3991 759 4060 enim
784 3990 925 4078 politica
950 3994 1120 4084 quaedam
1146 3994 1185 4061 in
1211 3994 1284 4082 lege
1308 3984 1506 4058 Mahometi

535 4092 734 4181 plausibilia
752 4104 847 4174 sunt,
874 4091 965 4161 sicut
975 4092 1103 4162 Daniel
1116 4093 1177 4179 ait,
1203 4094 1281 4163 Hoc
1297 4115 1407 4160 cornu
1422 4115 1508 4167 ocu-

534 4193 590 4263 los
614 4185 757 4261 babere:
794 4205 911 4261 tamen
935 4194 1085 4262 sciamus
1107 4176 1216 4264 tota'm
1247 4197 1355 4283 legem
1378 4188 1508 4261 Maho-

535 4290 619 4360 meti
635 4303 771 4361 tantum
789 4316 862 4361 esse
885 4293 1063 4383 politicam
1086 4297 1255 4379 sormam,
1283 4317 1376 4387 pene
1397 4292 1510 4361 Laco·

535 4392 663 4461 nicam.
694 4389 825 4461 Interea
844 4417 927 4460 vero
943 4393 1053 4461 deleri
1069 4419 1088 4463 a
1104 4391 1311 4466 Mahometo
1329 4395 1506 4484 propriam

533 4489 720 4579 Evangelii
736 4515 853 4560 vocem
872 4496 916 4561 de
932 4494 1003 4561 idio
1019 4493 1105 4578 Dei,
1128 4520 1242 4587 neque
1260 4497 1339 4588 quis
1355 4494 1419 4578 sit,
1445 4519 1505 4562 ne·

535 4617 603 4687 que
621 4616 683 4661 cur
696 4591 822 4659 missos
836 4594 897 4677 sit,
923 4608 1016 4664 recte
1031 4597 1126 4665 dicit.
1163 4595 1240 4666 Hae
1264 4600 1373 4688 igitur
1387 4594 1504 4687 Regu·

533 4697 588 4763 lae
605 4692 803 4760 firmissime
818 4704 1022 4765 teneantur:

636 4791 709 4880 Qui
732 4815 804 4859 non
825 4786 976 4866 honorat
997 4799 1129 4878 filium,
1170 4823 1242 4868 non
1271 4795 1425 4868 honorat
1447 4823 1511 4887 pa-

533 4911 634 4965 trem.

632 4992 729 5062 llaec
747 5007 796 5063 est
814 4993 884 5067 vita
902 5008 1050 5084 aeterna,
1075 5014 1115 5070 ut
1131 5016 1320 5089 agnoscant
1337 5016 1369 5070 te
1385 5025 1508 5068 verum

532 5094 669 5179 Deum,
695 5109 728 5163 et
746 5120 849 5187 quem
865 5096 990 5164 misisti
1010 5096 1121 5171 lesum
1138 5127 1209 5172 esse
1227 5095 1432 5173 Christum.

640 5199 673 5269 1.
699 5192 823 5267 lohan.
845 5203 899 5270 2.:
936 5193 1066 5267 Omnis
1088 5226 1217 5293 negans
1248 5206 1360 5272 filium
1394 5226 1509 5294 neque

531 5313 664 5390 patrem
684 5293 799 5366 babet.

635 5394 758 5468 lohan.
787 5396 864 5468 tt:
890 5394 1003 5465 Nemo
1029 5398 1125 5466 venit
1148 5407 1190 5471 ad
1206 5419 1339 5494 patrem
1358 5405 1427 5474 nisi
1446 5426 1509 5494 per

532 5499 657 5568 lilium.

635 5594 761 5670 loban.
777 5600 830 5668 de
860 5597 934 5687 Qui
951 5623 1022 5667 non
1040 5601 1151 5668 credit
1168 5602 1235 5670 iam
1253 5606 1428 5677 iudicatus
1444 5618 1506 5691 est,

530 5699 613 5793 quia
629 5724 703 5769 non
719 5702 830 5773 credit
844 5701 882 5769 in
899 5701 1120 5791 unigentium
1137 5702 1249 5772 filium
1265 5704 1342 5777 Dei.

1096 594 1124 669 l.
1176 587 1470 670 CHRONlCON
1493 587 1738 662 CARlONlS.
1791 587 1918 664 PARS
1947 588 1993 666 ll.

2457 595 2553 670 tots

1672 757 1776 828 ltem:
1804 757 1878 846 Qui
1901 784 1974 828 non
1995 762 2105 832 credit
2130 763 2223 845 filio,
2249 787 2323 833 non
2343 766 2475 837 videbit
2494 769 2549 835 vi·

1571 875 1660 947 tam,
1683 863 1743 929 sed
1758 862 1809 930 ira
1825 860 1892 930 Dei
1909 878 2027 934 manet
2050 888 2155 955 super
2175 890 2266 934 eum.

1676 958 1939 1038 scotinus:
1958 965 2247 1036 Fundamentum
2262 967 2359 1038 aliud
2372 967 2455 1058 poni
2474 991 2547 1036 non

1570 1076 1684 1156 potest
1698 1076 1836 1151 praeter
1850 1065 1886 1134 id
1903 1067 1997 1158 quod
2015 1067 2169 1157 positum
2186 1082 2248 1152 est,
2266 1070 2362 1161 quod
2375 1082 2424 1136 est
2432 1060 2547 1137 Chri-

1567 1173 1647 1234 stus
1672 1159 1790 1256 Iesos.
1902 1207 1904 1210 ψ

1680 1263 1747 1332 His
1770 1266 1963 1355 perspicuis
1986 1282 2017 1336 et
2042 1267 2151 1337 firmis
2177 1271 2389 1341 testimoniis
2415 1273 2544 1341 muniti

1568 1390 1769 1435 execremur
1790 1362 2057 1453 Mahometnm,
2094 1372 2153 1461 qui
2190 1372 2344 1462 primum
2376 1374 2543 1460 negatio

1567 1462 1710 1535 Christo
1727 1490 1799 1535 esse
1815 1471 1902 1536 duas
1917 1480 2071 1551 naturas,
2084 1475 2186 1561 nc'gat
2205 1468 2289 1542 haec
2301 1474 2411 1543 dicta:
2431 1472 2543 1542 Mun-

1569 1569 1634 1634 dus
1650 1565 1840 1656 peripsum
1856 1570 1967 1638 sactus
1983 1584 2048 1640 est:
2072 1567 2271 1664 Antequam
2281 1570 2461 1643 Abrabam
2477 1599 2542 1643 na-

1568 1679 1624 1736 tus
1639 1679 1710 1750 est,
1736 1688 1798 1755 ego
1816 1690 1906 1735 sum.
1942 1665 2080 1739 Deinde
2094 1674 2137 1740 de
2153 1676 2265 1743 causis
2282 1675 2461 1744 missionis
2477 1700 2541 1745 au·

1566 1768 1749 1837 dacissime
1774 1778 1877 1855 negat
1898 1763 2079 1840 Christum
2105 1774 2249 1843 missum
2276 1800 2366 1860 esse,
2402 1792 2441 1848 ut
2466 1779 2541 1846 eius

1566 1890 1661 1937 mors
1676 1869 1721 1937 sit
1736 1868 1892 1958 precium
1917 1892 1982 1957 pro
2005 1874 2153 1960 peccatis
2169 1878 2316 1961 nostris,
2342 1892 2382 1947 ut
2397 1893 2542 1968 propter

1566 1995 1646 2039 eum
1670 1972 1799 2039 dentur
1821 1967 1980 2038 remissio
2005 1987 2243 2060 peccatorum,
2273 1978 2457 2067 imputatio
2481 1980 2538 2048 iu-

1565 2072 1695 2153 sticiae,
1710 2069 1864 2160 Spiritus
1880 2085 2032 2151 sanctus,
2057 2086 2089 2141 et
2107 2068 2302 2147 haereditas
2319 2080 2411 2148 vitae
2427 2094 2539 2150 aeter-

1565 2196 1642 2245 nae.
1693 2169 1804 2261 Negat
1819 2195 1882 2261 pec
1896 2196 1976 2240 eum
1995 2186 2027 2241 et
2044 2188 2189 2262 propter
2203 2201 2283 2246 eum
2298 2176 2376 2247 fieri
2392 2181 2539 2250 resusci-

1564 2274 1731 2344 tationem
1749 2287 1981 2343 mortuorum.
2008 2271 2119 2362 Negat
2134 2269 2223 2343 banc
2240 2302 2361 2345 vocem
2375 2276 2537 2372 Prophe-

1565 2388 1678 2444 tarum
1702 2388 1735 2443 et
1749 2369 2017 2465 Apostolorum:
2044 2371 2157 2444 Ponet
2184 2378 2339 2445 animam
2356 2403 2453 2448 suam
2470 2378 2539 2449 ho-

1562 2476 1664 2546 stiam
1689 2499 1751 2564 pro
1769 2490 1928 2565 peccato,
1958 2472 2110 2563 Sanguis
2131 2474 2263 2546 Christi
2287 2480 2448 2568 purificat
2473 2505 2538 2550 nos

1563 2579 1607 2646 ab
1623 2577 1721 2645 omni
1748 2592 1905 2665 peccato,
1939 2575 2174 2647 lustificamur
2197 2579 2264 2649 fide
2279 2582 2387 2665 gratis
2404 2606 2466 2671 per
2482 2605 2540 2650 re-

1562 2678 1820 2768 demptionem,
1866 2701 1930 2746 uae
1946 2693 1996 2749 est
2012 2679 2049 2745 in
2066 2674 2209 2748 Christo
2229 2678 2327 2765 lesu,
2354 2706 2457 2774 quem
2475 2707 2539 2772 po-

1561 2777 1632 2846 suit
1649 2802 1713 2867 pro
1730 2701 2135 2868 nobishropiciatorem.
2160 2778 2317 2850 Tantum
2334 2784 2419 2851 dicit
2435 2780 2540 2854 Chri—

1561 2893 1654 2948 stum
1678 2878 1785 2944 loisse
1807 2877 2063 2966 legislatorem,
2090 2893 2123 2948 et
2145 2881 2288 2972 quidem
2311 2883 2480 2951 inermem
2505 2900 2539 2953 et

1561 2978 1724 3048 inutilem
1745 2978 1915 3066 imperiis.

1661 3077 1751 3149 Cum
1777 3080 1885 3167 igitur
1903 3075 2131 3151 Mahometus
2157 3084 2341 3155 manifeste
2371 3079 2538 3175 blasphe-

1560 3204 1639 3250 mus
1663 3180 1727 3264 sit,
1761 3181 1959 3260 doctrinam
1989 3183 2033 3249 de
2063 3207 2211 3272 persona
2234 3180 2386 3265 Christi,
2428 3200 2462 3256 et
2494 3187 2538 3254 de

1560 3281 1685 3352 officiis
1702 3303 1945 3370 corrumpens,
1967 3295 2001 3351 et
2018 3283 2134 3372 palam
2147 3287 2364 3357 contradicat
2379 3283 2538 3377 Prophe-

1561 3385 1607 3453 tis
1630 3398 1663 3453 et
1688 3378 1885 3473 apostolis,
1924 3384 2172 3456 confirmemus
2194 3413 2260 3457 nos
2283 3389 2414 3479 regulis
2433 3414 2538 3479 supra

1561 3485 1713 3553 recitatis
1740 3509 1780 3552 ex
1797 3482 1982 3573 Prophetis
2005 3501 2037 3556 et
2054 3484 2249 3579 Apostolis:
2274 3489 2347 3578 Qui
2370 3516 2442 3560 non
2460 3514 2538 3559 ma·

1562 3599 1624 3654 net
1641 3586 1679 3652 in
1696 3585 1856 3654 doctrina
1874 3581 2024 3671 Christi,
2045 3586 2159 3657 Deum
2175 3615 2249 3659 non
2268 3589 2385 3664 habet.

1661 3684 1758 3754 llaec
1781 3680 1972 3775 cogitantes
1996 3689 2100 3757 etiam
2132 3693 2289 3781 quotidie
2313 3694 2538 3781 seiungamus

1562 3786 1819 3856 invocationem
1843 3801 2000 3856 nostram
2027 3815 2045 3856 a
2063 3790 2215 3859 colluvie
2232 3788 2481 3874 Mahometica,
2503 3807 2537 3861 et

1560 3886 1636 3957 Deo
1652 3890 1780 3978 gratias
1802 3911 1963 3977 agamus,
1986 3892 2080 3980 quod
2108 3915 2173 3959 nos
2188 3889 2364 3960 Ecclesiae
2380 3917 2463 3961 suae
2479 3897 2538 3961 in·

1561 3989 1681 4059 seruit.
1736 3989 1950 4078 Quanquam
1982 3991 2077 4055 enim
2110 3991 2233 4079 ingens
2264 3993 2456 4061 multitudo
2487 4007 2540 4062 est

1561 4105 1596 4160 et
1616 4091 1771 4180 potentia
1791 4089 1949 4175 gentium
1970 4088 2008 4155 in
2030 4091 2180 4157 maxima
2202 4105 2299 4180 parte
2316 4095 2453 4180 generis
2469 4088 2539 4162 hu-

1562 4192 1667 4275 mani,
1693 4213 1783 4282 quae
1797 4184 1993 4257 Mahometi
2009 4185 2245 4279 blasphemias
2263 4193 2538 4282 amplectuntur:

1561 4305 1678 4360 tamen
1692 4290 1889 4358 firmissime
1904 4302 2107 4369 statuamus,
2135 4292 2352 4382 impossibile
2366 4318 2457 4374 esse,
2484 4311 2540 4364 ta·
2573 4318 2577 4325 ’

1562 4393 1611 4461 les
1630 4416 1703 4461 esse
1717 4387 1909 4459 Ecclesiam
1928 4390 2015 4474 Dei,
2041 4393 2102 4483 qui
2128 4417 2168 4460 ex
2191 4395 2347 4484 professo
2372 4397 2539 4463 reiiciunt

1561 4494 1690 4583 scripta
1715 4487 1917 4582 prophetica
1940 4505 1974 4561 et
1996 4495 2208 4583 apostolica,
2233 4509 2266 4563 et
2289 4510 2420 4582 negant
2436 4491 2540 4567 Chri-

1562 4607 1653 4664 stum
1672 4617 1745 4662 esse
1762 4595 2027 4682 redemptorem.
2080 4591 2217 4662 Deinde
2242 4597 2381 4684 fingunt
2405 4620 2441 4665 se
2465 4597 2538 4665 suis

1562 4694 1792 4788 eleemosynis
1809 4709 1842 4765 et
1855 4695 1977 4763 lab'ore
1992 4695 2140 4763 militiae
2156 4697 2282 4766 mereri
2296 4699 2537 4766 remissionem

1563 4811 1784 4885 peccatorum
1798 4810 1832 4866 et
1847 4796 1954 4865 vitam
1978 4810 2169 4866 aeternam.

1663 4897 1759 4966 Haec
1772 4897 1937 4967 refutatio
1955 4891 2151 4967 Mahometi
2168 4912 2304 4989 sumpta
2322 4923 2362 4968 ex
2377 4895 2540 4989 Evange-

1564 5000 1612 5068 lio
1627 5018 1678 5068 est
1696 5000 1853 5069 illustris.
1905 4994 1980 5065 Alii
1994 4997 2119 5085 legalia
2135 5003 2304 5092 quaedam
2321 5015 2453 5084 taxant,
2479 5004 2540 5070 sed

1563 5100 1690 5168 deletio
1708 5096 1893 5186 Evangelii
1909 5109 1959 5165 est
1974 5098 2078 5187 longe
2101 5102 2213 5170 maius
2239 5102 2361 5173 scelus.
2378 5168 2391 5191 ἢ
2415 5099 2540 5171 Postea

1563 5215 1596 5270 et
1611 5200 1734 5290 legalia
1750 5198 1976 5288 aspiciantur.

1665 5301 1813 5389 Semper
1843 5299 2065 5368 confusiones
2100 5299 2291 5371 libidinum
2325 5320 2406 5373 sunt
2440 5304 2540 5391 signa

1564 5400 1762 5492 impietatis.
1814 5395 2039 5470 Mahometus
2065 5401 2178 5491 reipsa
2207 5404 2300 5472 delet
2323 5402 2540 5489 coniugium,

1562 5504 1756 5572 concedens
1772 5503 1924 5571 divortia
1943 5525 2006 5591 pro
2024 5502 2192 5595 cuiusque
2210 5505 2376 5585 arbitrio,
2403 5501 2539 5570 etiamsi

1561 5604 1680 5673 nullae
1697 5604 1896 5694 probabiles
1911 5626 2034 5672 causae
2050 5603 2132 5674 sint.
2156 5604 2245 5673 Nam
2261 5609 2387 5672 docere
2400 5615 2433 5670 et
2448 5603 2539 5671 abii-

1561 5727 1638 5774 cere
1656 5729 1735 5775 cum
1752 5706 1857 5786 libet,
1884 5704 1999 5795 reipsa
2016 5717 2068 5776 est
2082 5705 2237 5795 vulgaris
2252 5703 2428 5778 scortatio.
2454 5703 2540 5775 Dis-
