6025 6775
495 678 574 758 ⁸53
1120 654 1122 657 ’
1190 666 1221 739 ι.
1268 660 1563 739 cuuourcou
1589 659 1836 743 cnutonis.
2041 711 2043 718 -
2426 607 2523 749 ¹sss

597 849 636 919 2.
668 830 1196 933 PtolemaeusPAiladelphus,
1222 860 1295 932 quo
1311 848 1482 925 regnante
1632 834 1669 909 8.
1703 831 1812 925 Regis
1836 831 2065 929 Philadelphi
2090 839 2184 910 tilius
2205 840 2275 914 luit
2295 838 2517 915 Ptolemaeus

495 950 624 1044 pasin
641 945 803 1040 Aegypto
823 944 902 1017 tuit.
957 938 1118 1031 Cumque
1139 952 1241 1009 antea
1265 940 1303 1006 in
1320 932 1480 1030 Aegypto
1529 932 1731 1025 Euergetes.
1782 935 1912 1034 intulit
1937 940 2070 1010 bellum
2095 942 2407 1037 regibusSyriacis
2431 969 2517 1035 pro-

497 1049 741 1123 ductrinarum
769 1040 939 1137 possessio
969 1053 1107 1110 tautum
1141 1062 1247 1131 penes
1284 1042 1480 1109 sacerdotes
1530 1052 1610 1129 pter
1625 1037 1842 1109 interfectam
1858 1035 2071 1126 Berenicen,
2096 1067 2186 1137 quae
2202 1043 2272 1115 luit
2285 1067 2387 1115 soror
2398 1040 2513 1116 Ever-

497 1165 608 1233 essct,
634 1162 668 1219 et
691 1148 810 1235 lingua
836 1167 875 1213 ac
898 1141 1010 1211 literis
1025 1133 1210 1233 Aegyptiis
1225 1140 1479 1226 contineretur,
1528 1152 1645 1233 getae,
1687 1152 1727 1209 ut
1756 1141 1929 1229 praedixit
1954 1139 2092 1211 Daniel.
2158 1141 2206 1215 Et
2233 1168 2339 1237 supra
2370 1162 2511 1219 narrata

496 1250 606 1323 huius
621 1249 711 1339 regis
723 1244 870 1317 consilio
885 1242 1067 1312 doctrinae
1083 1245 1119 1309 iu
1131 1238 1303 1310 Graecam
1319 1241 1477 1331 linguam
1527 1254 1609 1310 sunt
1629 1240 1838 1332 parricidia,
1872 1267 1962 1334 quae
1982 1245 2141 1316 lecerunt
2155 1245 2322 1316 Seleucus
2336 1242 2509 1317 Καλλίνι-

499 1352 689 1425 translatae
712 1357 812 1428 suut,
844 1358 878 1414 et
897 1342 1059 1413 instituta
1083 1356 1167 1412 suut
1189 1342 1304 1411 studia
1322 1337 1477 1412 Alexan·
1526 1338 1970 1438 xosetAutiochus‘lepad.
2023 1342 2510 1440 CumqueAutiochus‘le'pu5

498 1454 617 1534 driae,
652 1446 714 1518 ubi
732 1445 896 1535 deinceps
918 1442 1121 1513 communia
1143 1443 1287 1513 luerunt
1310 1444 1477 1513 omnihus
1525 1443 1648 1533 pulsus
1664 1442 1843 1516 aSeleuco
1861 1446 2004 1535 fugisset
2019 1444 2302 1539 adEvergetem‚
2326 1448 2378 1518 ibi
2394 1448 2507 1519 inter·

494 1554 626 1623 discere
648 1547 870 1628 volentibus,
904 1556 940 1613 et
968 1567 1028 1612 rex
1054 1543 1213 1635 undique
1235 1546 1358 1614 doctos
1381 1545 1477 1615 viros
1525 1543 1637 1614 sectus
1654 1557 1717 1617 est.

495 1648 687 1724 accersivit.
730 1638 988 1716 Bibliothecam
1006 1643 1170 1714 iustruxit
1187 1645 1477 1734 copiosissimam,
1626 1642 1751 1714 Studia
1792 1646 2034 1717 doctrinarum
2076 1647 2236 1719 instituta
2277 1644 2507 1742 Philadelphi

494 1767 529 1826 et
551 1748 740 1845 inquisivit
763 1748 858 1838 apud
889 1745 1019 1815 multas
1048 1759 1170 1833 gentes
1198 1759 1314 1816 vetera
1347 1770 1475 1816 monn·
1524 1755 1701 1835 tempore,
1748 1747 1900 1817 maxime
1937 1750 2138 1823 fluerteruut
2176 1749 2409 1821 Alexandriae
2449 1774 2506 1820 re-

494 1866 627 1925 menta.
691 1848 811 1938 Quare
834 1839 1074 1917 Callimachus
1100 1847 1232 1915 librum
1261 1846 1403 1938 scripsit
1432 1849 1476 1916 de
1524 1861 1653 1934 gnante
1677 1841 1868 1934 Euergete,
1903 1848 1966 1939 qui
1996 1863 2031 1920 et
2059 1870 2138 1938 erga
2163 1849 2309 1920 ludaeos
2328 1851 2505 1922 beneficus

493 1953 653 2045 gentium
676 1950 876 2039 originibus
899 1960 934 2017 et
953 1946 1240 2033 migrationibus,
1267 1961 1474 2019 etveterum
1524 1948 1603 2043 ¹luit.
1669 1942 1758 2015 Eius
1789 1959 1945 2037 tempore
1974 1950 2114 2042 collegit
2143 1951 2180 2019 in
2211 1951 2372 2045 Aegypto
2404 1950 2503 2023 lesus

493 2055 640 2127 urbium
656 2050 901 2123 conditoribus
916 2060 950 2117 et
964 2047 1117 2136 legibus,
1150 2072 1221 2141 quo
1236 2048 1330 2119 libro
1346 2049 1474 2119 amisso
1523 2047 1617 2117 lilius
1633 2041 1778 2131 Sirach,
1805 2047 1995 2119 sententias
2009 2074 2100 2143 quae
2119 2047 2237 2121 adhuc
2255 2065 2392 2135 extem,
2416 2073 2505 2145 quas

493 2157 625 2228 multae
643 2168 777 2224 veteres
792 2145 959 2221 historiae
976 2148 1243 2218 interciderunt.
1523 2149 1641 2241 iuquit
1656 2150 1702 2217 ab
1716 2172 1782 2217 avo
1800 2172 1862 2217 sua
1877 2150 2041 2241 scriptas,
2067 2153 2128 2221 sed
2147 2174 2167 2220 a
2190 2174 2264 2221 sese
2280 2166 2400 2222 auctas
2414 2165 2448 2222 et
2465 2152 2504 2221 iu

597 2253 692 2343 Quia
709 2277 791 2322 vero
806 2248 980 2320 intellexit
995 2239 1240 2335 Ptolemaeus,
1262 2244 1393 2319 habere
1412 2247 1473 2320 lu·
1524 2248 1699 2319 Graecum
1714 2272 1911 2319 sermonem
1927 2251 2113 2323 translatas
2129 2274 2214 2337 esse,
2230 2275 2380 2345 quarum
2398 2252 2505 2324 lectio

495 2359 601 2427 dacos
620 2366 792 2425 vetustam
814 2357 952 2441 patrum
978 2349 1123 2432 seriem,
1163 2363 1197 2419 et
1222 2350 1330 2437 vidit,
1361 2352 1474 2440 legem
1508 2348 1602 2420 'cum
1619 2350 1665 2419 sit
1680 2363 1714 2419 et
1736 2350 1924 2421 utilissima
1947 2368 1980 2421 ct
1998 2353 2220 2437 dulcissima,
2253 2353 2345 2423 liber
2368 2353 2429 2422 ille
2449 2354 2524 2422 fa-.

492 2456 707 2527 ludaeorum
724 2452 874 2523 maxime
887 2472 1080 2538 congruere
1100 2450 1248 2535 rationi,
1274 2454 1317 2521 de
1339 2454 1474 2522 unitate
1521 2450 1760 2520 miliarissime
1777 2463 1882 2522 notus
1897 2452 1943 2525 sit
1958 2454 2136 2528 omnibus.
2185 2449 2235 2524 Et
2252 2455 2364 2524 sciant
2382 2454 2504 2524 iunio-

497 2555 568 2628 Dei
592 2569 626 2625 ct
654 2557 698 2625 de
726 2545 884 2623 honestis
904 2550 1082 2634 moribus,
1114 2552 1249 2621 cessavit
1270 2567 1304 2623 et
1324 2550 1472 2622 ludaeo-
1522 2575 1595 2637 res,
1630 2554 1725 2645 quod
1750 2553 1940 2622 discrimen
1965 2553 2011 2624 sit
2036 2554 2131 2625 inter
2152 2576 2299 2643 gnomas
2323 2550 2503 2625 Ecclesiae

492 2680 576 2730 rum
610 2655 722 2727 libros
764 2655 803 2722 in
843 2648 1016 2721 Graecam
1058 2652 1218 2740 liugnam
1260 2654 1472 2723 transfundi.
1521 2666 1555 2724 et
1571 2649 1740 2725 ethnicas.
1788 2653 1879 2723 Nam
1896 2649 2075 2739 ethnicae,
2099 2669 2138 2726 ut
2154 2650 2395 2745 Theognidis,
2420 2670 2502 2728 tan-

493 2755 615 2849 Quarc
641 2758 686 2826 ad
710 2750 918 2824 Eleasarum
946 2774 1123 2822 summum
1156 2756 1392 2838 sacerdotem,
1438 2768 1472 2824 et
1520 2768 1596 2825 tum
1611 2768 1695 2824 sunt
1710 2767 1893 2845 praecepta
1917 2768 1978 2825 aut
2000 2756 2263 2826 admonitiones
2284 2757 2501 2846 pertinentes

493 2880 581 2935 vasa
600 2880 691 2951 quae
713 2857 801 2925 olim
826 2851 965 2924 ludaeis
989 2853 1151 2944 adempta
1183 2868 1300 2939 eraut,
1337 2868 1372 2925 et
1402 2855 1471 2924 alia
1520 2856 1564 2923 ad
1582 2849 1772 2950 secundam
1789 2856 1944 2924 tabulam
1960 2853 2140 2946 Decalogi.
2191 2854 2261 2926 Sed
2286 2856 2325 2924 in
2340 2852 2499 2929 Ecclesia

493 2960 677 3052 splendida
698 2958 793 3026 dona
817 2954 931 3038 misit,
969 2968 1003 3024 et
1023 2955 1068 3023 ad
1090 2977 1126 3023 se
1149 2956 1242 3026 mitti
1264 2955 1471 3048 interpretes
1521 2955 1649 3025 tradita
1666 2967 1750 3023 sunt
1763 2968 1945 3044 praecepta
1964 2971 1999 3027 et
2013 2955 2276 3026 admonitiones
2290 2958 2334 3025 de
2350 2968 2500 3052 utraque

491 3061 628 3154 petivit,
679 3056 782 3127 Missi
799 3068 883 3125 sunt
898 3055 1091 3143 igiturduo
1108 3067 1141 3124 et
1156 3057 1375 3147 septuaginta
1393 3058 1471 3141 viri,
1521 3056 1641 3127 tabula
1658 3055 1843 3145 Decalogi,
1868 3058 1912 3124 de
1927 3055 1996 3125 fide
2016 3070 2050 3127 et
2072 3058 2116 3127 de
2132 3057 2236 3127 bonis
2249 3058 2434 3147 operibus,
2459 3074 2501 3131 ut

494 3161 556 3255 qui
571 3158 714 3229 Moisen
725 3171 761 3236 et
775 3170 991 3227 caeterorum
1007 3150 1265 3247 Prophetarum
1284 3159 1412 3243 libros,
1438 3170 1472 3227 et
1521 3171 1556 3229 et
1573 3156 1750 3227 Siracides
1765 3156 1883 3249 inquit
1905 3181 1981 3248 cap.
1997 3156 2074 3227 δὶα
2104 3157 2147 3227 lu
2162 3158 2262 3227 omni
2278 3159 2374 3228 bono
2390 3182 2500 3250 opere

493 3259 591 3333 haud
612 3258 720 3330 dubie
740 3259 851 3328 multa
877 3257 948 3327 alia
977 3272 1206 3328 monumenta
1238 3258 1275 3327 in
1298 3258 1470 3329 Graecam
1521 3260 1641 3327 credas
1658 3256 1830 3324 inanima
1848 3271 1918 3331 tua.
1969 3256 2048 3328 Hoc
2064 3273 2115 3330 est
2132 3258 2226 3329 enim
2243 3282 2383 3330 servare
2398 3284 2501 3329 man-

486 3360 950 3454 ·linguamtransstulerunt.
1001 3356 1054 3427 lta
1069 3358 1153 3428 libri
1169 3356 1363 3450 prophetici
1378 3344 1472 3430 mul·
1521 3363 1612 3430 data.
1665 3356 1738 3446 Qui
1750 3358 1863 3430 credit
1879 3358 2100 3444 inDomino,
2123 3362 2287 3432 mandata
2301 3360 2376 3432 eius
2391 3376 2502 3447 curat,

491 3466 539 3538 tis
553 3463 716 3554 gentibus
730 3461 812 3531 facti
834 3474 917 3532 sunt
942 3459 1119 3540 notiores,
1147 3475 1181 3530 ot
1206 3475 1395 3551 propagata
1417 3462 1471 3529 la·
1521 3476 1554 3530 et
1571 3460 1750 3528 conlidens
1766 3460 1804 3528 in
1819 3459 1901 3543 illo,
1920 3485 1993 3529 non
2010 3461 2151 3550 peribit.
2180 3458 2229 3532 Et
2242 3463 2281 3531 in
2297 3460 2503 3533 Proverbiis

491 3566 564 3638 tius
587 3586 669 3631 vera
690 3564 735 3631 de
755 3559 831 3631 Deo
854 3561 1026 3632 doctrina.
1092 3557 1142 3629 Et
1169 3561 1317 3649 cognitis
1342 3586 1471 3630 monn·
1522 3560 1725 3632 Salomonis
1738 3562 1848 3631 multa
1864 3561 1956 3631 dicta
1973 3575 2056 3633 sunt
2069 3565 2113 3632 de
2128 3559 2294 3647 fitioltei,
2319 3564 2364 3632 de
2380 3565 2502 3646 verbo,

490 3664 621 3736 mentis
637 3660 847 3732 ludaeorum
863 3686 922 3732 rex
932 3660 1154 3732 Ptolemaeus
1169 3662 1259 3731 tanti
1272 3662 1354 3731 lecit
1369 3662 1470 3731 istam
1523 3664 1568 3732 de
1584 3664 1673 3741 fide,
1698 3662 1742 3730 de
1757 3661 1850 3731 veris
1865 3663 2021 3733 cultibus
2036 3664 2139 3732 valde
2155 3663 2351 3753 perspicua.

491 3778 651 3859 gentem,
676 3775 718 3834 ut
733 3762 930 3834 libertatem
945 3761 1093 3856 captivis
1110 3752 1250 3833 ludaeis
1264 3761 1471 3859 inAegypto
1625 3761 1662 3834 4.
1696 3758 1920 3832 Ptolemaeus
1942 3760 2153 3857 Philopator
2174 3764 2261 3835 vicit
2283 3758 2502 3834 Antiochum

491 3863 689 3940 donaverit.
727 3921 730 3925 .
1522 3863 1716 3954 Magnum,
1738 3864 2039 3937 alllixitludaeos.
2077 3861 2505 3960 DeindeEurydicccon-

592 3961 673 4037 Etsi
689 3976 807 4035 autem
829 3961 933 4032 multi
952 3961 1132 4057 disputant
1149 3965 1193 4034 de
1207 3963 1342 4036 Graeca
1360 3965 1472 4034 inter·
1522 3967 1602 4056 iuge
1627 3980 1661 4037 et
1682 3988 1803 4036 sorore
1820 3965 2017 4047 interfecta,
2044 3966 2257 4037 libidinibus
2279 3979 2313 4036 et
2335 3965 2503 4036 caedibus

491 4069 703 4164 pretatione,
730 4087 820 4159 quae
837 4059 943 4135 hodie
959 4078 1068 4155 extat,
1095 4066 1157 4158 qui
1172 4067 1305 4136 fuerint
1319 4081 1472 4152 autores,
1522 4067 1782 4138 contaminatus
1798 4087 1935 4132 veneno
1950 4065 2064 4152 periit.

492 4187 527 4244 et
540 4171 653 4266 qrtalis
667 4171 729 4240 sit:
757 4180 874 4238 umen
896 4190 975 4237 cum
993 4164 1125 4237 Paulus
1143 4169 1250 4239 verba
1273 4169 1358 4238 inde
1379 4170 1473 4253 citet,
1622 4165 1660 4240 6.
1693 4162 1915 4233 Ptolemaeus
1930 4159 2330 4254 Eplvhtnffisutcetslls
2355 4165 2501 4247 mlAn·

492 4283 635 4364 apparet
650 4295 726 4341 eam
740 4269 846 4341 etiam
863 4263 1208 4356 anteApostolorum
1224 4284 1380 4359 tempora
1397 4270 1470 4338 usi·
1521 4261 1661 4340 tioelrns
1675 4263 1828 4352 Magnus
1848 4264 1981 4334 bellum
2003 4266 2144 4353 intulit,
2175 4270 2235 4337 sed
2260 4280 2380 4358 postea
2402 4266 2502 4338 dedit

494 4386 601 4444 tatem
623 4371 741 4440 fuisse.
788 4365 837 4439 Et
860 4388 988 4457 corpus
1009 4369 1255 4437 narrationum
1279 4393 1353 4436 non
1377 4370 1470 4438 male
1521 4370 1554 4440 ei
1570 4367 1678 4438 tiliam
1694 4362 1917 4456 Cleopatram
1939 4390 2096 4443 uxorem.

492 4470 670 4544 redditum
696 4482 767 4555 est,
806 4467 943 4540 etiamsi
971 4466 1103 4536 alicubi
1132 4482 1324 4539 occurrunt
1351 4469 1469 4563 aliqua
1622 4463 1915 4541 &Ptolemaeus
1934 4464 2156 4539 Philometor
2184 4468 2349 4540 defensus
2378 4465 2500 4540 aRo·

494 4584 620 4646 errata.
671 4564 770 4638 Esset
786 4582 820 4639 et
834 4570 943 4660 magis
967 4567 1149 4661 perspicua
1174 4569 1297 4649 lectio,
1330 4570 1360 4639 si
1385 4571 1470 4640 dili·
1522 4569 1653 4653 manis,
1689 4591 1769 4638 cum
1796 4568 1829 4636 ei
1850 4565 2049 4640 Antiochus
2071 4565 2278 4665 Epiphanes
2304 4570 2502 4641 avunculus

492 4674 632 4766 gentius
658 4664 826 4739 'distincta
855 4687 954 4746 esset.
1029 4667 1175 4740 Summa
1204 4682 1321 4741 tamen
1353 4672 1471 4763 operis
1521 4693 1669 4760 reguum
1688 4668 1871 4759 erepturus
1893 4683 1993 4741 esset.

492 4791 544 4848 ost
576 4772 664 4846 utile
698 4768 936 4853 testimouium
970 4773 1016 4843 de
1048 4772 1305 4861 significatione
1335 4770 1470 4845 Ehraei
1623 4769 1660 4841 7.
1692 4768 2114 4862 PtolemaeusEvergetes
2130 4771 2283 4845 restituit
2299 4771 2337 4842 in
2351 4793 2501 4864 reguum

492 4874 677 4948 sermonis.
1521 4871 1645 4968 Syriae
1661 4867 1880 4942 Demetrium
1897 4871 2122 4949 Nicanorem.

591 4972 710 5045 liuius
747 4969 855 5059 igitur
891 4973 981 5061 regis
1018 4970 1212 5044 Ptolemaei
1240 4967 1467 5062 Philadelphi
1623 4973 1660 5045 8.
1696 4969 1919 5043 Ptolemaeus
1938 4970 2103 5069 Physcon
2127 4974 2242 5044 dictus
2263 4996 2283 5042 a
2305 4968 2501 5050 sarcimine,

492 5078 614 5148 labore
646 5087 680 5143 et
709 5069 949 5141 munificentia
979 5076 1098 5162 generi
1128 5068 1286 5144 humano
1309 5073 1469 5144 restituta
1523 5087 1666 5165 propter
1688 5073 1865 5140 tumidum
1880 5085 2057 5160 ventrem,
2087 5074 2189 5146 duxit
2203 5096 2380 5158 sororem,
2405 5095 2502 5142 eam·

493 5193 576 5251 sunt
602 5190 636 5246 et
661 5175 732 5244 late
755 5183 942 5263 propagata
967 5175 1207 5246 doctrinarum
1231 5175 1357 5245 studia.
1415 5173 1468 5245 Ac
1522 5197 1590 5266 que
1608 5171 1799 5250 interfecit,
1831 5173 1993 5243 etlilium
2012 5197 2108 5245 exea
2124 5188 2248 5246 natum
2270 5173 2501 5264 interepulas

452 5356 456 5365 ,
492 5279 678 5357 scribitur,
719 5287 854 5371 motum
889 5294 962 5341 esse
997 5276 1152 5347 consiliis
1171 5276 1468 5348 doctissimorum
1523 5275 1555 5342 ei
1573 5271 1821 5344 ollerriiussit.
1870 5270 1998 5363 Regno
2014 5277 2179 5367 expulsus
2196 5288 2259 5347 est.
2395 5319 2397 5322 v

490 5377 677 5452 hominum
693 5371 867 5459 Aristaei,
900 5370 1078 5443 Stratonis
1101 5389 1133 5447 et
1154 5374 1323 5448 Demetrii
1340 5371 1470 5445 Phale-
1623 5373 1658 5444 9.
1700 5371 1922 5445 Ptolemaeus
1948 5375 2166 5460 Alexander,
2210 5377 2320 5447 irater
2345 5369 2501 5468 Physco-

491 5482 624 5561 reusis,
667 5476 730 5570 qui
751 5477 846 5565 apud
867 5497 947 5543 eum
972 5471 1052 5541 exul
1072 5475 1140 5544 fuit
1161 5479 1285 5564 pulsus
1305 5473 1469 5548 Athenis.
1523 5475 1599 5554 nis,
1624 5475 1902 5566 regnavitpulso
1923 5476 2044 5552 fratre.
2094 5477 2269 5548 Posteeet
2286 5477 2361 5568 ipse
2377 5471 2502 5563 expul-

488 5583 649 5654 Pueruut
666 5579 758 5669 apud
778 5601 857 5645 euru
875 5573 984 5645 etalii
1000 5574 1092 5641 docti
1108 5573 1196 5656 viri,
1220 5572 1469 5662 Callimachus,
1522 5599 1581 5645 sus
1596 5590 1658 5649 est,

491 5681 724 5772 Apollonius,
750 5674 902 5756 Aratus,
936 5673 1048 5753 Bion,
1080 5668 1309 5764 Theocritus,
1339 5679 1467 5751 Conon
1625 5678 1685 5748 10.
1717 5673 2153 5758 PtolemaeusLathurus,
2177 5678 2305 5756 idest,
2329 5671 2420 5741 clam
2444 5694 2502 5740 re-

490 5798 526 5856 et
540 5775 771 5873 Hipparchus
782 5772 1041 5848 Mathematici.
1110 5828 1113 5834 .
1360 5822 1362 5826 »
1522 5800 1667 5864 sersus,
1688 5780 1929 5853 nominatura
1946 5774 2141 5873 Plutarcho
2151 5775 2342 5868 Lamprus,
2376 5772 2503 5860 idest,
