6025 6775
413 690 485 762 281
952 676 1109 754 DECL.
1143 676 1216 752 DE
1251 666 1572 754 GREGORIO
1601 671 1875 756 NAZIANZ.
2220 675 2222 684 '
2349 689 2425 760 282

409 854 602 929 Ecclesiam
618 853 658 921 in
671 849 1075 945 publicisconcionibus.
1126 847 1182 919 lbi
1198 851 1310 919 donec
1331 871 1394 940 pa·
1444 846 1591 918 stamini
1607 845 1793 940 synodum
1814 848 1959 934 indixit,
1984 873 2074 943 quae
2092 856 2244 925 secunda
2259 855 2424 926 nomina·

409 973 464 1029 tcr
479 956 591 1040 vixit',
617 968 652 1024 et
670 956 889 1045 deindepost
909 965 1058 1022 mortem
1074 951 1186 1041 patris
1200 947 1393 1021 Ecclesiam
1444 961 1519 1027 tur,
1557 949 1602 1017 ad
1629 970 1736 1040 quam
1763 966 2003 1021 convenerunt
2028 949 2198 1046 Episcopi
2223 970 2362 1027 centum
2390 969 2426 1027 et

409 1058 563 1140 feliciter
575 1055 679 1127 rexit.
1443 1048 1701 1141 quinquaginta
1738 1045 2064 1143 Constantinopoli,
2113 1078 2209 1125 anno
2247 1082 2268 1126 a
2313 1056 2424 1127 natali

512 1153 593 1226 Etsi
606 1167 719 1224 autem
737 1151 896 1223 Valentis
912 1139 1139 1243 Imperatoris
1154 1151 1295 1221 saevitia
1311 1174 1393 1242 pas·
1442 1144 1576 1219 Christi
1606 1149 1849 1220 trecentesimo
1884 1153 2095 1242 octogesimo
2131 1157 2246 1226 tertio.
2317 1153 2424 1227 Extat

410 1260 479 1330 sim
494 1281 535 1326 ex
550 1254 712 1325 Ecclesiis
733 1253 785 1344 pii
809 1251 981 1324 Doctores
1002 1254 1242 1343 pellebantur,
1274 1266 1393 1322 tamen
1442 1246 1631 1319 Decretum
1660 1249 1700 1317 in
1727 1274 1797 1342 quo
1826 1253 2034 1341 profitentur
2055 1253 2175 1326 Patres
2195 1280 2232 1327 se
2260 1257 2423 1346 amplecti

413 1356 605 1447 Gregorius
628 1378 701 1423 non
722 1368 773 1423 est
791 1354 927 1445 pulsus.
985 1350 1034 1422 Et
1054 1353 1209 1422 fortassis
1227 1375 1306 1421 eum
1325 1354 1392 1421 ali·
1442 1347 1651 1443 Symbolum
1681 1348 1876 1433 Nicenum,
1917 1365 1951 1422 et
1976 1356 2021 1423 ab
2047 1378 2087 1423 eo
2114 1379 2187 1424 non
2211 1359 2423 1428 discessuros

411 1483 482 1552 quo
505 1455 611 1523 modo
634 1456 720 1526 texit
741 1451 905 1549 Olympii
922 1454 1093 1546 praesidis
1112 1454 1240 1545 pietas,
1262 1454 1390 1545 dequo
1441 1472 1535 1535 esse,
1569 1466 1602 1521 et
1623 1452 1859 1537 damnantur,
1892 1453 1955 1546 qui
1978 1467 2110 1547 negant
2128 1453 2195 1529 τὸν
2217 1452 2330 1554 λόγον
2347 1481 2421 1527 esse

410 1557 530 1629 scribit
554 1556 648 1646 ipse,
679 1556 859 1625 discedere
882 1579 962 1624 eum
994 1554 1253 1647 relinquentem
1277 1555 1391 1647 lacry-
1440 1544 1716 1645 ὑφιστάμενον,
1755 1553 1874 1645 etqui
1898 1568 2028 1641 negant
2054 1553 2227 1646 Spiritum
2260 1571 2420 1628 sanctum

408 1680 482 1728 mas
494 1658 632 1726 civibus
644 1669 678 1726 et
695 1655 900 1725 memoriam
922 1655 1172 1725 beneficiorum
1186 1655 1313 1724 nonin
1330 1680 1390 1724 co·
1442 1672 1515 1720 esse
1534 1646 1801 1745 ὑφιστάμενον.

407 1756 559 1840 lamnis,
592 1759 652 1824 sed
683 1758 721 1825 in
743 1757 920 1826 mentibus
948 1759 1146 1841 bonorum,
1179 1767 1213 1825 et
1234 1757 1388 1827 reditum
1539 1750 1594 1820 De
1613 1748 1670 1822 his
1692 1755 1798 1823 tantis
1820 1754 1925 1823 rebus
1941 1778 2022 1824 cum
2036 1756 2173 1826 decreta
2188 1758 2278 1828 facta
2297 1773 2422 1845 essent,

408 1861 484 1929 eius
505 1870 614 1947 optat.
667 1856 840 1943 Magnum
862 1858 997 1929 bonum
1022 1870 1092 1942 est,
1117 1857 1304 1926 concordia
1319 1855 1391 1926 Pa·
1440 1849 1591 1921 Maximi
1617 1853 1765 1922 ambitio
1797 1877 1932 1925 novum
1965 1870 2141 1927 certamen
2166 1858 2289 1930 movit.
2351 1858 2421 1929 llic

408 1959 514 2031 storis
535 1971 569 2028 et
589 1957 779 2048 praesidis,
812 1956 883 2028 Sed
905 1953 991 2027 haec
1012 1980 1085 2027 esse
1112 1981 1187 2026 non
1207 1958 1390 2048 potuisset,
1439 1953 1591 2023 factione
1606 1948 1847 2024 Alexandrina
1861 1955 2009 2047 stipatus
2027 1981 2063 2027 se
2077 1958 2191 2029 voluit
2206 1954 2421 2050 Episcopum

408 2062 439 2129 si
454 2072 515 2129 aut
536 2054 729 2150 Olympius
750 2058 794 2127 ad
819 2071 1009 2152 tyrannum
1034 2081 1071 2128 se
1090 2057 1301 2144 inflexisset,
1330 2072 1389 2128 aut
1440 2051 1749 2143 Constantinopoli
1782 2055 1904 2128 creari.
1965 2056 2158 2147 Gregorius
2186 2060 2421 2149 placidissime

409 2158 603 2248 Gregorius
624 2150 773 2229 altemm
789 2162 912 2250 pedem
936 2160 974 2228 in
986 2157 1162 2243 Ecclesia,
1187 2160 1336 2229 alterum
1350 2160 1389 2227 in
1439 2154 1573 2244 inquit:
1599 2151 1645 2223 So
1664 2154 1693 2221 si
1711 2155 1754 2222 de
1769 2155 1928 2224 doctrina
1944 2172 2144 2245 accusetur,
2168 2182 2421 2251 responsumm

407 2259 513 2332 Curia
530 2256 661 2330 habere
675 2261 853 2334 voluisset.
901 2259 1096 2332 Laudanda
1112 2272 1162 2329 est
1182 2259 1291 2346 igitur
1303 2281 1403 2347 pru-‘
1439 2275 1529 2338 esse,
1571 2268 1605 2325 et
1628 2254 1798 2324 iudicium
1822 2256 1927 2345 ipsis,
1966 2258 2028 2348 qui
2062 2272 2148 2329 tunc
2173 2273 2422 2343 convenerant,

409 2362 526 2431 dentia
536 2357 719 2449 Gregorii,
741 2363 836 2452 quod
851 2362 1010 2431 animum
1026 2359 1198 2449 praesidis
1212 2381 1287 2427 non
1302 2359 1388 2427 alie·
1438 2377 1575 2423 summa
1607 2355 1789 2425 voluntate
1819 2358 2030 2447 permittere.
2099 2358 2148 2429 At
2181 2360 2226 2428 de
2251 2357 2420 2450 Episcopi
2481 2411 2483 2416 -

406 2462 508 2532 navit
529 2454 878 2558 πολυπραγμοσύνῃ.
938 2458 987 2532 Et
1008 2460 1198 2529 ostendunt
1222 2458 1388 2549 epistolae
1438 2456 1608 2545 dignitate
1632 2478 1669 2525 se
1691 2479 1834 2546 prorsus
1858 2457 1952 2536 nihil
1974 2464 2195 2532 contendere.
2246 2459 2419 2537 Sedma·

408 2560 574 2654 Gregorii
586 2576 743 2633 mutuam
767 2564 860 2633 inter
874 2563 970 2654 ipsos
986 2559 1266 2632 benevolentiam
1280 2563 1387 2631 fuisse
1437 2557 1489 2644 gis
1502 2568 1637 2646 petere,
1663 2571 1704 2626 ut
1717 2581 1820 2627 senex
1837 2559 1907 2626 iam
1927 2562 2096 2632 liberetur
2110 2561 2272 2632 maximis
2287 2561 2420 2629 labori-

406 2663 582 2734 eximiam.
1437 2658 1521 2740 hus,
1545 2658 1658 2735 curis,
1683 2659 1987 2747 contentionibus,
2011 2663 2284 2755 quassustinere
2299 2662 2337 2729 in
2352 2656 2419 2732 hac

505 2762 630 2833 Postea
652 2788 732 2833 cum
747 2757 876 2830 Ariani
898 2760 1167 2831 dominarentur
1182 2759 1387 2834 Constanti.
1436 2757 1559 2824 aetatis
1579 2758 1818 2828 imbecillitate
1845 2784 1918 2829 non
1941 2777 2067 2851 posset.
2123 2761 2236 2833 Addit
2261 2763 2364 2833 etiam
2384 2784 2421 2831 se

405 2864 546 2955 nopoli,
578 2879 721 2934 vocatus
747 2873 798 2931 est
828 2885 870 2930 eo
898 2858 1112 2952 Gregorius,
1145 2875 1185 2932 ut
1217 2859 1386 2952 Episcopi
1436 2855 1542 2921 malle
1566 2868 1606 2922 ut
1623 2854 1745 2924 lonam
1768 2885 1786 2927 e
1808 2862 1891 2927 navi
1913 2862 2010 2945 eiici,
2036 2888 2140 2954 quam
2165 2865 2419 2932 dissensionem

404 2963 550 3036 munere
580 2967 803 3050 fungeretur,
844 2975 878 3033 et
905 2961 1059 3034 Arianos
1096 2965 1275 3033 refutaret.
1332 2960 1386 3029 lbi
1437 2955 1480 3022 de
1494 2953 1664 3042 dignitate
1678 2956 1812 3024 diutius
1827 2961 1971 3048 durare.
2006 2959 2234 3031 Hortaturut
2250 2965 2419 3029 idoneum

403 3067 534 3135 mansit
564 3085 676 3132 annos
700 3062 886 3132 duodecim
916 3065 1010 3133 inter
1039 3081 1166 3152 magna
1196 3063 1385 3134 certamina
1436 3055 1588 3144 eligant,
1615 3067 1649 3124 et
1665 3054 1734 3124 sint
1747 3078 1920 3124 memores
1936 3060 2021 3128 dicti
2043 3056 2256 3149 prophetici:
2288 3059 2420 3147 Diligi-

401 3186 587 3254 nunquam
612 3162 729 3230 animo
749 3164 896 3245 fractus,
929 3166 1066 3231 etiamsi
1094 3166 1230 3250 magnis
1260 3178 1386 3233 contu.
1436 3170 1469 3224 te
1491 3156 1673 3226 veritatem
1698 3169 1732 3225 et
1754 3179 1884 3245 pacem.
1941 3154 2032 3226 Nam
2057 3155 2142 3228 haec
2160 3160 2233 3249 ipsa
2252 3161 2359 3227 verba
2379 3161 2418 3226 in

401 3264 522 3330 meliis
536 3260 690 3327 adfectus
706 3272 767 3327 est.
815 3260 974 3328 Primum
995 3263 1035 3328 in
1050 3264 1181 3350 templo
1197 3265 1384 3350 praecipuo
1437 3257 1512 3323 eius
1546 3257 1706 3326 oratione
1737 3269 1975 3328 recensentur.
2032 3256 2114 3327 Non
2150 3260 2234 3328 vicit
2269 3259 2417 3333 ambitio

402 3373 444 3429 ut
459 3356 656 3449 Episcopus
671 3358 806 3442 docuit,
821 3358 916 3427 'inde
937 3359 1058 3449 pulsus
1082 3360 1127 3429 ab
1143 3356 1305 3448 Arianis,
1331 3361 1385 3429 lo·
1438 3354 1603 3439 Maximi,
1643 3368 1676 3424 et
1706 3359 1847 3424 tandem
1878 3358 2060 3429 severitate
2090 3354 2282 3429 Theodosii
2315 3384 2418 3453 syco-

402 3482 501 3540 cum‚
535 3481 608 3526 non
630 3459 781 3527 docendi
803 3481 934 3528 munus
953 3461 1114 3552 reliquit,
1141 3484 1219 3529 cum
1242 3463 1384 3553 quidem
1435 3451 1568 3546 phanta
1583 3455 1759 3527 Maximus
1776 3482 1953 3548 repressus
1970 3472 2037 3543 est,
2064 3474 2097 3529 et
2118 3462 2259 3549 piorum
2275 3471 2418 3531 senten-

402 3557 582 3647 lapidibus
598 3558 701 3627 etiam
719 3560 868 3628 obrutus
884 3572 990 3640 esset,
1025 3562 1086 3628 sed
1107 3561 1145 3628 in
1164 3562 1301 3649 privata
1317 3565 1384 3630 do·
1435 3557 1492 3624 tiis
1508 3570 1643 3625 creatus
1651 3552 1846 3647 Episcopus
1854 3557 2037 3631 Nectarius
2045 3558 2241 3645 Tarsensis,
2265 3563 2320 3629 vir
2336 3585 2417 3632 eru-

401 3682 459 3727 mo
483 3679 596 3726 annos
617 3659 752 3749 aliquot
773 3659 911 3742 docuit,
935 3661 1048 3727 donec
1072 3655 1295 3729 Theodosius
1313 3661 1385 3728 lm·
1435 3657 1531 3725 ditus
1547 3671 1581 3728 et
1597 3670 1688 3725 recte
1708 3660 1873 3731 sentiens.

401 3771 541 3849 perator
560 3757 895 3847 Constantinopolin
917 3757 1027 3827 venit.
1085 3756 1154 3827 Hic
1178 3760 1277 3828 duxit
1303 3784 1381 3828 eum
1533 3754 1644 3828 Redit
1659 3758 1765 3844 igitur
1780 3760 1818 3827 in
1833 3761 1981 3848 patriam
1994 3759 2202 3851 Gregorius,
2229 3777 2263 3833 et
2278 3762 2328 3833 ibi
2343 3763 2416 3833 dis-

402 3859 441 3927 in
462 3860 631 3950 templum
656 3858 822 3949 repressis
847 3854 1011 3942 Arianis,
1040 3859 1105 3928 ubi
1129 3858 1293 3949 deinceps
1317 3860 1382 3929 do·
1433 3858 1572 3929 cordiis.
1588 3858 1715 3926 sedatis
1736 3882 1968 3930 successorem
1990 3864 2073 3951 eligi
2104 3878 2202 3933 curat
2223 3859 2417 3938 Eulalium.

402 3958 488 4044 cuit,
513 3960 625 4029 donec
640 3959 691 4028 ibi
708 3959 848 4032 mansit.
1434 3956 1511 4046 lpse
1532 3958 1661 4027 secedit
1683 3959 1720 4026 in
1743 3963 1926 4048 praedium
1948 3977 2134 4051 paternum
2154 3962 2326 4050 Arianza,
2350 3965 2416 4034 ubi

498 4057 588 4131 Cum
611 4073 727 4129 autem
752 4055 880 4128 Ariani
903 4081 977 4127 non
992 4058 1190 4147 potuissent
1211 4059 1382 4149 cumpel-
1433 4059 1591 4126 consiliis
1611 4072 1644 4127 et
1665 4058 1776 4127 literis
1799 4062 1931 4131 multos
1954 4064 2055 4137 rexit.
2106 4063 2178 4134 Sed
2200 4080 2343 4135 vocatus
2369 4068 2415 4134 ad

401 4161 489 4245 lere,
532 4162 688 4230 exoritur
717 4160 786 4228 alia
816 4160 923 4251 pestis
957 4161 1002 4227 ad
1036 4182 1115 4227 eum
1149 4160 1382 4250 perdendum.
1432 4155 1595 4248 Synodos
1618 4180 1692 4224 non
1712 4161 1853 4228 accessit
1876 4163 1921 4228 ad
1946 4185 2002 4229 eas
2017 4185 2101 4231 usus
2116 4166 2338 4234 excusatione
2353 4188 2416 4234 va-

402 4257 594 4350 Gregorius
616 4260 751 4353 Cynico
782 4261 922 4330 cuidam
944 4260 1089 4328 nomine
1111 4257 1269 4328 Maximo
1301 4283 1381 4348 per-
1432 4256 1617 4338 letudinis,
1641 4269 1681 4324 ut
1696 4258 1849 4328 ostendit
1865 4260 1941 4328 eius
1961 4261 2125 4352 epistola,
2150 4287 2255 4357 quam
2272 4265 2416 4356 prodest

402 4376 570 4445 eraserat,
600 4377 641 4431 ut
668 4362 864 4432 doctrinam
894 4357 1072 4430 Ecclesiae
1102 4363 1382 4450 amplecteretur,
1431 4368 1554 4425 notam
1578 4378 1670 4441 esse,
1702 4370 1743 4427 ut
1765 4359 2022 4446 consideretur,
2047 4387 2154 4455 quam
2177 4365 2415 4453 periculosum

399 4484 550 4555 eumque
572 4465 615 4531 ad
638 4460 839 4556 Presbyteri
861 4475 893 4531 et
915 4459 1073 4530 Lectoris
1093 4484 1223 4530 munus
1251 4455 1380 4532 evehit.
1430 4457 1475 4525 sit
1490 4456 1653 4548 Synodos
1670 4481 1881 4540 convocare,
1913 4465 2033 4532 autad
2052 4486 2110 4532 eas
2130 4467 2304 4534 accedere.
2354 4460 2414 4533 Ad

398 4558 467 4632 Hic
481 4577 523 4633 ut
538 4559 690 4655 Cynicus
711 4577 745 4632 et
764 4558 919 4632 humana
945 4574 979 4630 et
999 4561 1121 4630 divina
1143 4562 1220 4630 iura
1237 4561 1379 4649 oblitus,
1431 4555 1641 4646 Procopium
1666 4559 1716 4627 sic
1738 4559 1878 4629 scribit:
1911 4561 1970 4632 Sic
1991 4565 2147 4634 adlectus
2169 4587 2268 4650 sum,
2300 4566 2331 4633 si
2352 4589 2414 4633 ve·

398 4665 527 4733 ardens
541 4663 732 4733 ambitione
748 4663 909 4751 adiungit
926 4684 962 4730 se
984 4660 1148 4745 sectioni,
1175 4684 1263 4753 quae
1284 4658 1377 4730 Gre·
1430 4682 1509 4726 rum
1521 4657 1745 4728 scribendum
1760 4673 1822 4739 est,
1842 4674 1883 4731 ut
1896 4660 2282 4755 omnesEpiscoporum
2295 4664 2413 4759 Syno-

396 4765 500 4850 gorio
522 4777 594 4833 erat
615 4763 777 4848 inimica,
808 4777 842 4834 et
862 4776 1021 4832 excutere
1036 4785 1172 4846 senem,
1199 4776 1232 4832 et
1253 4763 1290 4830 in
1306 4785 1378 4830 sese
1429 4761 1492 4825 dos
1506 4759 1626 4846 fugere
1640 4760 1765 4840 velim,
1791 4762 1872 4853 quia
1888 4764 2022 4833 nullius
2035 4765 2172 4857 Synodi
2189 4767 2320 4835 exitum
2337 4766 2413 4833 vidi

392 4864 585 4935 transferre
608 4862 776 4956 Episcopi
806 4864 1012 4954 dignitatem
1040 4875 1205 4945 conatur,
1245 4877 1378 4952 pugnat
1427 4860 1582 4942 bonum,
1615 4873 1676 4929 aut
1698 4862 1809 4949 magis
1830 4863 1931 4932 finire
1952 4887 2008 4934 eas
2029 4867 2192 4951 dissidia,
2223 4890 2328 4958 quam
2354 4890 2412 4934 ac-

393 4960 575 5042 factione,
608 4976 643 5032 et
668 4965 833 5053 pecunia,
863 4978 898 5036 et
923 4966 1098 5052 profectus
1125 4959 1376 5032 Alexandriam
1418 4961 1588 5029 rendere.
1639 4959 1729 5028 Nam
1751 4961 1924 5050 cupiditas
1944 4967 2181 5039 contentionis
2199 4981 2232 5036 et
2248 4968 2412 5036 domina·

394 5059 587 5134 calumniis
609 5066 766 5134 accendit
777 5062 990 5156 Episcopum
1014 5059 1377 5151 contraGregorium.
1427 5059 1534 5127 tionis
1559 5060 1709 5130 vincunt
1741 5062 1926 5137 rationem.
1983 5064 2057 5134 Nec
2087 5080 2205 5136 tamen
2236 5068 2411 5137 existimes

396 5163 466 5234 Sed
482 5182 620 5252 praeses
636 5164 691 5230 cui
707 5178 791 5235 nota
804 5179 876 5236 erat
892 5165 1072 5253 integritas
1086 5161 1270 5251 Gregorii,
1297 5187 1375 5231 eum
1427 5154 1511 5227 haec
1525 5183 1581 5227 me
1599 5160 1681 5228 odio
1698 5161 1861 5232 scribere.
1913 5158 1967 5231 Ac
1981 5165 2085 5233 citius
2098 5165 2227 5258 aliquis
2241 5168 2411 5250 iudicans,

395 5263 481 5333 inde
498 5262 611 5353 pellit.
663 5261 774 5335 Redit
794 5278 910 5334 tamen
931 5280 1085 5336 armatus
1105 5265 1151 5335 ab
1164 5261 1376 5332 Alexandri·
1426 5260 1647 5329 accusabitur
1660 5260 1753 5348 ipse,
1777 5284 1883 5353 quam
1899 5263 2051 5332 aliorum
2067 5278 2243 5336 certamen
2258 5269 2412 5338 dirimet.

395 5387 460 5447 no,
485 5376 519 5433 et
541 5385 688 5452 magnos
710 5364 881 5434 tumultus
911 5363 988 5439 ciet.
1047 5364 1185 5434 Interea
1209 5361 1377 5432 Theodo-
1425 5359 1510 5428 ldeo
1534 5383 1591 5428 me
1613 5361 1651 5428 in
1672 5355 1739 5429 hoc
1761 5384 1895 5434 secessu
1915 5366 2101 5451 contineo,
2134 5382 2227 5438 etne
2249 5372 2410 5439 turbetur

395 5464 467 5532 sius
488 5464 643 5553 optimus
666 5463 862 5554 Imperator
883 5487 961 5532 cum
990 5466 1173 5535 seditiosos
1196 5479 1228 5535 et
1254 5478 1376 5558 tyran·
1423 5461 1598 5550 precatio,
1624 5462 1918 5553 tranquillitatem
1935 5467 2026 5535 tueri
2041 5469 2176 5537 studeo.
2228 5468 2330 5537 Nunc
2345 5492 2409 5536 au·

394 5587 460 5632 nos
474 5565 511 5632 in
528 5563 672 5655 Europa
690 5566 828 5654 magnis
842 5563 982 5654 praeliis
994 5565 1191 5649 delevisset,
1216 5577 1249 5634 et
1262 5567 1375 5634 victor
1424 5576 1492 5632 tem
1508 5573 1541 5631 et
1551 5561 1707 5653 corporis
1721 5563 1906 5634 infirmitas
1919 5590 1976 5635 me
1992 5584 2143 5653 excusat,
2161 5568 2298 5639 assidue
2312 5567 2406 5633 enim

393 5666 464 5732 iam
479 5680 640 5755 pacatum
663 5667 851 5758 imperium
867 5677 1015 5749 teneret,
1039 5666 1163 5736 tollere
1179 5668 1282 5734 etiam
1301 5667 1375 5733 dis-
1423 5663 1520 5732 velut
1535 5676 1727 5734 extremum
1745 5659 1894 5736 halitum
1911 5668 2026 5758 spiro,
2051 5682 2086 5739 et
2099 5691 2178 5736 meo
2193 5688 2338 5754 corpore
2354 5665 2407 5732 uti
2527 5750 2530 5755 ,

391 5766 481 5835 sidia
506 5766 898 5840 ecclesiastica.conatus
918 5779 978 5840 est.
1028 5763 1077 5840 Et
1099 5767 1256 5858 exemplo
1277 5765 1374 5859 Con7
1422 5786 1497 5835 non
1510 5785 1666 5857 possum.
1718 5762 1850 5840 ldeote
1864 5791 1946 5854 oro,
1969 5782 2009 5841 ut
2024 5780 2109 5867 ettu
2126 5761 2214 5835 mibi
2236 5765 2410 5852 ignoscas,
