6025 6775
505 611 581 686 969
1051 601 1081 677 1.
1132 597 1424 682 cunoutcott
1454 595 1702 686 CARIONIS.
1737 595 1881 676 'PARS
1906 599 1954 680 lt
2444 619 2519 690 970

506 797 541 855 et
557 792 636 875 post
649 772 868 849 Dalmatinm
882 770 1026 847 Orienti
1041 772 1217 866 praefecit.
1265 768 1372 842 Hunc
1395 796 1484 864 qno·
1538 771 1683 862 tyranni
1707 783 1829 842 contra
1845 766 2065 847 Christianos
2086 794 2328 867 exercuerant,
2361 800 2513 858 vastatae

506 906 574 976 qne
600 878 789 951 crudeliter
818 876 1058 948 dominantem
1084 870 1312 945 Constantius
1334 871 1485 943 interfici
1538 883 1653 940 essent
1674 872 1895 964 provinciae,
1928 875 2041 947 victor
2062 873 2315 955 Constantinus
2336 898 2369 957 et
2388 881 2513 957 Ficole-

505 981 616 1053 inssit.
676 978 846 1049 lulianus·
858 990 934 1069 post
957 972 1227 1062 Constantium,
1258 970 1485 1044 Constantini
1536 970 1604 1040 sias
1618 985 1651 1041 et
1667 972 1856 1064 imperium
1874 975 2058 1048 restituere
2070 978 2197 1070 coepit.

504 1083 640 1165 filium,
664 1080 856 1170 imperator
871 1078 983 1146 faetus
1004 1087 1067 1146 est·
1118 1072 1203 1144 Post
1225 1068 1324 1143 hune
1347 1094 1484 1144 succes-
1630 1066 1765 1165 Estque
1791 1074 1877 1145 haec
1904 1078 2054 1150 mutatio
2085 1101 2157 1149 una
2186 1080 2280 1151 inter
2302 1085 2509 1177 praecipuas

505 1206 565 1254 sor
592 1176 813 1250 Iovinianus
840 1174 1049 1246 Pannonius
1072 1196 1113 1243 ex
1140 1173 1211 1243 alia
1239 1172 1373 1243 familia
1397 1171 1480 1245 fuit.
1533 1172 1670 1260 generis
1690 1167 1837 1243 humani
1854 1178 2085 1264 mutationes,
2110 1178 2290 1252 difficilior
2311 1208 2417 1276 quam
2440 1189 2509 1259 fuit

505 1282 668 1375 Suntque
688 1281 773 1350 anni
794 1277 840 1347 ab
861 1277 965 1345 initio
984 1272 1208 1347 Constantini
1222 1271 1347 1362 Magni
1370 1298 1481 1368 usque
1531 1266 1684 1361 Augusti
1707 1274 1799 1344 victo
1816 1276 1996 1360 Antonio,
2027 1290 2089 1349 ant
2107 1280 2193 1350 Iulii
2215 1281 2307 1354 victo
2323 1282 2508 1377 Pompeio.

505 1385 549 1453 ad
566 1395 713 1452 mortem
730 1376 880 1460 Iuliani,
905 1374 1161 1468 quinquaginta
1176 1386 1267 1445 octo.
1530 1369 1672 1444 Bellum
1690 1387 1781 1444 certe
1796 1400 1877 1444 cum
1893 1376 2033 1449 Licinio
2047 1380 2151 1470 longe
2165 1382 2279 1453 maius
2294 1384 2378 1470 fuit,
2400 1408 2507 1478 quam

605 1480 688 1551 Post
715 1476 888 1548 Maxentii
914 1475 1097 1545 interitum
1127 1474 1218 1544 rexit
1247 1468 1479 1554 Occidentem
1532 1472 1588 1539 vel
1603 1471 1687 1543 lulii
1712 1475 1767 1543 vel
1784 1475 1935 1564 Augusti
1957 1480 2063 1555 bella.
2118 1478 2210 1550 Nam
2233 1495 2269 1552 et
2290 1484 2420 1554 ducum
2443 1509 2508 1576 par

505 1580 766 1652 Constantinus.
798 1576 959 1646 Licinius
973 1598 1057 1646 vero
1066 1572 1266 1660 Orientem,
1290 1572 1482 1666 quiMaxi-
1529 1570 1599 1640 fuit
1613 1574 1820 1662 magnitudo
1838 1576 1968 1660 animi,
1993 1582 2192 1669 etpotentia
2212 1595 2248 1652 et
2267 1606 2370 1654 causa
2393 1586 2507 1655 maior

501 1681 619 1753 minos
632 1680 819 1750 deleverat.
870 1673 1008 1747 Deinde
1023 1698 1091 1767 pax
1106 1675 1176 1746 fuit
1187 1676 1225 1744 in
1241 1675 1390 1767 imperio
1402 1672 1480 1747 Ro-
1530 1669 1616 1756 fuit,
1640 1696 1744 1764 quam
1762 1672 1845 1744 lulii
1869 1677 1925 1746 vel
1946 1672 2110 1767 Augusti.
2161 1678 2386 1756 Dimicaruut
2408 1685 2505 1755 enirn

501 1805 626 1866 mano,
660 1793 695 1849 et
716 1779 968 1869 imperatorum
994 1776 1183 1847 concordia
1206 1775 1346 1845 circiter
1371 1775 1480 1867 quin·
1529 1770 1569 1839 in
1582 1784 1698 1841 utram
1713 1785 1847 1861 partem
1861 1777 1959 1848 lieret
1971 1777 2175 1865 inclinatio,
2206 1805 2253 1852 an
2267 1784 2431 1877 deinceps
2447 1799 2505 1856 to·

502 1882 709 1973 quennium.
761 1877 851 1950 Cum
874 1901 956 1948 vero
978 1875 1140 1947 Licinius
1162 1876 1332 1966 paulatim
1355 1876 1478 1946 odium
1530 1883 1586 1942 tus
1602 1872 1699 1943 orbis
1717 1885 1852 1962 pareret
1866 1871 2078 1947 Christianis
2101 1880 2337 1971 principibus,
2368 1886 2505 1957 deletu-

501 1984 669 2051 adversus
685 1973 904 2051 Christianos
918 1980 1135 2061 ostenderet,
1160 1989 1195 2046 et
1213 1977 1350 2070 aliquot
1371 1976 1478 2047 nobi·
1528 1971 1577 2041 ris
1594 1967 1751 2044 ethnicas
1766 1972 1969 2062 religiones:
2003 2000 2050 2046 an
2072 2002 2156 2049 vero
2179 1997 2314 2072 pareret
2327 1980 2503 2071 Ethnicis,

503 2081 553 2151 les
576 2081 690 2163 viros,
730 2092 912 2170 propterea
936 2078 1030 2172 quod
1054 2077 1206 2148 abiicere
1226 2075 1477 2168 professionem
1528 2072 1696 2143 deleturis
1717 2067 1949 2143 Christianos.
2011 2073 2060 2145 Et
2081 2080 2187 2150 multi
2211 2096 2311 2155 erant
2333 2086 2439 2155 duces
2469 2099 2504 2156 et

502 2177 740 2250 Christianam
759 2180 965 2263 noluerant,
999 2177 1246 2260 interfecisset,
1280 2177 1477 2248 multorum
1527 2173 1658 2244 milites
1677 2173 1890 2243 nobilissimi
1911 2174 1950 2241 in
1973 2176 2126 2248 exercitu
2137 2176 2384 2270 Constantini,
2413 2209 2502 2278 quo-

503 2280 608 2350 stiam
630 2291 766 2370 raperet
779 2278 959 2350 facultates
972 2292 1005 2348 et
1019 2278 1206 2365 coniuges,
1231 2276 1335 2346 multi
1358 2278 1476 2347 exules
1528 2297 1607 2343 rum
1623 2288 1741 2365 patres
1763 2287 1798 2344 et
1819 2287 1948 2346 matres
1968 2276 2208 2347 crudelissime
2228 2281 2403 2353 interfecti
2425 2287 2503 2354 fue-

501 2380 547 2448 ad
571 2376 839 2456 Constantinum
869 2376 1097 2465 confugiunt,
1135 2388 1169 2447 et
1195 2389 1318 2468 petunt
1346 2378 1476 2469 suscipi
1526 2389 1617 2450 rant.
1668 2372 1752 2444 Fuit
1770 2374 1877 2463 igitur
1892 2397 1995 2446 causa
2009 2376 2115 2466 longe
2133 2378 2264 2465 maior,
2299 2405 2405 2475 quam
2429 2385 2501 2453 ulla

502 2479 743 2550 defensionem
755 2474 1048 2551 Christianorum.
1099 2474 1212 2548 Erant
1224 2477 1367 2547 foedera
1383 2479 1476 2549 inter
1526 2474 1565 2543 in
1579 2475 1737 2566 imperiis
1750 2498 1906 2569 unquam
1921 2476 2001 2561 fuit,
2026 2490 2059 2547 et
2073 2472 2226 2550 habebat
2237 2482 2348 2551 robur
2359 2482 2502 2572 imperii

501 2580 669 2669 collegas,
693 2577 871 2648 Licinium
890 2591 925 2648 et
939 2574 1231 2662 Constantinum,
1256 2592 1299 2666 ⁸et
1315 2577 1474 2650 Licinius
1524 2572 1798 2662 Constantinus,
1828 2588 1869 2646 ut
1883 2577 1927 2646 de
1945 2600 1985 2645 eo
2007 2576 2078 2645 dici
2102 2578 2230 2669 possit:
2262 2577 2310 2653 Et
2329 2603 2501 2676 causaque

500 2680 683 2770 coniugem
705 2674 859 2747 habebat
883 2699 1042 2748 sororem
1057 2674 1282 2749 Constantini
1298 2676 1489 2770 Constan·'
1524 2677 1637 2760 valet,
1662 2698 1872 2768 causamque
1888 2677 2071 2747 tuentibus
2088 2680 2206 2753 armis.

499 2780 598 2850 tiam.
649 2777 811 2848 Primum
837 2777 947 2866 igitur
969 2774 1131 2849 hortatur
1146 2777 1397 2851 Constantinus
1411 2780 1474 2850 Li·
1625 2773 1675 2846 Ut
1691 2789 1808 2846 autem
1822 2773 1918 2847 Deus
1934 2778 2116 2847 victoriam
2136 2780 2235 2849 dedit
2249 2774 2500 2853 Constantino:

497 2879 649 2962 ciuium,
674 2891 715 2948 nt
731 2877 826 2947 iuxta
844 2879 974 2963 edicta,
1007 2902 1097 2973 qnae
1111 2891 1213 2950 antea
1231 2879 1336 2949 simul
1353 2880 1473 2949 edide-
1524 2872 1572 2945 in
1594 2889 1714 2964 postea
1737 2898 1818 2944 enm
1840 2875 1976 2953 adiuvit
2005 2878 2045 2946 in
2076 2878 2328 2949 constitutione
2348 2881 2501 2971 imperii.

498 2993 595 3063 rant,
620 2990 739 3069 parcat
754 2972 973 3050 Christianis.
1025 2978 1090 3049 llle
1107 2993 1228 3050 contra
1244 2981 1394 3070 superbe
1416 3002 1474 3050 re·
1523 2971 1693 3044 Restituit
1714 2975 1807 3064 leges
1829 2988 1863 3047 et
1884 2975 2035 3063 indicia,
2071 2991 2107 3047 et
2127 2979 2256 3049 multas
2277 3001 2387 3049 novas
2408 2983 2501 3072 leges

499 3080 664 3171 spondet:
706 3101 742 3147 se
771 3101 844 3146 non
870 3078 1138 3169 impediendum
1159 3102 1232 3149 esse
1254 3080 1293 3150 in
1313 3104 1354 3150 ea
1376 3093 1473 3172 parte
1525 3074 1705 3160 condidit,
1748 3075 1954 3167 praesertim
1982 3079 2026 3146 de
2053 3078 2227 3168 coniugiis
2257 3090 2292 3149 et
2323 3081 2499 3170 pudicicia

488 3177 656 3272 imperii,
696 3201 801 3273 quam
832 3194 977 3266 regerer,
1029 3175 1078 3251 Et
1109 3180 1242 3250 balium
1276 3180 1473 3253 minitatur.
1523 3174 1656 3255 sanxit,
1681 3185 1723 3244 ut
1736 3174 1876 3267 capitali
1900 3177 2074 3268 supplicio
2096 3179 2327 3250 adficerentur
2350 3177 2501 3267 moechi,

497 3277 587 3351 Cum
603 3293 719 3350 autem
735 3278 806 3348 iam
817 3276 979 3349 Licinius
993 3279 1126 3349 violato
1142 3280 1252 3372 priori
1267 3280 1382 3351 edicto
1397 3281 1473 3352 foe-
1524 3285 1559 3344 et
1580 3297 1702 3344 omnes
1723 3274 1785 3367 qul
1806 3297 1843 3345 ee
1863 3276 2028 3369 deinceps
2060 3280 2261 3372 polluerent
2287 3278 2498 3353 libidinibns

496 3381 565 3452 duc
590 3379 762 3473 rupisset,
798 3393 834 3451 et
853 3379 945 3451 iusta
969 3380 1014 3451 sit
1035 3380 1192 3452 defensio
1222 3382 1327 3453 etiam
1348 3395 1472 3473 centra
1524 3387 1645 3445 contra
1662 3389 1845 3461 naturam,
1870 3391 1904 3447 et
1925 3393 2038 3450 scorta
2064 3381 2217 3451 mascula
2242 3381 2345 3452 iussit
2366 3382 2500 3477 ubique

495 3478 631 3565 socios,
678 3482 723 3551 ad
752 3480 998 3572 depellendam
1026 3481 1248 3552 manifestam
1274 3482 1473 3565 saeviciam,
1522 3474 1682 3550 interfici.
1720 3470 1909 3548 Prohibuit
1926 3492 1961 3550 et
1978 3480 2114 3552 civibus
2129 3482 2375 3576 polygamiam.
2408 3482 2501 3554 San-

496 3578 749 3653 Gonstantinus
767 3605 847 3652 cum
864 3581 937 3652 filio
953 3579 1079 3672 Crispo
1095 3581 1284 3651 exercitum
1300 3581 1339 3649 in
1355 3577 1471 3651 Thra-
1523 3575 1592 3661 rit,
1618 3599 1664 3645 ne
1678 3571 1872 3648 Christiani
1891 3579 1965 3649 nlla
1987 3580 2119 3651 iniuria
2141 3596 2286 3674 propter
2307 3583 2499 3674 professio-

496 3681 588 3751 ciam
611 3679 726 3760 ducit,
757 3682 821 3752 ubi
842 3683 887 3752 ad
907 3682 1032 3753 urbem
1054 3678 1347 3773 Adrianopolim,
1380 3704 1471 3774 quae
1522 3698 1607 3746 nem
1624 3677 1876 3764 adficerentur,
1907 3693 1941 3750 et
1964 3694 2006 3751 nt
2026 3683 2071 3751 ad
2094 3673 2248 3753 honores
2268 3683 2498 3755 admitteren-

496 3804 593 3852 nunc
622 3804 764 3873 quoque
795 3795 878 3852 nota
908 3796 979 3868 est,
1026 3781 1163 3875 fuitque
1195 3782 1282 3852 olim
1309 3776 1471 3862 Odrissa,
1523 3790 1593 3851 tur.
1624 3775 1844 3849 Nominatim
1859 3803 1944 3850 vero
1959 3780 2093 3874 excepit
2109 3776 2313 3854 haereticos.
2350 3781 2497 3857 Curavit

494 3902 629 3970 magno
639 3879 772 3973 praello
785 3880 1092 3964 vincitLicinium,
1107 3883 1150 3952 de
1165 3907 1236 3977 quo
1251 3895 1286 3952 et
1301 3884 1471 3953 miracula
1521 3901 1643 3949 rursus
1660 3879 1817 3949 edificari
1831 3875 2119 3953 Christianorum
2134 3884 2283 3976 templa,
2306 3896 2340 3955 et
2362 3886 2497 3956 reditus

493 3994 703 4055 nanantur:
729 3994 930 4072 conspectas
950 4006 1024 4054 esse
1044 3983 1083 4051 in
1099 3998 1180 4055 aere
1192 3984 1352 4053 flammas
1366 4006 1470 4074 supra
1520 3979 1683 4052 attribuit
1696 3978 1915 4049 Pastoribus.

501 4083 691 4155 exercitum
715 4079 951 4158 Constantini.
1024 4081 1157 4154 Scribit
1177 4082 1407 4154 Marcellinus
1431 4084 1472 4155 in
1561 4078 1570 4103 ⁸
1621 4079 1694 4149 Pro
1713 4077 1869 4147 millium
1884 4079 2035 4150 ulllllele
2049 4084 2184 4169 sanxit,
2207 4096 2248 4154 ut
2263 4082 2422 4175 praedia,
2454 4105 2495 4151 ex

434 4180 441 4188 ’
496 4185 648 4256 exercitu
660 4181 907 4268 Constantini,
932 4184 994 4278 qui
1008 4197 1131 4256 contra
1148 4183 1326 4255 Licinium
1344 4188 1471 4256 ductus
1521 4177 1651 4272 quibus
1666 4176 1767 4248 antea
1782 4176 1914 4249 milites
1932 4173 2128 4252 habuerant
2145 4183 2339 4276 stipendia,
2364 4184 2495 4252 trenel-

496 4298 565 4369 eat,
594 4286 701 4354 fuisse
716 4281 935 4354 Francorum
948 4285 1098 4369 auxilia,
1129 4308 1199 4377 qua
1216 4309 1258 4354 ex
1275 4307 1314 4353 re
1327 4287 1471 4376 adparet
1520 4292 1601 4349 rent
1616 4281 1661 4350 ad
1683 4271 1869 4364 haeredes,
1903 4291 1936 4350 et
1960 4280 2084 4353 fierent
2105 4284 2248 4375 propria
2268 4283 2495 4368 familiarum,

496 4381 765 4454 Constantinum
781 4381 999 4453 Francorum
1018 4385 1185 4453 virtutem
1201 4383 1320 4472 magni
1335 4385 1469 4458 fecisse.
1520 4382 1579 4451 sed
1595 4379 1663 4467 ita,
1687 4392 1728 4451 ut
1742 4392 1875 4450 certum
1892 4403 2079 4452 numerum
2094 4383 2248 4455 militum
2272 4384 2492 4475 praeberent.

596 4479 703 4570 Fugit
725 4507 765 4551 ex
780 4481 923 4574 Europa
938 4481 1099 4553 Licinius
1121 4483 1160 4552 in
1178 4477 1403 4578 Bithyniam,
1435 4500 1469 4559 et
1521 4478 1562 4550 Id
1580 4481 1722 4554 initium
1738 4493 1788 4552 est
1810 4479 1886 4550 eins
1908 4482 2036 4567 moris,
2067 4484 2128 4578 qui
2153 4494 2250 4554 nnnc·
2272 4495 2432 4553 servatur
2454 4483 2493 4550 in

496 4602 618 4654 rursus
634 4583 821 4653 exercitum
837 4584 986 4674 collegit.
1035 4582 1107 4655 Sed
1124 4583 1177 4654 ibi
1191 4608 1333 4677 quoque
1354 4587 1468 4658 victus
1518 4579 1669 4667 Feudis,
1691 4595 1732 4652 ut
1745 4581 1990 4665 nominamus,
2014 4583 2052 4652 id
2066 4598 2117 4655 est
2131 4583 2284 4677 praediis
2300 4584 2466 4655 militum.

495 4705 618 4775 pacem
648 4681 754 4772 petit,
796 4686 900 4757 missa
927 4686 972 4756 ad
1004 4683 1173 4755 victorem
1202 4708 1323 4756 sorore
1356 4687 1466 4778 ipsius
1618 4681 1699 4752 Hoc
1723 4683 1893 4752 beneficio
1914 4684 2030 4755 tenuit
2043 4682 2296 4756 Constantinus
2319 4685 2491 4774 obligatos

494 4781 724 4866 Constantia,
752 4787 967 4875 quaesitam
991 4784 1131 4855 Licinio
1152 4785 1279 4857 marito
1300 4788 1467 4879 impetra-
1518 4805 1640 4854 omnes
1661 4779 1829 4854 honestos
1846 4784 1988 4860 milites.
2055 4781 2209 4880 Ideoque
2231 4780 2328 4856 hunc
2354 4807 2491 4854 morem

493 4884 563 4955 vit:
589 4881 735 4966 sedita,
758 4895 800 4954 ut
814 4885 971 4974 privatus
984 4882 1255 4958 Thessalonicae
1277 4912 1357 4957 cum
1381 4914 1466 4960 con·
1516 4883 1691 4971 instituit,
1716 4886 1917 4958 utmallent
1938 4887 1977 4956 in
2000 4886 2174 4977 coniugiis
2196 4880 2342 4956 honeste
2362 4885 2489 4969 vivere,

492 4984 574 5073 iuge
592 4983 737 5054 viveret.
1517 4999 1551 5056 et
1568 5010 1750 5078 procreare
1765 4984 1941 5069 sobolem,
1967 5011 2072 5080 quam
2088 4987 2208 5077 vagari
2222 5000 2263 5059 ut
2276 4999 2391 5058 antea.

594 5078 790 5178 Aliquanto
805 5093 886 5174 post
898 5081 1073 5175 Licinius,
1104 5112 1184 5160 curu
1196 5112 1252 5159 res
1264 5110 1375 5158 novas
1387 5114 1465 5161 mo-

492 5183 640 5269 litetur,
664 5206 685 5252 a
699 5181 926 5255 Constantini
942 5189 1114 5276 praesidio
1122 5187 1393 5262 Thessalonicae
1409 5191 1465 5258 in-

492 5285 658 5358 terfectus
671 5296 735 5358 est.
784 5279 958 5373 Extinctis
978 5285 1083 5374 igitur
1106 5292 1264 5385 quinque
1287 5291 1465 5384 tyrannis:

491 5379 737 5468 Diocletiano,
767 5379 1005 5468 Maximiano,
1035 5385 1235 5475 Maxentio,
1266 5388 1465 5462 Maximino

493 5500 530 5557 et
541 5485 695 5571 Licinio,
716 5497 810 5556 tenet
825 5479 1066 5554 monarchiam
1084 5491 1179 5562 solus
1187 5483 1466 5577 Constantinus,

1566 5148 1674 5220 Anno
1689 5146 1816 5217 mnndi
1833 5160 1957 5240 quater
1971 5146 2158 5218 millesimo
2170 5148 2409 5221 ducentesimo
2423 5170 2489 5218 no·

1720 5248 1899 5338 nagesimo
1914 5250 2076 5341 septimo.

1567 5344 1675 5420 Anno
1688 5348 1825 5421 Romae
1838 5350 2027 5420 millesimo
2043 5350 2278 5441 octuagesimo
2292 5349 2429 5444 quinto.

1567 5451 1675 5520 Anno
1689 5447 1913 5522 Constantini
1930 5451 2095 5522 vicesimo
2111 5465 2219 5524 sexto.

495 5585 559 5678 qui
583 5612 663 5659 cnm
689 5587 781 5676 leges
804 5599 839 5658 et
858 5585 988 5656 iudicia
1011 5585 1126 5656 deleta
1154 5607 1285 5672 essent,
1326 5605 1362 5663 et
1390 5616 1464 5662 non
1617 5585 1806 5658 Pacatiano
1824 5598 1858 5657 et
1872 5582 2040 5658 Maecilio
2055 5584 2152 5658 Coss.
2168 5578 2333 5655 inchoata
2359 5581 2489 5652 estin

495 5686 612 5755 solum
626 5685 930 5771 belliscivilibus,
953 5686 1015 5756 sed
1036 5683 1141 5757 etiam
1161 5692 1327 5772 saevicia,
1360 5717 1473 5788 quarn
1516 5687 1701 5760 stautratio
1713 5709 1896 5758 murorum
1911 5683 2094 5779 Byzantii,
2119 5688 2181 5782 qui
2198 5709 2219 5756 a
2234 5681 2365 5754 Severo
2379 5682 2490 5776 impe·

542 5787 720 5858 urreisan.
745 5792 846 5862 Orrn.
873 5786 1048 5860 vonxlt.
1936 5786 1995 5858 δῖ
