6025 6775
374 574 447 643 tot
664 620 667 625 -
752 559 793 668 *ᾗ
855 611 863 632 ·

376 762 508 812 novum
536 734 737 821 hominem,
770 736 834 828 qui
861 733 1053 804 seeundum
1074 728 1189 801 Deum
1219 746 1355 801 creatus

377 857 429 914 est
442 841 482 909 in
494 839 631 910 iusticia
646 854 679 908 et
695 838 878 906 sanctitate
893 856 984 906 vera.
1025 828 1137 900 Gene.
1152 834 1202 905 1.:
1229 830 1354 902 Facia-

376 965 455 1011 mus
478 936 660 1010 hominem
682 939 726 1006 ad
749 937 934 1026 imaginem
952 947 985 1002 et
1001 931 1269 1002 similitudinem
1289 959 1355 1001 no·

376 1056 495 1114 stram.
545 1036 642 1127 Ergo
660 1039 699 1107 fit
712 1038 842 1105 mentio
857 1036 900 1102 de
915 1055 953 1102 ea
970 1032 1140 1120 imagine,
1166 1056 1255 1123 quae
1270 1058 1354 1103 con-

376 1141 472 1230 gruit
493 1141 539 1209 ad
560 1140 710 1228 singulas
732 1155 914 1225 personas,
939 1131 1101 1225 quae'est
1123 1132 1270 1218 mentis,
1291 1158 1355 1203 vo-

375 1239 543 1319 luntatis,
577 1236 760 1329 sapientiae
789 1246 823 1302 et
851 1232 1011 1304 iusticiae
1041 1232 1256 1319 similitudo,
1289 1258 1355 1305 nec

375 1355 498 1409 tamen
522 1333 609 1405 mihi
629 1333 785 1423 displicet
805 1333 897 1418 dici,
926 1346 1041 1405 totum
1064 1328 1179 1402 Adam
1199 1348 1354 1406 creatum

375 1464 453 1508 esse
467 1441 509 1509 ad
525 1430 747 1527 archetypum
761 1434 875 1505 lilium
888 1432 976 1517 Dei,
1001 1433 1063 1526 qui
1078 1447 1129 1503 est
1144 1435 1355 1506 snbstantia-

373 1541 422 1607 lis
438 1540 547 1623 imago
560 1535 692 1605 aeterni
707 1535 835 1625 patris,
861 1549 895 1607 et
908 1549 984 1606 erat
997 1548 1215 1606 assumturus
1227 1531 1352 1607 huma-

373 1660 457 1706 nam
475 1648 648 1704 naturam.

477 1731 559 1808 Vtt.
597 1734 714 1804 Adam
736 1733 884 1805 etHeva
906 1735 1013 1827 lapsi,
1038 1750 1079 1807 ut
1095 1739 1216 1809 recitat
1231 1760 1355 1808 narra-

378 1838 426 1906 tio
453 1837 494 1903 in
515 1833 666 1921 Genesi,
701 1850 932 1928 peccaverunt
962 1836 1061 1907 abusi
1092 1862 1154 1909 sua
1183 1839 1356 1924 libertate,

376 1959 452 2006 non
475 1938 585 2005 coacti
606 1938 828 2021 necessitate,
853 1960 917 2006 nec
939 1938 1038 2007 Deus
1058 1940 1127 2009 fuit
1151 1963 1253 2008 causa
1280 1942 1355 2010 eius

375 2037 513 2125 lapsus,
537 2040 596 2109 sed
618 2052 796 2127 peccatum
820 2060 839 2105 a
859 2036 1029 2123 Diabolo,
1052 2054 1086 2108 et
1111 2041 1157 2108 ab
1177 2041 1249 2109 illis
1271 2041 1356 2128 ipsis

376 2132 582 2206 hominibus
613 2152 731 2208 ortum
757 2151 817 2209 est.
868 2136 966 2207 Sicut
987 2137 1118 2209 Paulus
1142 2140 1259 2232 inquit
1280 2139 1356 2211 Ro-

378 2258 472 2307 man.
493 2233 547 2307 5.:
579 2236 649 2307 Per
677 2263 787 2308 uncam
807 2233 987 2306 hominem
1010 2254 1187 2330 peccatum
1210 2242 1357 2311 intravit

378 2338 417 2404 in
446 2339 640 2416 mundum,
672 2339 708 2406 id
737 2351 805 2422 est,
837 2339 874 2405 in
905 2361 1015 2427 genus
1044 2336 1251 2411 humanum.
1309 2337 1358 2408 Et

376 2432 582 2507 2Corinth.
601 2442 678 2509 ll.:
704 2438 856 2527 Serpens
878 2434 990 2507 Evam
1017 2438 1152 2525 decepit
1174 2460 1235 2506 sua
1260 2452 1357 2508 astu-

378 2538 435 2607 tia.
490 2534 540 2608 Et
560 2561 758 2608 execramur
773 2538 911 2610 Stoicos
926 2551 962 2606 et
977 2532 1205 2606 Manichacus
1219 2538 1357 2608 furores

378 2640 420 2706 de
436 2636 657 2707 necessitate.

339 2819 343 2826 Ι
480 2733 577 2808 vttt.
618 2736 672 2807 De
698 2738 883 2829 spiritibus
909 2736 1012 2806 etiam
1036 2732 1204 2822 dicimus,
1238 2734 1357 2807 aDeo

379 2858 501 2908 omnes
521 2837 667 2928 spiritus
690 2837 924 2925 intelligentes
946 2849 1167 2905 creatosesse
1183 2838 1260 2906 sine
1276 2862 1358 2928 pec-

381 2949 467 3023 cato.
521 2933 592 3008 Sed
606 2933 707 3017 'hos,
742 2939 804 3028 qui
830 2935 1060 3006 nominantur
1081 2934 1243 3030 Diaboli,
1275 2960 1359 3006 suae

382 3038 568 3109 voluntatis
587 3038 751 3109 libertate
766 3060 940 3125 peccasse,
967 3060 1039 3104 non
1057 3053 1192 3110 coactos
1207 3038 1358 3106 necessi-

383 3151 469 3225 tate,
490 3161 555 3210 ncc
567 3136 665 3208 Deus
679 3136 746 3205 fuit
762 3159 861 3205 causa
878 3137 954 3206 eius
970 3138 1108 3228 lapsus,
1134 3141 1194 3208 sed
1212 3140 1256 3208 ab
1274 3138 1358 3229 ipsis

380 3237 542 3336 Diabolis
558 3252 675 3310 ortum
697 3250 748 3306 est
771 3260 891 3304 eorum
916 3251 1113 3326 peccatum,
1139 3251 1179 3307 ut
1201 3262 1359 3328 expresse

382 3337 536 3411 affirmat
558 3334 749 3422 Dominus,
784 3331 906 3407 lohan.
929 3339 979 3409 8.;
1016 3335 1106 3407 Cum
1137 3338 1359 3409 mendacium

380 3439 559 3532 loquitur,
592 3463 632 3510 ex
661 3437 814 3531 propriis
845 3437 1021 3529 loquitur,
1052 3450 1087 3507 et
1112 3451 1164 3508 est
1185 3441 1360 3510 mendacii

383 3553 494 3629 pater.
556 3532 606 3610 Et
631 3539 671 3607 in
694 3539 838 3630 epistola
861 3536 986 3607 Iudae:
1021 3533 1176 3626 Angelos
1201 3541 1359 3631 quinon

382 3640 610 3709 retinuerunt
628 3637 796 3726 originem
818 3661 935 3718 suam,
962 3653 996 3709 et
1011 3638 1230 3731 reliquerunt
1246 3642 1361 3711 domi-

381 3740 511 3808 cilium
532 3736 723 3827 proprium.
773 3732 820 3810 Et
833 3736 926 3810 Psal.
942 3738 994 3808 5.:
1018 3738 1101 3809 Non
1117 3736 1213 3810 Deus
1238 3743 1360 3819 volens

382 3837 608 3932 iniquitatem
627 3850 665 3909 tu
678 3859 735 3911 es..

482 3935 547 4010 IX.
580 3933 693 4007 Primi
714 3953 874 4029 parentes
896 3942 986 4031 lapsi
1009 3941 1058 4008 rei
1084 3942 1229 4012 fuerunt
1249 3955 1361 4010 aeter-

385 4062 451 4110 nae
470 4040 559 4124 irae,
585 4052 620 4109 et
642 4038 837 4110 amiserunt
854 4041 970 4110 luceru
990 4052 1024 4109 et
1036 4040 1283 4110 rectitudinem
1298 4066 1361 4109 vo-

384 4140 527 4211 luntatis
547 4153 582 4210 et
602 4140 738 4222 cordis,
764 4153 798 4212 et
815 4142 993 4210 desierunt
1010 4163 1083 4210 esse
1099 4141 1268 4232 templum
1283 4136 1362 4226 Dei,

386 4258 417 4310 et
436 4255 578 4333 propter
596 4240 755 4333 ipsorum
776 4241 913 4332 lapsum
933 4254 1005 4311 tota
1021 4244 1203 4332 posteritas
1217 4264 1361 4311 nascens

385 4365 425 4436 cx
452 4343 701 4413 commixtione
724 4344 831 4411 maris
853 4356 887 4410 et
908 4342 1082 4412 foeminae
1107 4345 1219 4413 adfert
1241 4367 1363 4434 pecca-

386 4456 459 4513 tum
473 4443 639 4531 originis,
664 4459 706 4516 ut
720 4442 955 4537 appellatione
969 4443 1095 4513 usitata
1110 4458 1263 4538 utamur.

484 4539 530 4609 X.
560 4540 744 4615 Peccatum
758 4542 928 4633 originale
945 4557 995 4611 est
1007 4566 1123 4612 carere
1140 4543 1275 4615 iusticia
1291 4543 1364 4611 ori-

384 4641 514 4729 ginali,
540 4643 574 4710 id
593 4658 659 4723 est,
684 4646 762 4714 luce
777 4646 816 4714 in
833 4658 949 4712 mente
964 4656 997 4710 et
1012 4644 1222 4712 rectitudine
1235 4644 1364 4712 volun-

385 4742 468 4812 tatis
488 4755 522 4812 et
543 4745 677 4829 cordis,
708 4760 743 4816 et
765 4744 1019 4835 gubernatione
1044 4743 1163 4815 divina
1187 4745 1225 4810 in
1248 4744 1365 4829 nobis,

383 4854 530 4931 propter
562 4869 667 4936 quam
707 4847 1009 4937 depravationem,
1048 4867 1137 4937 quae
1168 4859 1282 4914 secuta
1314 4859 1365 4914 est

384 4940 527 5032 lapsum
552 4945 746 5031 primorum
777 4960 981 5035 parentum,
1011 4957 1044 5013 et
1071 4957 1215 5035 propter
1243 4969 1364 5015 eorum

387 5040 528 5132 lapsum
552 5057 731 5114 nascentes
752 5048 801 5116 rei
825 5061 906 5115 sunt
931 5047 1002 5114 irae
1019 5059 1197 5123 aeternae,
1220 5047 1289 5113 nisi
1306 5048 1367 5125 fiat

387 5140 548 5210 remissio
563 5156 707 5233 propter
716 5146 827 5215 filium
834 5144 914 5230 Dei,
939 5149 983 5215 de
997 5171 1065 5238 qua
1080 5158 1198 5236 postea
1209 5147 1354 5216 dicetur.

489 5240 549 5314 Xt.
591 5239 808 5315 Damnamus
826 5246 1033 5335 Pelagianos
1053 5261 1087 5315 et
1109 5242 1367 5337 Anabaptistas,

388 5355 422 5410 et
442 5341 593 5428 similes,
619 5344 682 5438 qui
705 5368 848 5439 prorsus
869 5361 1000 5438 negant
1019 5349 1133 5417 ullum
1156 5371 1227 5415 esse
1246 5371 1368 5439 pecca-

390 5455 463 5510 tum
481 5443 649 5533 originis,
675 5460 710 5518 et
726 5447 863 5536 fingunt
876 5463 1038 5518 naturam
1052 5445 1209 5517 hominis
1223 5472 1295 5517 esse
1312 5449 1369 5516 in-

390 5554 531 5631 tegram,
554 5560 587 5616 et
602 5570 702 5637 posse
717 5548 786 5639 legi
794 5546 862 5618 Dei
876 5550 1081 5631 satisfacere,
1101 5562 1135 5617 et
1148 5549 1222 5618 fieri
1241 5551 1368 5620 iustam

390 5642 474 5731 ¹⁹8&
525 5644 743 5721 Damnamus
764 5665 799 5722 et
815 5644 1033 5729 Monachus,
1059 5649 1119 5737 qui
1135 5649 1269 5720 etiamsi
1285 5651 1369 5721 reti-

442 5748 625 5816 Mecanrtt.
648 5755 751 5824 Orsa.
778 5756 862 5818 Vos..
877 5750 955 5816 XII.

1126 518 1629 635 eaoeostrtoaas.

2194 515 2197 522 μ
2318 577 2394 652 402

1407 743 1492 801 nent
1506 753 1637 799 nomen
1654 733 1789 823 peccati
1803 735 1968 826 originis,
1989 750 2107 807 tamen
2122 754 2241 829 postea
2256 746 2389 831 dicunt,

1406 826 1497 900 hanc
1514 843 1678 901 naturam
1695 828 1881 905 hominum
1898 860 1997 925 posse
2014 838 2084 927 legi
2100 838 2169 909 Dei
2184 845 2391 927 satisfacere,

1407 944 1442 1001 et
1477 931 1553 1020 lege
1588 933 1714 1002 iustam
1755 958 1839 1004 esse.
1905 935 2063 1025 Fingunt
2099 940 2182 1009 item
2215 943 2289 1031 lege
2318 969 2391 1011 non

1407 1032 1569 1101 damnari
1600 1047 1778 1124 peccatum
1812 1037 1978 1125 originis,
2026 1040 2107 1130 qnia
2142 1042 2196 1109 lex
2227 1044 2393 1135 loquatur

1406 1145 1545 1205 tantum
1562 1136 1607 1201 de
1624 1135 1839 1220 actionibus,
1872 1161 1946 1205 uon
1963 1140 2007 1205 de
2024 1140 2160 1209 iusticia
2178 1143 2231 1210 vel
2251 1145 2391 1213 iniusti-

1407 1234 1460 1303 cia
1492 1234 1669 1323 originali.
1728 1235 1798 1306 Sed
1835 1233 1920 1306 haec
1949 1237 2177 1311 deliramenta
2207 1244 2391 1315 manifeste

1406 1334 1607 1404 refutantur
1630 1337 1725 1405 dicto
1747 1335 1849 1404 Pauli
1868 1334 1974 1408 Rom.
1993 1336 2026 1410 7.
2052 1364 2130 1409 cnm
2155 1344 2240 1412 citat
2264 1369 2305 1412 ex
2319 1343 2391 1414 De-

1405 1434 1543 1524 ealogo:
1569 1433 1651 1504 Non
1670 1436 1910 1527 concupisces,
1936 1453 1970 1509 et
1986 1440 2147 1509 adfirmat
2161 1444 2212 1511 ibi
2228 1446 2391 1512 damnari

1406 1531 1475 1614 hoc
1488 1536 1639 1617 malum,
1664 1538 1761 1628 ¹quod
1776 1560 1872 1608 nunc
1884 1538 2110 1610 nominamus
2122 1543 2292 1631 originale
2307 1569 2390 1635 pec·

1405 1649 1533 1706 catum.

1508 1734 1593 1810 Xll.
1628 1735 1855 1807 Voluntatem
1881 1753 1916 1808 et
1939 1739 2109 1809 iudicium
2127 1739 2195 1811 Dei
2219 1768 2258 1812 ex
2282 1748 2389 1815 verbo

1407 1836 1519 1926 ipsius
1538 1836 1799 1925 cognoscimus,
1825 1838 1903 1906 ideo
1928 1863 2007 1907 cum
2032 1843 2214 1933 quaeritur
2237 1846 2320 1935 quid
2347 1849 2390 1913 sit

1407 1951 1607 2028 peccatum,
1637 1936 1844 2025 inspiciatur
1866 1941 2012 2006 verbum
2029 1939 2114 2024 Dei,
2140 1943 2226 2012 sieut
2249 1956 2283 2012 et
2297 1942 2389 2012 Pan-

1408 2039 1463 2106 lus
1485 2037 1629 2104 deducit
1654 2058 1719 2103 nos
1742 2038 1784 2102 ad
1812 2039 1978 2119 verbum,
2003 2041 2186 2129 inquiens,
2211 2041 2316 2115 Runa.
2335 2046 2387 2113 3.;

1409 2136 1476 2203 Per
1498 2137 1609 2224 legem
1634 2136 1767 2223 agnitio
1791 2138 1932 2225 peceati.
1992 2135 2040 2206 Et
2066 2137 2240 2209 lohannes
2265 2144 2392 2233 inquit,

1411 2236 1429 2303 1
1452 2231 1576 2305 lohan.
1592 2237 1643 2304 8.:
1671 2234 1857 2304 Peccatum
1881 2250 1931 2306 est
1950 2238 2118 2329 quiddam
2136 2263 2297 2329 pugnans
2313 2269 2391 2310 cum
2425 2271 2433 2299 a

1407 2337 1481 2425 lege
1498 2336 1576 2406 Dei.
1627 2332 1676 2405 Et
1693 2335 1868 2405 Dominus
1884 2338 2000 2429 inquit
2015 2334 2140 2411 Iohan.
2159 2341 2209 2409 fn:
2237 2340 2389 2430 Spiritus
2466 2420 2470 2426 ¹

1408 2448 1548 2505 sanctus
1577 2450 1700 2523 arguet
1728 2440 1902 2506 mundum
1933 2440 1977 2506 de
2002 2455 2163 2529 peccato,
2197 2445 2291 2533 quod
2317 2469 2390 2510 mm

1409 2537 1558 2605 credunt
1573 2537 1612 2603 in
1627 2561 1695 2605 me.

1511 2634 1611 2707 Xlll.
1648 2633 1781 2706 Verum
1812 2651 1882 2721 est,
1915 2655 2092 2728 peccatum
2124 2666 2195 2710 esse
2222 2645 2391 2735 quiddam

1409 2729 1611 2827 discrepans
1632 2760 1650 2804 a
1674 2738 1843 2827 sapientia
1868 2751 1901 2807 et
1921 2740 2100 2811 voluntate
2118 2740 2204 2827 Dei,
2230 2747 2289 2813 sed
2309 2741 2392 2812 ltaec

1409 2839 1483 2927 ipsa
1513 2837 1682 2926 sapientia
1712 2851 1747 2906 et
1770 2839 1932 2906 voluntas
1955 2838 2021 2909 Dei
2043 2840 2080 2906 in
2103 2845 2211 2910 verbo
2233 2870 2392 2934 expressa

1410 2950 1471 3007 est.
1526 2934 1608 3003 Ideo
1630 2956 1709 3002 cum
1726 2939 1770 3002 de
1786 2937 1847 3004 illa
1863 2938 2112 3027 depravatione
2130 2942 2167 3007 in
2184 2944 2288 3010 nobis
2303 2946 2391 3010 dici-

1410 3051 1488 3122 lur‚
1513 3037 1572 3104 fiat
1593 3034 1735 3104 collatio
1757 3035 1801 3102 ad
1819 3037 1965 3104 verbum
1980 3037 2058 3109 Dei.
2108 3036 2192 3107 Non
2207 3056 2257 3108 est
2272 3043 2307 3107 in
2326 3039 2391 3109 ho-

1410 3139 1506 3206 mine
1537 3160 1610 3204 non
1640 3148 1761 3204 renato
1793 3135 1946 3203 assensio
1971 3136 2070 3204 firma
2089 3139 2133 3204 de
2157 3139 2289 3207 iudicio
2314 3139 2392 3219 Dei,

1411 3251 1558 3308 nonest
1582 3236 1714 3325 agnitio
1738 3235 1802 3302 lilii
1818 3232 1903 3314 Dei,
1927 3259 2000 3302 non
2024 3250 2105 3305 sunt
2129 3238 2237 3306 timor
2256 3254 2288 3307 et
2304 3242 2392 3307 dile-

1411 3340 1480 3409 ctio
1511 3334 1596 3420 Dei,
1636 3359 1700 3403 nec
1727 3335 1926 3405 obedientia
1957 3359 2154 3425 congruens
2185 3342 2228 3407 ad
2260 3356 2393 3410 caetera

1412 3452 1594 3531 praecepta
1615 3436 1791 3523 Decalogi.
1873 3434 1967 3504 Haec
1997 3432 2139 3507 collatio
2172 3452 2263 3508 recte
2291 3442 2393 3519 facta,

1411 3539 1567 3610 ostendit
1595 3537 1698 3629 quale
1728 3550 1761 3603 et
1791 3549 1960 3626 quantum
1992 3538 2124 3605 malum
2148 3540 2192 3607 sit
2215 3554 2392 3628 peccatum

1412 3639 1580 3729 originis,
1612 3640 1656 3705 de
1686 3661 1756 3728 quo
1787 3636 1872 3705 dicit
1894 3635 2027 3705 Paulus
2047 3632 2153 3708 Rom.
2179 3637 2229 3707 8.:
2265 3638 2394 3710 Sensus

1412 3740 1528 3811 carnis
1541 3737 1731 3806 inimicicia
1746 3751 1796 3806 est
1811 3738 1976 3806 adversus
1991 3735 2122 3817 Deum,
2148 3753 2181 3806 et
2196 3740 2301 3807 simul
2317 3765 2394 3809 mo-

1413 3855 1473 3910 net
1495 3854 1625 3931 quanta
1647 3838 1708 3905 lux
1726 3851 1762 3906 et
1779 3849 1950 3929 quantum
1966 3838 2071 3904 decus
2086 3838 2208 3905 fuisset
2221 3833 2394 3907 humanae

1413 3955 1576 4023 naturae,
1607 3939 1637 4006 si
1666 3938 1868 4007 retinuisset
1898 3936 2152 4022 integritatem,
2187 3950 2220 4005 et
2243 3957 2394 4029 quamtus

1412 4045 1530 4133 lapsus
1551 4039 1659 4108 fuerit
1682 4038 1830 4107 abiicere
1844 4032 1929 4103 haec
1946 4038 2037 4103 hona
2055 4061 2118 4128 pro
2137 4061 2172 4105 se
2190 4051 2221 4105 et
2240 4063 2301 4129 pro
2322 4055 2394 4108 tota

1413 4141 1626 4234 posteritate.

1514 4235 1613 4308 XIV.
1641 4229 1795 4304 LexDeo
1809 4244 1860 4300 est
1876 4232 2044 4320 sapientia
2061 4250 2201 4305 aeterna
2218 4253 2251 4307 et
2266 4240 2395 4305 immu-

1415 4340 1534 4410 tabilis
1556 4337 1595 4404 in
1613 4335 1704 4413 Deo,
1731 4333 1883 4402 revelata
1901 4332 1937 4398 in
1954 4332 2115 4402 doctrina
2132 4338 2238 4423 legis,
2261 4337 2395 4427 praeci-

1415 4442 1515 4533 piens
1545 4436 1666 4530 quales
1693 4457 1767 4501 non
1792 4454 1884 4515 esse,
1916 4446 2063 4525 atquae
2087 4436 2215 4518 facere,
2251 4451 2283 4503 et
2306 4461 2394 4525 quae

1415 4541 1578 4611 omittere
1610 4548 1787 4625 oporteat,
1828 4557 1888 4601 seu
1919 4534 2102 4622 postulans
2131 4537 2394 4624 congruentiam

1415 4666 1495 4713 cum
1526 4636 1695 4728 sapientia
1725 4646 1760 4704 et
1788 4635 1968 4703 voluntate
1992 4630 2077 4717 Dei,
2109 4657 2198 4727 quae
2227 4637 2263 4702 in
2288 4637 2393 4703 verbo
2484 4726 2491 4734 ,

1416 4764 1576 4832 expressa
1593 4752 1662 4822 est,
1686 4750 1719 4806 et
1737 4735 1946 4827 promittens
1962 4736 2054 4803 bona
2071 4736 2335 4818 obedientibus,
2363 4750 2396 4803 et

1416 4848 1588 4913 damnans
1609 4860 1747 4920 omnes,
1773 4835 1833 4927 qni
1855 4858 1927 4903 non
1944 4831 2077 4904 habent
2093 4830 2185 4904 hanc
2200 4858 2396 4925 congruen-

1416 4947 1521 5024 tiam,
1546 4953 1702 5034 quaeest
1720 4938 1867 5027 perfecta
1883 4935 2093 5004 obedientia.

1518 5040 1597 5110 XV.
1630 5036 1708 5107 Etsi
1728 5035 1783 5102 tex
1805 5048 1877 5102 erat
1900 5035 2030 5103 noticia
2056 5049 2201 5104 naturae
2224 5034 2341 5101 addita
2359 5035 2395 5102 in

1417 5143 1611 5224 creatione,
1637 5152 1669 5206 et
1692 5146 1771 5226 post
1791 5134 1927 5222 lapsum
1947 5136 2114 5202 manserit
2130 5134 2167 5199 in
2183 5147 2307 5202 natura
2326 5130 2396 5203 ho-

1416 5243 1545 5326 minis,
1570 5255 1686 5309 tamen
1708 5234 1790 5327 quia
1812 5244 1953 5323 propter
1975 5233 2263 5322 depravationem
2286 5237 2396 5324 caligo

1417 5366 1542 5432 magna
1558 5351 1609 5409 est
1623 5339 1661 5406 in
1674 5334 1867 5418 mentibus,
1890 5333 1970 5402 ideo
1985 5330 2082 5404 Deus
2095 5356 2171 5404 earn
2187 5349 2221 5405 et
2239 5360 2321 5403 voce
2337 5359 2397 5403 sna

1418 5440 1672 5536 promulgavit,
1705 5451 1744 5507 ut
1764 5448 1854 5503 extet
1876 5434 2117 5514 testimonium
2144 5458 2292 5523 arguens
2320 5457 2398 5524 pec-

1418 5558 1553 5627 catum,
1579 5555 1611 5611 et
1634 5554 1751 5632 postea
1774 5538 1902 5604 docens
1924 5537 2033 5606 iustos
2054 5536 2175 5628 quales
2199 5539 2312 5602 cultus
2334 5557 2397 5619 ap·

1421 5646 1559 5737 probet.

1847 5737 1895 5809 26
