6025 6775
433 627 505 705 153
881 604 1038 686 DECL.
1063 604 1154 682 'DE
1194 604 1386 682 CAPTA
1425 600 2008 681 CONSTANTINOPOLI.
2375 610 2449 685 154

427 795 599 903 ΜΨ,
757 767 770 784 ‘
1242 807 1292 849 su.
1307 783 1402 849 1556.
1457 735 1534 846 bus
1560 798 1625 845 suo
1656 777 1804 869 quisque
1833 777 1911 847 loco
1935 778 2065 849 rectius
2090 778 2194 850 faciat
2220 800 2367 851 munera
2388 781 2445 853 sui

546 887 605 908 ⁸*
1192 890 1197 898 ’
1236 872 1408 905 “⁸''
1467 877 1597 963 oflicii,
1624 887 1658 946 et
1675 877 1823 947 assiduis
1842 878 2029 967 gemitibus
2043 882 2182 971 etvatis
2197 893 2372 970 petamus,
2397 905 2444 951 ne

585 1008 661 1092 De
689 1001 837 1116 cappa*-
855 1009 1254 1123 cmm-nomn
1466 978 1560 1047 sinat
1573 972 1671 1048 Deus
1686 972 1859 1046 Ecclesiae
1881 979 2009 1065 deleri,
2033 991 2068 1050 et
2087 980 2165 1049 fieri
2188 980 2295 1050 tale'm
2315 980 2445 1050 barba·

1253 1070 1264 1094 '
1467 1079 1555 1147 riem
1579 1090 1613 1147 et
1634 1078 1850 1161 vastitatem,
1875 1078 1988 1169 qualis
2010 1080 2114 1151 estin
2127 1103 2255 1170 magna
2271 1092 2369 1169 parte
2384 1102 2446 1169 ge-

508 1187 543 1239 tn
561 1185 648 1239 select.
664 1178 743 1235 Dect.
754 1178 795 1235 Ὗ·
809 1178 859 1233 W·
876 1197 903 1251 p.
918 1180 965 1233 ¹⁶¹
981 1199 1056 1252 1111
1086 1181 1216 1263 ateana,
1231 1185 1263 1240 T·
1276 1184 1296 1267 l·
1315 1204 1341 1255 n·
1355 1184 1415 1267 622·
1466 1177 1563 1248 neris
1581 1170 1750 1262 humani,
1775 1201 1816 1246 11
1830 1179 2033 1268 praesertim
2049 1203 2155 1273 quam
2170 1181 2241 1252 late
2255 1174 2445 1250 Mahome·

541 1246 828 1374 pwpeeyvppw'rpv
853 1249 952 1320 Μ’
980 1277 1018 1290 “
1062 1250 1150 1305 ΕΜ
1176 1262 1318 1322 repartum
1344 1252 1415 1308 “³¹¹⁸
1466 1279 1534 1348 tica
1548 1278 1709 1372 tyrannis
1724 1278 1941 1349 dominatur.

1351 1379 1353 1384 ’
1567 1377 1621 1446 Ac
1642 1379 1686 1445 de
1702 1375 1830 1447 Turris
1847 1389 1997 1466 augeant
2011 1381 2115 1450 nobis
2126 1392 2261 1450 metum
2277 1379 2444 1450 vaticinia

438 1516 559 1587 Oratio
582 1507 630 1580 dc
647 1515 764 1599 capta
780 1509 1120 1602 Constantinopoli3
1145 1514 1311 1582 recitata
1325 1533 1349 1581 a
1364 1511 1414 1583 D.
1466 1477 1504 1546 5¹¹
1518 1472 1704 1548 Embl‘l‘
1726 1479 1770 1548 ‘¹⁰
1786 1475 1867 1595 (3⁰5
1886 1490 1919 1596 5¹
1934 1475 2073 1595 M³3⁰5·
2120 1477 2259 1598 PelPdf
2275 1493 2309 1549 ‘¹
2321 1504 2445 1551 ΜΠ·

617 1612 812 1703 Gemi„
837 1610 1016 1680 Maio„
1040 1632 1101 1681 m,
1117 1607 1228 1684 1556·
1381 1607 1386 1613 ’
1465 1591 1519 1647 111
1541 1578 1712 1669 quaedam
1731 1580 1985 1667 praeductrones
1998 1575 2150 1651 Hrltenn
2172 1605 2241 1649 vrrr
2262 1603 2445 1649 111111111-

464 1742 469 1747 .
1466 1679 1667 1763 temnendi,
1690 1679 1753 1770 qui
1771 1677 1839 1750 fuit
1852 1676 2107 1762 Franciseanus
2125 1679 2166 1746 in
2183 1680 2329 1769 collegio
2346 1676 2445 1749 11111-

430 1768 564 1848 Annus
592 1766 652 1838 hic
680 1783 732 1839 est
758 1770 968 1859 centesimus
995 1772 1196 1857 attentius,
1228 1785 1414 1863 postquam
1466 1777 1626 1863 nacensi,
1657 1790 1791 1847 etcum
1815 1777 1883 1847 alia
1907 1778 2097 1868 praedixit,
2131 1801 2220 1870 qnae
2243 1793 2446 1864 evenerunt,

432 1873 543 1976 ’111πί
565 1873 624 1941 die
644 1867 736 1939 Moli
763 1870 927 1939 vicesimo
951 1894 1047 1941 nono
1066 1869 1413 1963 Constantinopolin,
1465 1893 1542 1949 tum
1567 1891 1601 1947 et
1622 1871 1691 1945 hoc
1713 1878 1943 1961 vaticinatur,
1975 1901 2070 1947 anno
2093 1879 2279 1947 millesimo
2302 1900 2446 1949 sexcen-

432 1999 504 2045 non
527 1974 642 2043 solnm
665 1993 779 2041 ortem
803 1968 930 2040 Gonnoi
953 1970 1111 2061 imperii,
1137 1973 1322 2044 sedetiam
1348 1971 1413 2040 do·
1464 1978 1590 2049 tesirno
1614 1974 1753 2046 Turres
1780 1978 1820 2044 in
1841 1975 2033 2048 Germania
2061 1991 2096 2048 11
2119 1975 2221 2049 Italia
2242 1989 2446 2066 regnaturos

431 2072 624 2147 ctrina'rum
647 2084 682 2140 et
705 2085 804 2140 vetus
817 2067 994 2141 Ecclesiae
1012 2068 1228 2163 hospicium,
1253 2086 1333 2165 past
1347 2066 1428 2142 ob?
1465 2101 1549 2154 esse.

430 2178 606 2247 sidionem
622 2172 758 2242 dierum
777 2185 928 2263 quatuor
942 2185 976 2242 et
990 2173 1245 2265 quinquaginta
1261 2174 1298 2242 vi
1312 2194 1374 2261 cep
1567 2175 1609 2247 ld
1632 2177 1671 2245 in
1691 2175 1799 2247 tantis
1824 2196 1945 2264 regum
1969 2190 2004 2246 et
2027 2177 2227 2268 principum
2250 2176 2447 2263 discordiis,

429 2291 532 2362 runt,
556 2277 646 2343 sacta
670 2275 773 2341 caede
795 2272 1038 2343 crudelissima
1060 2273 1300 2365 imperatoris,
1326 2294 1413 2340 eon·
1464 2289 1499 2348 et
1533 2277 1769 2348 crescentibus
1806 2278 1972 2367 peccatis,
2019 2277 2221 2345 defensioue
2257 2279 2447 2363 idolorum,

430 2380 541 2469 iugis,
565 2375 717 2443 filiorum
741 2386 776 2444 et
796 2374 970 2462 filiorum,
995 2387 1028 2443 et
1051 2370 1413 2463 plotimnromnohl·
1463 2378 1663 2470 parricidiis
1680 2390 1714 2447 et
1731 2375 1810 2446 aliis
1824 2378 2014 2448 sceleribus
2029 2399 2131 2468 posse
2145 2376 2312 2462 accidere,
2336 2379 2447 2449 ratio-

421 2475 749 2550 linmfamiliarum
765 2475 949 2566 etpopoll·
1001 2471 1081 2561 Qut¹
1095 2484 1191 2541 1³⁰0
1205 2473 1249 2541 de
1263 2496 1312 2557 Ν,
1331 2496 1410 2542 tum
1464 2480 1575 2549 cinari
1587 2478 1690 2548 facile
1704 2489 1766 2547 est.
1817 2472 1871 2546 Ac
1882 2478 1955 2548 fere
1970 2480 2103 2570 ubique
2119 2489 2335 2548 attraxerunt
2349 2476 2446 2547 Tur·

362 2661 367 2676 ι
429 2603 490 2647 me
505 2578 580 2646 dies
595 2574 849 2659 admonuisset,
876 2596 1028 2666 eumque
1043 2594 1262 2661 magnacum
1277 2573 1411 2658 dolore,
1463 2604 1522 2652 cos
1536 2577 1746 2650 domesticae
1762 2577 1958 2651 discordiae
1972 2595 2007 2652 et
2021 2578 2090 2650 alia
2104 2578 2246 2649 1111111.

431 2693 467 2750 11
488 2692 619 2749 veteres
640 2673 818 2746 Ecclesiae
841 2673 1054 2744 calamitates
1075 2686 1109 2743 et
1131 2687 1329 2764 praesentes
1352 2674 1410 2741 in·
1798 2743 1803 2755 ,

362 2823 379 2842 ,
431 2792 567 2865 tuerer,
595 2792 629 2848 et
650 2801 733 2845 vero
757 2775 993 2866 prospicerem
1014 2774 1168 2861 futuras,
1191 2798 1266 2844 non
1283 2775 1351 2844 alia
1366 2775 1411 2843 de
1566 2778 1663 2849 Haec
1682 2803 1761 2849 cnm
1777 2773 1835 2847 his
1851 2776 1975 2845 dicbus
1990 2780 2196 2869 cogitarem,
2220 2777 2327 2849 simul
2341 2766 2446 2848 etiarn

370 2967 374 2971 Ι
430 2904 469 2950 11
485 2880 602 2973 potius
617 2873 675 2947 hic
691 2876 881 2948 dicendum
897 2897 970 2945 1111
984 2875 1112 2948 censui.
1463 2877 1634 2966 inquisivi
1663 2879 1836 2948 excidium
1858 2872 2099 2964 Athenarum,
2133 2903 2222 2972 quae
2252 2881 2447 2949 abeodem

531 2979 622 3049 Nam
652 2988 686 3044 11
715 2975 805 3045 illud
825 3000 947 3046 verum
971 2990 1041 3062 est,
1073 2971 1168 3047 ὅπου
1191 2970 1312 3072 ἀλγεῖ,
1341 2970 1415 3043 ἐκεῖ
1464 2990 1633 3070 tyranno,
1676 2976 1738 3066 qui
1767 2974 1977 3065 Byzantium
2014 2980 2149 3068 coepit,
2186 2977 2325 3049 'deletae
2352 2986 2446 3046 sunt.

426 3083 536 3175 χεῖρα
559 3077 641 3167 ἔχει.
691 3072 739 3145 Ε1
762 3081 856 3168 apud
879 3079 1038 3148 iuniores
1061 3098 1200 3146 necessa
1222 3089 1274 3146 est
1297 3086 1412 3146 tantas
1464 3078 1534 3149 Sed
1549 3097 1668 3146 causas
1683 3072 1801 3140 videte
1816 3073 1929 3138 divini
1946 3074 2081 3148 iudicii.

430 3179 664 3267 imperiorum
694 3190 729 3244 et
751 3178 930 3244 Ecclesiae
953 3178 1164 3247 mutationes
1189 3198 1292 3272 saepe
1316 3200 1412 3245 com·
1559 3174 1789 3246 Florentinus
1799 3170 1944 3261 quidam
1954 3168 2079 3238 Nerius
2089 3171 2324 3263 principatum
2334 3167 2447 3241 Athe·

431 3274 640 3349 memorari,
674 3273 714 3337 in
742 3274 871 3361 quibus
895 3297 975 3342 cum
997 3297 1129 3361 poenae
1151 3274 1320 3341 scelerum
1343 3269 1413 3339 hu-
1464 3299 1593 3345 namna
1614 3277 1762 3363 adeptus
1785 3281 1876 3353 erat,
1901 3267 2032 3336 iseum
2050 3270 2220 3348 moritur,
2241 3270 2348 3339 vidua
2365 3291 2445 3337 curn

430 3395 621 3444 manorum
646 3370 928 3461 conspiciuntur,
955 3372 1066 3465 aliqui
1081 3384 1172 3440 certe
1185 3371 1413 3439 modestiores
1465 3373 1614 3468 parvulo
1639 3373 1713 3442 filio
1737 3370 1876 3453 relicta,
1913 3367 2076 3459 impetrat
2102 3369 2250 3463 pecunia
2272 3393 2292 3439 a
2314 3364 2447 3438 Maho-

428 3477 522 3544 fiunt
544 3485 577 3541 et
599 3484 807 3557 moventur,
832 3495 915 3542 cura
937 3494 1019 3542 suae
1041 3471 1164 3541 salutis
1187 3482 1221 3539 et
1236 3467 1413 3540 Ecclesiae
1466 3488 1578 3558 meto,
1611 3489 1651 3544 ut
1679 3473 1755 3562 ipsa
1781 3471 1820 3538 in
1849 3468 2069 3558 possessione
2094 3471 2313 3561 principatus
2335 3469 2445 3540 Attici

427 3574 541 3664 magis
555 3571 766 3644 afficiantur.
1464 3586 1613 3643 maneat.
1661 3569 1759 3639 Haec
1782 3582 1900 3659 postea
1923 3570 2051 3639 exarsit
2070 3594 2190 3639 amore
2204 3568 2330 3641 Veneti
2351 3592 2446 3639 mer·

533 3673 584 3743 lta
601 3672 777 3742 Siracides
798 3671 897 3738 iubet
920 3669 1050 3736 intueri
1064 3669 1215 3737 aliorum
1232 3668 1410 3735 calamita·
1463 3671 1608 3754 mauris,
1643 3671 1705 3764 qni
1728 3667 1888 3737 Venetiis
1908 3692 2053 3737 uxorem
2074 3665 2244 3754 habebat3
2276 3695 2356 3740 cum
2379 3665 2447 3738 hoc

431 3792 501 3860 tes,
524 3790 564 3845 ut
588 3769 769 3842 communi
793 3769 866 3856 lege
887 3767 992 3837 nobis
1016 3766 1146 3837 similia
1169 3768 1313 3836 serenda
1337 3789 1410 3836 esse
1463 3771 1670 3863 paciscitur,
1695 3771 1727 3838 si
1743 3768 1936 3839 divortium
1955 3769 2058 3840 faciat
2075 3795 2153 3839 cum
2170 3793 2298 3850 uxore,
2324 3770 2445 3861 seipsi

434 3878 641 3967 cogitemus:
677 3869 795 3940 Hodie
808 3863 920 3953 mihi,
946 3889 1021 3936 cras
1037 3868 1113 3937 tibi.
1462 3886 1654 3964 nupturam
1681 3892 1774 3956 esse,
1805 3882 1840 3940 et
1868 3868 2122 3941 collocaturum
2145 3895 2225 3943 eum
2249 3871 2288 3939 in
2311 3870 2445 3962 princi-

533 3973 681 4063 Scripsit
690 3970 861 4064 Polybius
874 3991 912 4037 se
925 3967 1074 4038 astitisse
1083 3964 1242 4055 Scipioni
1259 3964 1410 4036 intuenti
1462 3987 1598 4066 patum,

432 4073 653 4165 Carthaginis
669 4069 873 4140 incendium
888 4092 928 4137 ac
941 4062 1186 4159 lachrymanti,
1212 4088 1316 4157 quem
1331 4091 1411 4134 eum
1566 4070 1722 4142 Venetus
1751 4073 1916 4141 incensus
1945 4073 2137 4164 cupiditate
2164 4074 2309 4143 domurn
2341 4073 2444 4152 redit,

431 4185 695 4265 interrogasset,
722 4195 785 4242 cur
807 4164 1042 4263 lachrymaret
1064 4166 1177 4237 victor
1199 4177 1296 4235 tanto
1317 4166 1411 4234 bello
1463 4186 1498 4243 et
1514 4173 1700 4260 coniugem
1718 4195 1855 4241 veneno
1873 4171 1979 4244 tollit.
2028 4171 2152 4242 Postea
2167 4175 2260 4244 redit
2276 4167 2445 4256 Athenas,
2505 4191 2508 4196 ’

433 4272 617 4373 perfecto?
657 4273 752 4344 Tum
775 4271 835 4340 ille
857 4292 997 4360 gemens
1014 4267 1214 4359 respondit,
1239 4289 1313 4335 non
1335 4266 1412 4335 sine
1464 4285 1498 4342 et
1528 4273 1634 4340 ducta
1659 4270 1771 4350 ,vidua
1799 4270 2000 4360 principatu
2020 4272 2171 4360 potitur,
2201 4287 2235 4343 et
2257 4273 2443 4341 saeviciam

431 4381 563 4472 ingenti
582 4372 884 4447 commiseratione
901 4393 936 4440 se
953 4367 1305 4448 11111111111111111111,4
1321 4390 1412 4460 quae
1464 4385 1601 4442 exercet
1625 4371 1664 4440 in
1685 4370 1782 4441 viros
1802 4370 1951 4442 nobiles.
2003 4366 2237 4441 Athenienses
2252 4385 2445 4466 tyrannum

433 4490 502 4556 iam
534 4502 646 4550 annos
672 4474 911 4565 septingentos
931 4471 1097 4554 stetisset,
1129 4468 1311 4538 interitum
1333 4490 1413 4558 spe·
1462 4472 1633 4553 aversati,
1658 4483 1822 4542 accusant
1838 4492 1918 4540 eurn
1934 4473 2027 4562 apud
2044 4467 2301 4544 Mahometum.
2352 4467 2443 4540 Cum

433 4603 524 4659 11111
545 4603 662 4672 posse,
689 4600 753 4645 nec
773 4575 849 4642 sine
868 4596 998 4661 magno
1018 4572 1140 4640 dolore
1155 4571 1198 4637 de
1212 4568 1328 4637 ruinis
1343 4569 1411 4637 im·
1463 4576 1506 4643 ad
1530 4568 1626 4643 hunc
1649 4573 1824 4664 proiectus
1838 4585 1944 4656 esset,
1969 4585 2009 4640 ut
2023 4595 2103 4641 eom
2117 4572 2265 4663 pecnnia
2281 4571 2444 4661 placaret,

402 4736 405 4747 ·
432 4687 612 4782 periurum
634 4691 812 4759 veterum,
846 4687 879 4744 ct
902 4674 1022 4744 futuro
1045 4671 1225 4763 aliquanto
1246 4682 1325 4758 post
1347 4694 1411 4738 ur·
1463 4668 1691 4743 Mahometus
1704 4678 1784 4743 eum
1795 4668 1947 4741 interfici
1962 4672 2072 4743 iubet.
2345 4662 2349 4673 ’

431 4791 489 4859 bis
508 4783 646 4855 Romae
669 4778 820 4857 excidio,
853 4775 952 4844 etde
976 4773 1146 4840 immensa
1169 4769 1410 4839 communium
1565 4771 1617 4844 lta
1631 4774 1785 4864 primum
1801 4773 1876 4863 ipse
1889 4773 2060 4842 scelerum
2073 4794 2202 4862 poenas
2217 4772 2328 4844 dedit.
2372 4769 2445 4842 Po-

436 4906 680 4957 aerumnarum
710 4876 848 4969 generis
876 4870 1025 4945 humani
1049 4872 1143 4943 mole
1170 4872 1339 4960 cogitare,
1372 4897 1411 4942 ac
1463 4886 1535 4944 stea
1549 4898 1628 4943 cum
1644 4868 1871 4945 Mahometus
1886 4873 1987 4963 parvi
2000 4869 2162 4942 haeredis
2179 4887 2326 4962 cognato
2342 4873 2443 4965 prin-

434 4983 621 5059 subiecisse
634 4977 699 5050 hos
715 5000 847 5050 versuta
1463 4975 1615 5064 eipatum
1641 4975 1860 5057 tradidisset,
1893 4973 1923 5040 is
1946 4974 2152 5057 mulierem,
2185 4996 2275 5065 quae
2299 4985 2443 5063 propter

512 5087 648 5167 Tempus
661 5091 714 5148 erit
729 5086 847 5170 quando
863 5087 1013 5144 ruiturum
1029 5094 1072 5142 est
1088 5077 1169 5141 llion
1183 5081 1291 5142 altum.
1465 5075 1652 5143 libidinem
1665 5074 1779 5163 specie
1792 5072 1946 5160 coniugii
1961 5074 2194 5164 principatum
2211 5075 2252 5140 ad
2269 5071 2442 5143 Venatum

514 5190 654 5272 Cumque
670 5191 755 5248 simul
772 5191 858 5248 tonia
872 5183 1007 5246 Priamus
1022 5185 1213 5265 populusque
1226 5183 1344 5261 peribit.
1463 5189 1654 5244 amatorem
1677 5173 1923 5256 transtulerat,
1947 5172 2119 5242 inclusam
2141 5173 2269 5242 carceri
2289 5172 2444 5264 Megaris

434 5291 608 5360 Videmus
639 5293 773 5364 antem,
804 5295 845 5350 ut
870 5281 915 5348 de
942 5278 1021 5347 aliis
1047 5277 1149 5346 malis
1180 5298 1252 5344 non
1284 5276 1412 5358 dicam,
1464 5274 1640 5344 interficit.
1693 5271 1745 5343 lta
1761 5288 1795 5344 et
1809 5271 1939 5343 mulier
1954 5273 2125 5341 divinitus
2141 5273 2342 5363 punita'est.

434 5415 529 5462 stunc
543 5386 682 5457 Tuscos
699 5403 773 5449 non
787 5375 970 5449 Thraciam
986 5391 1049 5450 aut
1064 5375 1248 5446 Graeciam
1266 5391 1412 5458 vastare,
1564 5372 1697 5442 Haeret
1728 5388 1839 5444 matre
1867 5373 2028 5456 orbatus,
2062 5394 2140 5442 cum
2168 5375 2236 5443 sibi
2261 5398 2441 5467 quoquea

436 5496 494 5563 sed
514 5507 677 5580 oppressa
695 5478 897 5562 Pannonia,
920 5480 989 5546 iam
1005 5479 1191 5570 aliquoties
1207 5478 1244 5543 in
1260 5474 1411 5545 Germa·
1462 5490 1608 5562 cognato
1638 5475 1726 5564 eripi
1758 5466 1997 5567 principatum
2022 5473 2173 5559 videret,
2203 5490 2339 5545 accusat
2360 5496 2441 5541 eum

436 5597 530 5662 niam
555 5591 727 5675 ingressos
753 5602 836 5650 esse.
888 5577 1006 5665 Quare
1027 5593 1223 5648 metuamus
1241 5599 1306 5645 nos
1321 5596 1411 5666 qno·
1462 5577 1556 5661 apud
1568 5570 1812 5646 Mahometum
1828 5578 1872 5645 de
1887 5598 1975 5645 nece
1989 5575 2122 5646 matris.
2171 5573 2319 5643 Mandat
2335 5572 2442 5659 igitur

437 5719 504 5786 que
526 5706 559 5762 et
581 5687 730 5759 Turrita
751 5695 784 5753 et
806 5681 877 5752 alia
898 5677 1009 5765 bella,
1032 5691 1065 5749 et
1086 5678 1280 5751 emendatis
1301 5676 1409 5747 mori·
1461 5673 1706 5760 Maho'metus‚
1734 5677 1858 5749 videns
1872 5676 2157 5750 non'essefinem
2171 5670 2443 5765 parricidiorum
