6025 6775
576 669 651 750 30,
1158 644 1317 728 nuci.
1348 646 1425 726 uu
1458 647 1598 728 vnn
1632 648 2024 732 anennuaou.
2200 709 2202 714 .
2535 670 2610 742 sos

578 839 774 918 maioribus
787 835 911 908 rebus,
935 850 1014 896 cum
1034 822 1179 918 quidem
1203 821 1439 891 astutissimus
1455 822 1567 911 signi·
1619 822 1826 915 opiniones,
1860 848 1950 915 quae
1980 822 2146 895 linxerint
2174 809 2330 899 humani
2352 793 2512 907 exercitia
2535 863 2610 911 esse
2649 815 2651 818 Ι

579 944 634 1012 fer
658 940 759 1010 istius
783 927 965 1004 tribunicii
988 920 1137 1013 agminis
1159 920 1264 1006 sciat,
1296 923 1569 994 nohisconiun-
1620 924 1766 993 eximios
1798 923 1931 1008 cultus,
1963 947 2054 1017 quae
2082 940 2168 996 tunc
2198 952 2340 1024 quoqne
2371 940 2609 1011 asanioribns

583 1045 699 1115 ctione
728 1057 816 1127 opus
844 1051 916 1099 esse
943 1029 1109 1118 adversus
1138 1045 1343 1092 communes
1366 1019 1503 1107 hostes,
1536 1036 1570 1092 et
1621 1038 1756 1095 taxatae
1780 1039 1879 1108 sunt,
1904 1037 1945 1094 ut
1965 1021 2181 1097 Athanasius
2203 1035 2468 1123 superstitiones
2492 1064 2609 1131 repre·

584 1166 655 1214 ωε
677 1137 763 1209 etiae
784 1129 960 1225 graviores
980 1123 1257 1206 controversias,
1290 1126 1335 1191 de
1359 1125 1488 1217 quibus
1503 1146 1570 1192 nos
1623 1122 1759 1209 hendit,
1787 1124 1968 1217 inquiens:
1995 1123 2146 1222 actarii
2162 1127 2333 1225 ’Άσκησις
2345 1135 2430 1227 pee’
2448 1135 2609 1231 ἀληθοῦς

583 1243 722 1336 placide
745 1234 938 1305 deliberare
956 1227 1159 1318 oportebat,
1184 1237 1224 1294 ut
1247 1227 1397 1315 posteris
1412 1226 1571 1294 testimo·
1622 1217 1796 1323 γνώσεως
1818 1219 1881 1296 καὶ
1903 1223 2115 1318 suppetiae.
2166 1228 2256 1303 Vult
2280 1236 2434 1325 intelligi
2450 1244 2611 1312 exercitia

585 1346 644 1414 nia
666 1365 738 1411 non
760 1329 924 1419 ambigua
945 1328 1238 1424 relinqueremus.
1291 1323 1362 1396 Sed
1386 1321 1451 1395 hos
1468 1326 1572 1395 dolo·
1624 1351 1699 1398 non
1719 1349 1792 1396 esse
1815 1327 2011 1415 iusticiam,
2034 1343 2102 1402 aut·
2117 1331 2251 1419 cultus,
2276 1348 2310 1405 et
2334 1339 2412 1412 vult
2432 1344 2612 1413 moderata

586 1468 640 1516 res
665 1434 801 1511 Pastori
829 1431 935 1502 etiam
966 1426 1122 1522 precatio
1153 1439 1189 1497 et
1220 1427 1314 1496 bona
1347 1450 1425 1518 spes
1460 1428 1572 1496 lenie-
1625 1451 1708 1498 esse.
1768 1423 1866 1498 Haec
1894 1453 1975 1500 cum
1997 1432 2152 1523 exposita
2180 1450 2312 1522 essem,
2343 1435 2512 1530 Princeps
2539 1445 2613 1535 ipse

583 1550 687 1623 hant,
714 1555 885 1623 ac-saepe
914 1525 1048 1604 dictum
1076 1526 1209 1602 Psalmi
1235 1530 1431 1619 repetebat:
1464 1527 1572 1598 Com·
1625 1528 1830 1617 gravissime
1844 1529 1952 1612 dixit,
1977 1555 2015 1602 se
2028 1529 2106 1604 Deo
2127 1535 2388 1627 pertingere,
2413 1544 2507 1635 quod
2526 1538 2614 1617 haec

585 1641 714 1713 menda
747 1633 823 1706 Deo
855 1632 946 1701 viam
979 1647 1095 1714 tuam,
1136 1642 1172 1700 et
1205 1653 1306 1721 spera
1333 1630 1370 1698 in
1403 1653 1502 1709 eum,
1540 1641 1574 1698 et
1626 1630 1830 1700 discrimina
1851 1633 2032 1724 perspicue
2053 1635 2091 1702 in
2106 1630 2272 1707 Ecclesiis
2294 1642 2423 1711 nostris
2438 1642 2613 1716 illustrata

459 1797 462 1804 Ι
584 1747 658 1837 ipse
681 1740 795 1811 faciet·
1625 1744 1760 1814 extent,
1791 1744 1824 1800 et
1847 1728 1914 1802 Dei
1937 1736 2133 1824 praesentia
2154 1735 2193 1806 in
2207 1752 2359 1835 utroque
2379 1745 2489 1833 gradu
2510 1749 2613 1839 apiis

687 1841 768 1912 Non
790 1859 880 1930 opus
900 1846 952 1904 est
974 1832 1019 1901 de
1044 1831 1235 1902 domestica
1258 1830 1333 1902 eius
1348 1831 1419 1901 vita
1436 1829 1574 1921 prolixe
1626 1845 1834 1921 agnoscatur
1857 1847 1892 1905 et
1916 1835 2123 1907 celebretur.
2175 1837 2362 1913 Manifesta
2386 1845 2481 1914 enim
2508 1850 2610 1919 testi-

586 1948 721 2028 dicere,
755 1963 845 2035 quae
875 1935 943 2005 nisi
971 1934 1094 2003 fuisset
1113 1927 1378 2012 honestissima,
1409 1944 1449 2002 nt
1471 1944 1574 2001 antea
1626 1933 1744 2001 monia
1760 1935 1806 2002 de
1819 1934 1913 2019 Deo,
1940 1939 2033 2006 etde
2056 1940 2280 2030 providentia
2295 1958 2377 2015 sunt
2401 1946 2476 2037 ipsa
2503 1949 2613 2019 lexin

586 2048 679 2131 dixi,
701 2067 774 2112 non
798 2040 920 2110 fuisset
942 2049 1085 2105 vocatus
1098 2034 1143 2102 ad
1166 2028 1342 2102 Ecclesias
1356 2033 1574 2102 constituen·
1625 2034 1804 2106 mentibus
1826 2028 2012 2107 hominum
2033 2038 2173 2127 lucens,
2199 2058 2233 2115 et
2254 2048 2413 2116 miranda
2427 2072 2614 2118 conserva-

588 2153 649 2221 das
673 2172 692 2216 a
717 2156 769 2215 tot
785 2137 1003 2231 sapientibus
1017 2147 1051 2204 et
1073 2133 1142 2225 piis
1155 2131 1381 2224 Principibus
1395 2146 1430 2204 et
1444 2134 1575 2224 guber-
1626 2134 1676 2206 tio
1698 2135 1872 2206 societatis
1907 2133 2083 2210 humanae
2113 2144 2152 2218 in
2171 2159 2253 2230 ‚nm
2279 2142 2465 2218 horrendis
2485 2154 2614 2221 coniu-

589 2248 784 2320 natoribus.
834 2238 913 2309 Hoc
928 2236 1055 2307 addam
1074 2236 1118 2303 de
1133 2229 1283 2328 Gradu.x
1628 2235 1806 2317 sionibus,
1832 2251 1866 2308 et
1887 2238 2116 2330 imperiorum
2134 2247 2340 2319 constitutio
2366 2249 2403 2317 in
2421 2252 2527 2321 tantis
2545 2254 2614 2321 im.

689 2345 779 2419 Cum
800 2345 895 2412 iuxta
911 2334 1122 2409 Academiae
1138 2336 1427 2404 consuetudinem
1444 2331 1575 2425 Caspa·
1628 2337 1849 2429 pedimentis.
1916 2338 2014 2427 Quid
2047 2344 2141 2413 enim
2174 2346 2373 2418 mirabilius
2399 2364 2466 2435 est,
2505 2378 2613 2445 quam

589 2477 668 2523 rum
684 2446 912 2537 Crucigerum
933 2450 1111 2530 oporteret
1130 2451 1247 2528 petere
1270 2439 1420 2526 gradum
1443 2432 1576 2504 Docto·
1628 2435 1782 2508 Roriam
1807 2438 1899 2508 inter
1922 2441 2064 2512 adsidua
2088 2448 2277 2518 tribunicia
2307 2453 2498 2521 certamina
2522 2468 2616 2524 stare

588 2577 687 2637 rum,
719 2563 754 2620 et
778 2546 928 2639 inclytae
955 2539 1055 2610 urbis
1078 2535 1304 2626 Hamburgae
1327 2535 1478 2608 Senatus
1506 2529 1576 2604 huc
1630 2561 1741 2630 posse.
1792 2536 1905 2610 Bonis
1928 2542 2015 2612 viris
2031 2546 2075 2614 ad
2098 2550 2336 2636 posteritatem
2358 2552 2500 2622 virtutis
2518 2556 2616 2626 teeti.

590 2655 742 2724 misisset
771 2642 1019 2720 Reverendum
1052 2639 1167 2709 virum
1196 2635 1366 2710 Ioannem
1387 2635 1578 2729 Aepinum,
1629 2639 1790 2708 monium
1815 2655 1885 2721 est,
1920 2665 1999 2712 cum
2025 2647 2164 2716 abonis
2179 2649 2406 2742 Principibus
2429 2667 2617 2741 ornantur,

591 2769 631 2825 nt
653 2768 687 2823 et
709 2753 783 2842 ipse
806 2748 955 2837 gradum
978 2754 1131 2836 peteret,
1156 2741 1277 2811 aderat
1292 2736 1351 2809 hic
1364 2735 1444 2808 Dux
1465 2737 1577 2809 Saro-
1628 2740 1714 2832 ipsis
1741 2764 1823 2809 vero
1847 2739 2076 2835 Principibus
2105 2750 2217 2818 multo
2242 2754 2351 2841 magis
2378 2749 2616 2828 honorificum

594 2858 674 2924 niae
688 2848 831 2923 Elector
851 2847 1000 2918 loannes
1015 2842 1217 2913 Fridericus
1239 2864 1318 2911 cum
1340 2839 1577 2911 illustrissima
1630 2855 1700 2927 est,
1723 2842 1918 2931 intelligere
1942 2857 1976 2914 et
1998 2869 2116 2918 amare
2133 2852 2327 2933 doctrinas,
2354 2870 2389 2926 et
2405 2879 2526 2928 earum
2542 2873 2617 2930 stn-

592 2956 762 3044 coniuge,
788 2949 850 3044 qui
874 2939 954 3018 curu
977 2944 1167 3015 audivisset
1191 2942 1432 3013 testimonium
1457 2939 1578 3033 publi·
1631 2943 1689 3011 dia
1704 2943 1852 3013 excitare
1866 2958 1900 3012 et
1914 2945 2046 3015 iuvare.

592 3081 672 3128 cnm
688 3052 840 3144 Casparo
868 3064 902 3120 et
924 3046 1064 3139 Aepino
1083 3045 1313 3115 tribuendum
1336 3066 1429 3126 esse,
1454 3041 1579 3125 voluit,
1731 3044 1816 3116 Fuit
1830 3058 1944 3115 autem
1961 3061 1995 3118 et
2012 3047 2207 3139 postremus
2229 3055 2322 3124 vitae
2337 3054 2488 3127 Pastoris
2503 3061 2617 3128 nostri

593 3172 634 3230 ut
654 3153 710 3226 his
723 3154 849 3224 Pastor
871 3162 991 3220 noster
1006 3147 1274 3236 adiungeretur,
1300 3158 1335 3214 et
1355 3144 1511 3226 addidit,
1542 3166 1579 3211 se
1631 3158 1727 3216 actus
1737 3142 1804 3215 Dei
1821 3147 1989 3218 beneficio
2007 3151 2173 3241 placidus.
2212 3151 2302 3225 Cnm
2318 3158 2366 3227 ita
2382 3159 2620 3248 langueiactae,

593 3274 628 3329 et
653 3257 925 3349 disputationem
967 3265 1001 3322 et
1038 3247 1341 3319 renunciationem
1373 3245 1578 3316 auditurum
1632 3259 1746 3316 essent
1763 3248 1854 3317 vires
1874 3263 2049 3339 postremo
2070 3276 2188 3339 anuo,
2206 3269 2248 3326 ut
2268 3253 2503 3329 concionandi
2518 3262 2618 3333 labo-

594 3384 687 3440 esse,
711 3373 744 3428 et
761 3357 959 3426 levaturum
975 3373 1034 3420 eos
1048 3363 1201 3441 sumptu.
1243 3345 1322 3420 Etsi
1338 3347 1461 3418 Pastor
1474 3370 1580 3416 ercn-
1632 3372 1707 3418 rem
1732 3350 1906 3420 sustinere
1928 3375 2001 3423 non
2030 3371 2163 3445 posset,
2194 3358 2292 3443 venit
2315 3374 2430 3431 tamen
2461 3363 2619 3456 quotidie

595 3464 767 3532 sationem
785 3466 942 3526 senectae
956 3453 1151 3534 adferebat,
1178 3465 1294 3520 tamen
1311 3451 1393 3542 quia
1409 3472 1580 3518 verecun-
1634 3451 1670 3518 in
1688 3452 1878 3540 templum,
1905 3469 1945 3531 et,
1956 3455 2014 3545 pis
2031 3461 2229 3548 precatione
2243 3455 2452 3543 Ecclesiam,
2488 3479 2522 3534 et
2544 3487 2618 3534 sese

596 3562 676 3645 dius
698 3571 772 3628 erat
786 3558 825 3624 iu
845 3579 883 3624 re
900 3553 962 3623 tali
978 3576 1052 3620 uon
1067 3551 1130 3620 diu
1145 3544 1331 3640 refragari,
1362 3551 1428 3636 ait,
1456 3573 1491 3619 se
1509 3551 1580 3620 ob-
1634 3564 1668 3620 et
1691 3576 1757 3622 nos
1772 3550 1849 3622 Deo
1875 3558 2161 3631 commendabat:
2195 3562 2358 3634 veniebat
2374 3563 2478 3634 etiam
2495 3567 2538 3635 ad
2554 3589 2619 3635 ne·

596 3673 871 3750 temperaturum
893 3677 978 3724 esse.
1030 3651 1205 3721 Postridie
1228 3652 1327 3721 veuit
1354 3654 1398 3720 ad
1421 3652 1581 3744 disputa·
1633 3654 1796 3721 cessarias
1820 3655 2100 3725 deliberationes.
2157 3658 2318 3728 Tandem
2349 3690 2469 3735 mense
2491 3665 2620 3758 Aprili,

597 3766 731 3834 tionem
758 3758 926 3847 Princeps
958 3779 1036 3832 cum
1060 3752 1258 3845 praecipuis
1283 3754 1514 3837 consiliariis,
1547 3765 1582 3822 et
1631 3754 1844 3822 decumbens
1867 3753 2085 3841 sinemagno
2111 3759 2285 3840 cruciatu,
2319 3766 2481 3851 quotidie
2499 3762 2621 3856 preca·

597 3863 753 3934 studiose
783 3860 881 3930 audit
910 3850 1080 3941 Lutheri,
1120 3853 1319 3943 crucigeri,
1360 3854 1517 3925 Pastoris
1548 3868 1582 3923 et
1634 3855 1747 3925 tiones
1761 3852 1935 3945 repetivit.
2304 3920 2313 3939 ,
2383 3938 2386 3943 Ι

597 3963 728 4055 Aepini
745 3961 1011 4055 responsiones,
1035 3961 1079 4028 de
1093 3957 1249 4038 iusticia,
1275 3960 1319 4027 de
1335 3953 1512 4036 Ecclesia,
1538 3957 1582 4024 de
1737 3952 1848 4045 Saepe
1863 3954 1968 4024 etiam
1986 3956 2139 4061 suaviter
2154 3979 2233 4026 cum
2252 3960 2372 4030 amicis
2387 3965 2431 4032 de
2448 3987 2509 4055 spe
2523 3968 2621 4036 salu-

599 4065 802 4135 discrimine
826 4060 1014 4131 ministerii
1039 4060 1230 4150 evangelici
1257 4075 1290 4132 et
1315 4058 1494 4151 potestatis
1519 4081 1583 4150 po-
1637 4057 1681 4128 tis
1698 4070 1874 4135 aeternae,
1901 4069 1935 4126 et
1949 4056 1993 4125 de
2006 4056 2207 4149 posteritate
2222 4061 2416 4134 collocutus
2438 4080 2500 4139 est.
2554 4066 2620 4137 Vi-

598 4168 733 4246 liticae‚
771 4165 809 4234 in
840 4188 909 4257 qua
940 4162 1086 4232 materia
1116 4161 1244 4234 diserte
1268 4161 1381 4233 voluit
1404 4158 1584 4253 explicari,
1636 4183 1699 4248 gor
1714 4157 1841 4226 mentis
1855 4158 2023 4228 adeoiuit
2037 4159 2188 4249 integer,
2212 4175 2252 4232 ut
2266 4163 2408 4235 octiduo
2426 4182 2507 4237 aute
2523 4194 2622 4238 mor-

600 4295 680 4355 cur‚
710 4291 790 4338 cum
810 4265 948 4336 violans
973 4264 1139 4357 politicae
1161 4264 1341 4356 potestatis
1363 4265 1475 4333 edicta
1503 4286 1583 4355 per·
1637 4274 1705 4330 tem
1732 4256 1922 4329 Ductorem
1950 4257 2202 4330 Tilemannum
2223 4260 2441 4336 Hesbusium
2464 4266 2621 4363 Heydel-

598 4387 670 4458 cet,
701 4394 775 4441 uon
796 4367 901 4440 etiam
924 4379 1041 4460 peccet
1061 4366 1201 4436 violans
1223 4366 1488 4436 ecclesiasticam
1512 4378 1584 4435 tra·
1637 4363 1740 4450 berga
1767 4362 1971 4433 redeuntem
1998 4385 2079 4432 mox
2103 4380 2324 4452 agnosceret,
2350 4383 2384 4438 et
2410 4368 2522 4440 laetus
2541 4392 2623 4459 gra-

598 4475 769 4545 ditionem
789 4472 914 4541 factam
938 4492 958 4538 a
981 4466 1040 4559 pio
1061 4464 1216 4538 Pastore.
1269 4465 1422 4558 Fuitque
1445 4466 1478 4534 ei
1504 4489 1585 4555 per·
1637 4461 1856 4534 tulareturei
1880 4462 2051 4547 reditum,
2078 4478 2112 4534 et
2132 4465 2385 4548 sciscitaretur,
2411 4495 2458 4540 an
2477 4472 2515 4540 in
2533 4469 2624 4545 Aca-

598 4588 693 4661 grata
718 4572 832 4642 nostri
854 4569 1008 4641 Pastoris
1029 4566 1160 4651 oratio,
1193 4566 1254 4658 qui
1277 4566 1433 4654 dicebat,
1467 4588 1584 4634 arma·
1638 4565 1789 4632 demiam
1805 4561 2149 4658 Heydelbergensem
2167 4567 2379 4658 migraturus
2400 4587 2507 4657 esset,
2532 4586 2566 4644 et
2591 4577 2625 4645 ei

599 4686 669 4741 tarn
684 4695 757 4740 esse
777 4684 982 4762 potestatem
1001 4669 1180 4761 politicam
1204 4667 1391 4735 autoritate
1408 4665 1585 4736 condendi
1637 4668 1749 4734 fausta
1780 4679 1992 4756 precaretur.
2058 4665 2181 4738 Postea
2207 4671 2264 4739 die
2292 4672 2456 4743 vicesimo
2477 4671 2625 4764 Aprilis,

599 4772 761 4865 proprias
785 4770 896 4858 leges,
921 4794 996 4839 non
1019 4778 1216 4860 pugnantes
1234 4790 1313 4836 cum
1331 4763 1526 4857 Decalogo,
1552 4780 1586 4838 et
1638 4791 1718 4835 cum
1750 4789 1785 4835 se
1818 4767 1977 4860 quotidie
2003 4766 2077 4837 titio
2103 4764 2172 4838 Dei
2204 4766 2361 4853 Domino
2393 4788 2513 4844 nostro
2543 4773 2624 4846 lesu

600 4867 714 4943 dehis
729 4870 897 4941 traditum
913 4885 965 4940 est
978 4866 1480 4959 severissimumpraeceptum.
1513 4867 1585 4936 Ne·
1638 4863 1780 4937 Christo
1813 4869 2110 4950 commendasset,
2150 4871 2288 4962 placide
2316 4898 2358 4943 ex
2387 4869 2454 4945 hac
2484 4880 2629 4951 mortali·

600 4998 692 5047 cesse
708 4990 760 5045 est
775 4971 919 5042 obedire
934 4982 1079 5062 propter
1095 4970 1357 5057 conscientiam,
1384 4972 1444 5041 sed
1460 4969 1586 5040 Pasto-
1640 4970 1720 5040 vita·
1732 4969 1888 5039 decessit.

598 5079 698 5149 ribus
720 5098 879 5170 expresse
909 5067 1093 5167 prohiberi
1123 5075 1275 5144 condere
1299 5073 1461 5167 proprias
1482 5072 1586 5162 leges.
1736 5069 1809 5142 Nec
1825 5071 2062 5144 dubitandum
2078 5085 2145 5157 est,
2169 5097 2243 5143 esse
2258 5099 2338 5145 eum
2361 5077 2401 5148 in
2417 5103 2563 5149 numero
2580 5081 2627 5147 il-

429 5175 441 5185 ’
567 5178 658 5251 ,δίε
683 5179 778 5248 enim
800 5179 945 5250 dicitur:
978 5175 1089 5247 Nemo
1115 5199 1178 5246 vos
1202 5192 1324 5268 arguat
1341 5177 1378 5245 in
1395 5177 1495 5260 cibo,
1521 5199 1586 5267 po·
1638 5173 1775 5256 lorum,
1801 5175 1844 5241 de
1861 5173 2170 5265 quibusscriptum
2184 5191 2251 5247 est:
2272 5175 2373 5248 Beati
2389 5181 2535 5259 mortui,
2563 5182 2634 5271 qui.

598 5296 638 5352 tu
654 5294 743 5364 etc.,
774 5303 838 5349 nec
856 5302 958 5370 posse
980 5274 1072 5349 hanc
1094 5279 1293 5349 libertatem
1314 5280 1423 5349 ullius
1450 5292 1586 5347 creatu-
1639 5275 1677 5342 in
1692 5270 1848 5344 Domino
1864 5266 2079 5348 moriuntur‘.
2104 5354 2108 5365 ,
2131 5273 2324 5364 Quaerelas
2339 5280 2446 5369 igitur
2459 5280 2633 5352 funebres.

599 5408 659 5453 rae
672 5378 861 5452 autoritdie
875 5381 963 5450 tolli.
1014 5377 1064 5450 Et
1077 5393 1116 5450 ut
1129 5379 1167 5446 in
1182 5378 1395 5469 amplissima
1408 5381 1586 5472 quaestio·
1639 5375 1786 5457 omitto,
1819 5394 1860 5443 ac
1882 5377 1999 5467 potius
2023 5400 2087 5447 oro
2117 5378 2231 5449 hlium
2254 5376 2339 5466 Dei,
2371 5383 2551 5450 sedentem
2579 5385 2626 5453 ad

598 5511 643 5556 ne
675 5483 788 5554 multa
827 5483 870 5549 de
904 5479 1076 5569 dignitate
1108 5478 1271 5569 politicae
1304 5481 1506 5570 potestatis,
1553 5494 1587 5551 et
1639 5479 1796 5547 dextram
1819 5479 1954 5545 aeterni
1978 5479 2105 5569 patris,
2128 5504 2169 5550 ac
2190 5481 2285 5552 dona
2307 5484 2449 5552 dantem
2469 5475 2629 5553 homini-

600 5585 791 5675 evangelici
812 5578 998 5652 ministerii
1020 5580 1112 5648 dicta
1138 5591 1233 5648 sunt.
1263 5572 1266 5577 ’
1639 5579 1723 5664 bus,
1757 5576 1918 5647 Pastores
1952 5592 1986 5648 et
2016 5576 2206 5667 Doctores,
2241 5596 2281 5654 ut
2302 5605 2424 5655 rursus
2447 5578 2629 5656 Ecclesiae

699 5686 873 5778 Quaerela
895 5681 1001 5754 etiam
1016 5679 1145 5769 {addita
1170 5679 1397 5773 est,‚in1qua
1416 5680 1586 5747 narraba·
1639 5693 1778 5749 nostrae
1793 5676 1975 5751 Pastorem
1991 5680 2124 5755 tribuat
2142 5686 2349 5768 salutarem,
2374 5698 2410 5757 et
2423 5709 2490 5759 uns
2504 5710 2635 5760 omnes·

597 5803 673 5874 tur,
718 5791 786 5862 cito
820 5789 859 5859 in
884 5781 1079 5858 Ecclesiam
1116 5782 1296 5877 irrepsisse
1328 5779 1587 5874 superstitiosas
1640 5780 1829 5852 clementer
1848 5786 2031 5875 gubernet.
