6025 6775
609 597 712 746 ris
859 640 1068 728 scauri
1081 638 1169 722 eu.
1195 635 1315 714 uuo.
1341 632 1411 710 ao
1434 633 1563 713 nrsr.
1586 598 1734 716 eaor.
1761 635 2052 718 cernuos.
2077 635 2408 716 senesanna·
2573 638 2652 717 sn

615 847 734 912 temen
750 810 1019 915 Σαναχαρίβος
1038 812 1189 894 retinet,
1220 821 1256 878 et
1275 818 1427 880 statuero
1452 806 1528 878 eius
1549 804 1609 877 in-
1662 803 1774 895 dach,
1802 820 1838 882 ct
1859 809 1990 881 deinde
2005 806 2139 882 Darios
2159 808 2309 895 Medus,
2340 824 2375 883 ct
2396 806 2510 906 Cyrus
2531 808 2655 884 Pers's.

546 1003 553 1020 ,
619 938 697 1035 quit
710 934 751 1003 in
766 926 896 1016 templo
911 916 1127 1011 Aegyptiam
1149 923 1258 994 stare,
1288 933 1370 980 curn
1393 905 1460 979 hac
1482 909 1611 979 inscri-
1661 909 1846 981 Haecnon
1859 913 2046 984 suntiscta
2062 913 2141 985 sine
2159 913 2360 1003 insignibus
2382 914 2580 998 miraculis,
2616 914 2656 984 in

620 1041 758 1133 ptione:
784 1028 827 1098 ln
842 1046 899 1094 me
913 1019 1043 1111 aliquis
1058 1015 1202 1085 intuens
1218 1011 1300 1104 pius
1311 1011 1375 1082 sit:
1401 1009 1452 1092 εἰς
1473 1004 1536 1103 ἐμὲ
1557 1006 1614 1091 εἰς
1662 1013 1794 1105 quibus
1807 1009 1903 1085 Deos
1915 1014 2158 1086 testimonium
2172 1013 2330 1085 ostendit
2347 1015 2393 1086 de
2414 1037 2476 1100 sua
2491 1014 2654 1085 doctrina

622 1133 740 1234 ὁρέων
756 1119 910 1221 εὐσεβὴς
923 1117 1030 1191 ἔστω.
1547 1119 1557 1130 “
1663 1115 1757 1185 etde
1773 1109 1949 1199 Ecclesia,
1973 1138 2123 1208 quoruro
2139 1115 2260 1208 aliqua
2276 1116 2315 1184 in
2332 1111 2482 1186 historia
2495 1112 2656 1186 Danielis

487 1253 492 1262 ·
579 1301 585 1310 ,
620 1255 624 1272 ·
721 1226 843 1301 Asor
863 1212 1078 1303 Hoddon,
1115 1215 1154 1286 id
1178 1226 1247 1300 εει,
1278 1210 1447 1307 Assyrius
1479 1224 1614 1297 acutus,
1664 1216 1876 1300 recitantur,
1901 1238 2006 1309 quem
2020 1210 2654 1313 hicNabogdonosorinBabylonero

623 1334 788 1414 successit
808 1326 993 1399 interiecto
1016 1318 1130 1413 patri,
1164 1316 1327 1406 regnavit
1347 1336 1461 1385 annos
1481 1315 1617 1388 decern.
1665 1319 1869 1390 abduxerat.

624 1442 693 1514 Hic
709 1453 831 1506 rursus
846 1438 979 1498 mutata
1000 1434 1082 1492 sunt
1099 1414 1185 1487 haec
1203 1417 1318 1486 vicina
1342 1438 1468 1505 regna,
1499 1427 1536 1484 ει
1546 1411 1616 1485 Αε-
1768 1412 1948 1489 Obserres
1976 1427 2115 1503 autem,
2147 1412 2243 1488 hunc
2265 1416 2439 1490 victorem
2462 1418 2658 1512 Nabogdo·

625 1540 712 1636 syrii
737 1533 862 1605 amissa
879 1521 1086 1598 monarchia
1105 1519 1232 1590 domiti
1255 1529 1338 1587 sunt
1360 1514 1617 1611 aBabyloniis,
1666 1543 1832 1590 nosorem
1849 1533 1968 1589 ortum
1981 1541 2055 1587 esse
2070 1543 2112 1588 ex
2129 1515 2334 1612 Babyloniis
2356 1520 2520 1610 regibus,
2558 1522 2659 1593 vide-

625 1642 764 1732 iuitque
779 1623 973 1703 monarcha
988 1620 1189 1695 Chaldaeus
1210 1612 1267 1689 M
1270 1641 1342 1688 cro
1352 1612 1378 1687 d
1384 1611 1482 1690 ach.
1667 1623 1785 1693 liccta
1801 1616 2018 1703 Merodach,
2043 1643 2124 1690 eum
2142 1618 2213 1690 iam
2228 1633 2308 1710 post
2315 1616 2558 1695 Sennacherib
2577 1646 2662 1695 rur·

729 1730 788 1808 M
790 1719 1012 1807 erodarh,
1039 1726 1077 1793 id
1099 1734 1169 1803 εει,
1196 1744 1315 1791 amara
1339 1718 1524 1803 contritio,
1547 1716 1619 1787 Ba·
1667 1747 1728 1795 sus
1743 1722 2015 1800 dominarentur
2028 1719 2221 1816 Babylonii
2236 1715 2400 1816 Assyriis.
2470 1745 2477 1758 ·

627 1841 814 1939 bylonius‚
869 1827 1014 1901 domitis
1042 1821 1197 1917 Assyriis
1230 1822 1346 1892 tenuit
1375 1815 1619 1890 monarchiam
1769 1818 1811 1889 E
1819 1814 2157 1907 eilmerodoch,
2190 1820 2227 1890 id
2244 1834 2316 1906 εει,
2346 1822 2663 1915 insipiensMero·

630 1964 743 2017 annos
756 1932 1000 2030 quadraginta.
1036 1923 1155 1996 Huius
1170 1924 1388 1994 mentionem
1403 1917 1620 1992 facitEsaias
1670 1918 1780 2007 dach,
1816 1939 1878 1993 seu
1899 1924 2020 1994 iunior
2032 1918 2248 2009 Merodach,
2281 1926 2438 2013 regnavit
2460 1947 2574 1996 annos
2597 1926 2664 1995 tri-

508 2120 512 2130 ·
632 2039 823 2136 capitem,
1671 2026 1779 2114 ginta.
1848 2023 1971 2094 Primo
1998 2049 2112 2111 anuo,
2158 2048 2239 2095 curn
2264 2024 2354 2113 patri
2382 2023 2663 2113 Nabogdonosor

732 2137 771 2210 B
781 2120 1104 2212 enmerodcsch,
1127 2124 1164 2224 id
1188 2137 1260 2208 est,
1283 2122 1377 2194 filius
1393 2122 1524 2216 prioris
1539 2119 1622 2192 Me-
1671 2124 1806 2215 Magno
1824 2126 2057 2212 successisset,
2082 2125 2249 2197 liberavit
2263 2122 2440 2194 leconiam
2454 2151 2496 2195 ex
2510 2148 2661 2208 carcere,

633 2238 785 2326 rodach,
816 2230 1071 2323 recuperatoris
1100 2220 1326 2297 monarchiae
1347 2227 1442 2316 apud
1463 2224 1620 2317 Babylo·
1673 2242 1709 2298 et
1732 2229 1764 2314 ei
1782 2227 1918 2315 regium
1944 2222 2116 2297 honorem
2138 2239 2173 2297 ct
2197 2221 2333 2296 rictum
2354 2227 2536 2316 attribuit,
2566 2238 2610 2296 nt
2628 2226 2659 2295 in

633 2349 723 2419 nios.
774 2336 950 2427 Regnavit
963 2352 1080 2400 annos
1096 2328 1225 2416 viginti
1241 2339 1276 2395 et
1292 2351 1416 2397 unum.
1672 2329 1801 2399 ultimo
1815 2328 1928 2420 capite
1943 2330 2057 2420 quarti
2068 2327 2205 2421 Regum
2219 2326 2409 2416 scribitur,
2435 2341 2470 2400 et
2484 2329 2523 2396 in
2535 2327 2659 2398 ultime

733 2433 782 2512 N
784 2429 1113 2529 abogdonosor
1134 2427 1292 2508 Primus,
1318 2428 1440 2507 idest,
1465 2426 1623 2507 divinus,
1674 2430 1786 2521 capite
1804 2428 1988 2500 leremiae.

635 2550 760 2628 iudex,
786 2537 969 2631 Assyrius,
993 2534 1050 2601 vel
1065 2530 1264 2601 tribulator.
1316 2526 1496 2617 Regnavit
1511 2549 1624 2596 annos
1705 2547 1713 2564 ·
1775 2526 2062 2602 Consentaneum
2078 2541 2282 2614 estsutern,
2304 2524 2660 2621 ethuneamplexnrr

635 2641 964 2738 trigintaquinque.
1016 2631 1135 2701 Gessit
1154 2630 1289 2700 bellurn
1310 2654 1391 2700 cum
1412 2651 1493 2718 rege
1506 2626 1625 2721 Aegy·
1675 2652 1749 2702 esse
1779 2632 1976 2701 doctrinam
2000 2626 2161 2699 Danielis
2187 2631 2232 2702 de
2258 2653 2343 2700 vero
2364 2627 2459 2714 Deo,
2499 2653 2616 2722 quarn
2633 2642 2664 2697 et

635 2744 834 2845 p'tioNeco,
860 2739 960 2808 cuius
976 2734 1063 2802 belli
1077 2726 1211 2802 mentio
1226 2730 1265 2799 fit
1280 2731 1318 2800 in
1337 2727 1485 2800 historia
1500 2728 1626 2813 losiae,
1674 2746 1774 2824 pater
1787 2733 1931 2823 publico
1950 2731 2065 2800 edicto
2079 2731 2257 2822 professus
2268 2742 2330 2816 est,
2350 2752 2499 2823 eamque
2514 2731 2564 2799 ob
2583 2753 2665 2799 can·

635 2852 672 2922 4.
688 2846 827 2933 Regum
842 2840 904 2909 23.
952 2832 1000 2906 Et
1013 2839 1049 2907 2.
1065 2832 1184 2903 Paral.
1197 2825 1258 2901 35.
1273 2833 1338 2904 ubi
1355 2831 1541 2916 scribitur,
1566 2829 1626 2900 lo-
1675 2856 1749 2904 sam
1774 2832 1996 2903 clementiam
2023 2832 2218 2904 exercuisse
2238 2854 2319 2922 erga
2341 2853 2453 2921 regern
2470 2826 2666 2901 leconiam.

635 2954 722 3021 siam
746 2941 967 3013 interiectum
988 2959 1063 3005 esse
1083 2934 1121 3002 in
1138 2932 1329 3022 Mageddo.
1381 2930 1483 3021 Quae
1504 2931 1627 3022 appel·
1676 2931 1725 3005 Et
1744 2935 1902 3006 fortassis
1917 2935 1998 3003 idco
2016 2929 2202 3026 Principes
2221 2932 2326 3027 impii
2337 2932 2570 3003 nominarunt
2588 2951 2667 3002 eun

635 3051 722 3122 latio
741 3043 921 3115 decadem
942 3033 1090 3106 historia
1108 3047 1200 3104 extat
1216 3036 1305 3104 etin
1321 3029 1515 3113 Zacharia,
1545 3055 1626 3101 cum
1678 3035 1826 3105 stultum
1848 3026 2058 3107 Merodach.

636 3142 954 3244 inquitDominus:
983 3133 1249 3229 AspicientMe,
1269 3158 1375 3228 quem
1391 3130 1626 3203 confixerunt:
1777 3129 2016 3219 Balsaar,
2050 3134 2086 3203 id
2106 3147 2177 3223 εει,
2202 3132 2592 3214 dominmtesercitns,
2616 3155 2667 3203 re·

638 3253 681 3324 ln
696 3275 736 3320 eo
752 3247 810 3317 die
824 3242 891 3312 erit
904 3240 1082 3332 planctus,
1107 3237 1277 3306 sicutfuit
1290 3237 1329 3305 in
1345 3232 1626 3325 campoMagcd-
1678 3239 1799 3328 gnavis
1831 3261 1910 3308 curu
1936 3235 2105 3306 fratribus
2126 3257 2239 3306 annos
2262 3234 2544 3329 quatuordecim.
2604 3232 2670 3302 llic

639 3358 731 3434 don,
754 3345 920 3418 videlicet
932 3340 1116 3411 bateriecto
1135 3335 1236 3409 losia.
1679 3340 1859 3433 amplexus
1873 3338 2115 3428 estidolorum
2131 3336 2285 3417 cultum,
2311 3351 2347 3409 et
2359 3360 2444 3409 vero
2452 3334 2530 3409 Deo
2546 3335 2669 3432 populi

739 3448 941 3520 Herodotus
958 3443 1021 3514 lib.
1039 3444 1075 3510 2.
1093 3439 1308 3508 mentionem
1332 3437 1415 3506 lacit
1436 3437 1513 3505 eius
1531 3437 1629 3521 belli,
1682 3442 1789 3512 lsrael
1809 3441 1925 3533 palam
1939 3440 1987 3509 in
2010 3438 2176 3509 convivio
2196 3438 2397 3524 maledixit,
2436 3451 2477 3511 ιιι
2495 3438 2669 3530 scriptum

642 3570 825 3646 repugnas
842 3549 961 3617 locum
979 3544 1142 3611 nominat
1158 3538 1386 3628 Magdalum,
1413 3540 1504 3607 sicut
1527 3552 1560 3608 ει
1575 3537 1629 3608 Ιε-
1680 3558 1733 3614 est
1756 3540 1917 3613 Danielis
1937 3535 1973 3614 5.
2037 3538 2129 3609 Tarn
2160 3541 2231 3612 cito
2263 3539 2442 3611 bonorum
2461 3538 2670 3632 Principum

642 3656 769 3728 remiss
786 3651 861 3719 eius
876 3645 1033 3715 nominis
1047 3642 1263 3711 mentionem
1279 3640 1370 3712 lacit.
1422 3637 1490 3709 Sed
1513 3641 1630 3709 vicina
1681 3644 1864 3736 posteritas
1882 3640 2299 3731 desemicprorimomm
2316 3655 2457 3734 patrum
2475 3641 2672 3712 danaum

529 3746 532 3750 ’
641 3770 726 3828 sunt
738 3751 870 3844 oppida
895 3749 932 3816 in
956 3747 1075 3813 littore
1097 3743 1137 3810 in
1158 3744 1302 3831 regione
1325 3742 1438 3812 tribus
1453 3739 1629 3822 Manasse,
1681 3760 1715 3816 et
1729 3746 1897 3834 exempla.
1952 3742 2012 3813 Sic
2027 3754 2145 3811 autern
2159 3742 2304 3833 punitae
2320 3757 2405 3814 sunt
2418 3737 2671 3835 eiusblesplre-

642 3857 820 3948 Magcddo
834 3864 870 3921 et
883 3846 1102 3935 Magdalurn,
1681 3846 1791 3929 miae,
1816 3857 1859 3915 ut
1872 3852 1972 3932 capta
1987 3841 2187 3936 Babylone,
2213 3856 2249 3913 et
2267 3841 2345 3933 ipso
2366 3843 2574 3930 interiecto,
2597 3866 2673 3913 ιιιο-

742 3943 1114 4042 Nodogdnnosor
1151 3940 1307 4032 Magnus
1336 3941 1497 4030 regnavit
1518 3965 1631 4012 annos
1681 3941 1827 4017 narchia
1843 3943 2012 4016 translata
2025 3943 2131 4013 sitad
2150 3935 2335 4018 Persas.
2696 3924 2697 3951 ³

600 4133 604 4139 ,
643 4056 874 4155 quadraginta
891 4064 975 4147 tres.
1024 4045 1327 4117 Celebratissimus
1347 4057 1400 4112 εει
1422 4043 1460 4111 in
1483 4038 1630 4115 historia
1782 4043 1874 4116 Cum
1903 4057 2020 4114 autem
2043 4041 2249 4117 Herodotus
2277 4044 2318 4115 in
2345 4043 2441 4114 libro
2459 4046 2492 4114 1.
2513 4045 2675 4116 nominet

607 4216 621 4243 .
642 4155 868 4253 prophetica,
892 4165 1037 4241 propter
1057 4148 1202 4217 exilium
1217 4145 1331 4218 tribus
1346 4141 1434 4213 luda
1457 4144 1496 4212 in
1511 4141 1631 4240 Baby·
1681 4147 1897 4242 Labynitum
1913 4169 2010 4229 eum,
2035 4145 2097 4238 qui
2111 4160 2213 4239 capta
2226 4143 2409 4240 Babylone
2420 4141 2551 4234 aCyro
2568 4146 2673 4220 inter·

642 4266 737 4332 lone.
789 4256 898 4326 Anno
913 4251 1086 4321 sedecimo
1111 4249 1166 4318 sui
1188 4245 1289 4335 regni
1313 4246 1423 4316 cinxit
1446 4247 1632 4317 obsidione
1681 4238 1889 4332 iectus'est,
1927 4257 2206 4319 cousentaneum
2236 4259 2303 4327 est,
2340 4239 2436 4311 hunc
2457 4238 2668 4319 Balsaarun

643 4359 896 4452 lerosolymam
911 4342 1275 4442 regnanteZedechia.
1329 4344 1436 4438 Apud
1447 4345 1633 4419 leremianr
1684 4374 1758 4422 csse
1774 4351 1868 4441 apud
1881 4346 2105 4418 Herodotum
2119 4345 2349 4441 Labynitunt,
2372 4339 2471 4433 quod
2487 4340 2670 4432 significat,

643 4489 719 4556 cap,
733 4462 793 4533 39.
810 4457 978 4546 scripturn
995 4464 1064 4534 est,
1090 4450 1312 4519 obsidionem
1334 4449 1477 4518 durasse
1498 4473 1634 4521 annum
1684 4452 1843 4545 gladium
1860 4450 2057 4521 tradentem
2073 4450 2130 4520 vel
2146 4445 2386 4519 inclinantem.

645 4569 821 4654 integrum
847 4570 882 4628 et
904 4579 963 4625 sex
983 4574 1133 4623 menses.
1196 4548 1364 4619 Proximo
1391 4573 1513 4619 mense
1535 4564 1635 4643 post·
1787 4549 1856 4621 llic
1869 4551 1951 4619 finis
1964 4564 2017 4621 est
2029 4550 2161 4642 primse
2173 4538 2425 4629 monarchiae,
2449 4565 2546 4637 qnae
2560 4550 2667 4620 nomi·

645 4656 752 4758 quam
766 4664 850 4730 urbs
862 4657 1075 4749 ierosolyma
1091 4663 1191 4743 capta
1209 4665 1280 4736 cst,
1303 4648 1406 4725 iussit
1421 4674 1481 4721 rex
1489 4648 1636 4743 Nabog·
1684 4667 1792 4725 natur
1806 4647 2013 4721 monarchia
2026 4644 2262 4723 chaldeorum
2279 4657 2316 4716 et
2330 4641 2581 4738 Assyriorum.
2629 4647 2666 4721 Ar

647 4770 803 4834 dooosor
820 4758 933 4826 deleri
949 4759 1073 4825 urbem
1092 4753 1327 4843 cuempiam,
1354 4766 1388 4823 et
1405 4754 1561 4824 trastulit
1574 4751 1636 4824 lu·
1685 4777 1808 4826 rursus
1823 4749 1883 4823 hic
1897 4753 2036 4825 illustre
2048 4749 2245 4841 exemplum
2261 4747 2480 4839 pmpositum
2502 4762 2563 4819 εει
2584 4771 2667 4821 con-

646 4868 817 4935 daeorum
839 4855 1104 4932 multitudinem
1127 4853 1165 4922 iu
1180 4852 1413 4938 Chaldaeum,
1437 4855 1502 4924 ubi
1516 4855 1634 4924 exula-
1686 4857 1805 4926 munis
1828 4856 1997 4943 regolaez·
2010 4849 2177 4940 Regnum
2198 4862 2336 4941 agente
2353 4849 2390 4916 in
2406 4858 2554 4936 gentem
2569 4864 2670 4924 trans·

647 4958 699 5036 vit
716 4961 831 5035 tribus
849 4953 938 5027 luda
959 4979 1071 5025 1111105
1086 4953 1147 5022 70·
1686 4960 1799 5030 fertur
1822 4969 1966 5048 propter
1986 4951 2223 5039 iniustitiam,
2249 4975 2291 5022 ac
2311 4947 2521 5042 praesertim
2538 4967 2671 5046 proptu

747 5060 798 5132 Et
819 5081 1023 5154 quanquam
1047 5057 1170 5146 ingens
1189 5058 1369 5128 calamitas
1400 5069 1452 5128 εει
1480 5056 1638 5143 exilium,
1688 5055 1943 5152 blasphemiam
1971 5078 2013 5127 ac
2038 5054 2243 5138 saeviciam,
2290 5075 2383 5145 quac
2412 5050 2452 5118 in
2483 5045 2675 5125 Ecclesiam

571 5168 575 5175 ’
646 5183 680 5253 et
704 5166 753 5235 ita
768 5162 939 5252 dissipata
958 5173 1034 5231 erat
1054 5182 1138 5250 gens
1162 5157 1323 5244 ludaica,
1355 5171 1389 5229 ει
1407 5181 1528 5230 eversa
1550 5160 1638 5230 urbs
1687 5174 1879 5234 exercetur.
1929 5154 2112 5229 Excitatus
2134 5168 2186 5228 εει
2206 5169 2325 5226 ειιιειιι
2340 5149 2470 5247 Cyrus,
2492 5161 2536 5220 ot
2560 5169 2677 5244 postes

645 5264 879 5358 lerosolyma,
905 5273 941 5331 et
962 5262 1076 5331 deleta
1099 5260 1243 5351 politia,
1275 5274 1316 5330 nt
1335 5254 1502 5331 humanis
1520 5261 1639 5330 consi·
1689 5265 1828 5347 dicam,
1850 5272 1891 5331 ιιι
1912 5258 2086 5350 populum
2102 5254 2293 5328 iudeorum
2318 5275 2439 5324 rursus
2459 5248 2678 5328 mitteretis

633 5370 704 5443 'tiis
717 5364 856 5438 restitui
872 5386 946 5433 non
960 5378 1094 5454 posset:
1119 5375 1239 5431 tamen
1254 5359 1352 5430 Deus
1373 5360 1584 5434 mirabiliter
1604 5377 1640 5435 ει
1688 5352 1853 5444 ludeam‘,
1898 5359 1944 5429 ad
1981 5359 2277 5432 instaurationem
2304 5354 2427 5449 templi
2459 5363 2493 5420 et
2525 5354 2697 5461 politiae<

645 5467 801 5546 servavit
820 5478 987 5556 gentem,
1019 5474 1054 5533 et
1076 5451 1245 5553 reduxit,
1268 5459 1363 5529 etin
1384 5463 1489 5533 exilio
1512 5485 1638 5553 magna
1691 5465 1769 5556 lpse
1783 5460 1879 5531 enim
1894 5461 2094 5535 doctrinam
2118 5461 2163 5532 de
2181 5482 2265 5531 vero
2281 5454 2359 5529 Deo
2382 5451 2571 5526 aDsniele
2596 5458 2680 5529 didi-

606 5605 612 5614 ·
644 5575 759 5666 gloria
782 5565 937 5639 ornavit.
987 5559 1079 5632 Nam
1096 5558 1257 5632 Danielis
1277 5562 1496 5647 consessione
1517 5578 1553 5637 et
1572 5566 1639 5635 do·
1689 5576 1794 5635 cerat.

590 5742 597 5767 „
643 5677 757 5748 ctrina
773 5660 936 5739 coneer'si
954 5678 1040 5735 sunt
1059 5664 1104 5732 ad
1128 5660 1206 5729 veri
1220 5659 1288 5731 Dei
1311 5662 1528 5751 agnitionem
1550 5687 1640 5756 qua-
1672 5678 1674 5683 ·
1781 5659 1972 5737 Hactenus
2000 5659 2147 5737 recitavi
2168 5657 2377 5752 Catalogum
2400 5657 2543 5751 aliquot
2564 5682 2676 5755 agur

643 5794 726 5848 tuor
746 5759 975 5839 monarchae:
1004 5762 1301 5853 Nabogdonosor,
1327 5760 1640 5835 filiusEvilmero·
1688 5759 1951 5861 Chaldaeorum
1977 5779 2014 5837 et
2038 5761 2286 5856 assyriorum,
2319 5759 2531 5854 praesertim
2553 5784 2677 5844 eorus,
