6025 6775
389 649 465 729 ηε
1149 634 1656 719 rnovossrronas.
1737 745 1740 750 Ι
2332 652 2408 736 sss

391 816 533 895 subiicit
548 840 585 889 se
597 816 672 888 irae
688 812 769 902 Dei,
791 826 826 888 et
840 826 891 888 est
906 810 1185 906 deprecatorpro
1211 812 1371 906 siugulis.
1421 813 1614 908 accipimus
1629 809 1871 887 remissionem
1884 831 2127 911 peccatorum,
2151 842 2214 912 per
2228 825 2405 902 redemto-

389 919 438 994 Ec
452 923 491 991 in
506 920 623 991 officio
639 918 849 990 redemtoris
863 912 1060 985 includitur
1074 914 1296 1005 deprecator,
1320 917 1371 988 si·
1420 937 1516 1001 rem,
1542 928 1577 986 et
1590 929 1736 1008 propter
1751 940 1848 1004 eum,
1875 932 1910 992 et
1916 933 2016 1012 pater
2031 944 2113 992 vere
2129 945 2196 993 nos
2211 926 2349 1020 recipit,
2370 943 2407 1003 et

390 1037 448 1094 cut
462 1022 537 1115 ipse
551 1021 670 1114 iuquit
685 1014 761 1089 lob.
771 1020 844 1090 12:
867 1011 944 1105 Ego
960 1036 1026 1107 pro
1041 1014 1092 1085 eis
1106 1015 1284 1088 sanctifico
1301 1041 1370 1090 me.
1419 1015 1535 1106 filius,
1573 1016 1637 1109 qui
1661 1030 1714 1089 εει
1735 1017 1894 1090 Verbum
1914 1019 2048 1091 aeterni
2072 1023 2201 1114 patris,
2235 1027 2274 1097 iu
2300 1028 2418 1101 uobis

387 1121 477 1194 ltem
492 1118 619 1192 Esaiae
633 1116 712 1191 db:
743 1114 790 1189 Ει
805 1139 870 1209 pro
890 1114 1208 1207 transgressoribus
1220 1119 1369 1207 rogavit.
1418 1115 1572 1188 vivificat
1585 1139 1670 1198 nos,
1694 1120 1933 1191 etsanctibcat
1946 1120 2084 1213 Spiritu
2097 1142 2308 1206 suosaucto.
2356 1126 2406 1203 Et

386 1219 495 1294 Addo
519 1234 555 1291 et
581 1222 736 1316 quintm
758 1239 917 1296 causam,
956 1214 1060 1288 Hanc
1082 1211 1368 1290 humiliationem
1418 1239 1503 1306 uos,
1530 1241 1733 1313 quanquam
1752 1215 1869 1291 adhuc
1884 1222 1923 1290 in
1938 1223 2043 1293 uobis
2066 1218 2214 1299 haerent
2233 1230 2421 1324 reliquiae¹

385 1324 500 1414 ipsius
517 1336 660 1393 naturae
674 1316 826 1405 divinae,
848 1319 948 1413 quod
961 1318 1055 1411 patri
1066 1317 1106 1387 in
1121 1310 1190 1389 hoc
1202 1320 1367 1415 mirando
1416 1320 1569 1409 peccati,
1600 1333 1719 1390 tamen
1741 1321 1810 1392 fide
1833 1335 1978 1414 propter
1998 1326 2254 1411 redemtorem,
2286 1328 2404 1403 Deum

385 1424 527 1494 decreto
551 1423 786 1511 obtemperat,
825 1433 860 1492 et
881 1416 950 1491 hoc
979 1441 1149 1490 arcanum
1172 1418 1366 1493 Sabbatum
1416 1431 1452 1490 et
1478 1413 1677 1508 hominem,
1719 1421 2001 1514 interpellantem
2031 1426 2178 1498 adsidue
2200 1452 2265 1521 pro
2288 1432 2405 1520 nobis,

384 1537 510 1607 servat,
525 1519 683 1615 quiescit,
700 1543 765 1592 nec
778 1534 916 1594 exercet
930 1520 1123 1612 potentiam
1138 1542 1248 1607 suam,
1262 1534 1303 1592 ut
1311 1523 1366 1591 vi·
1416 1519 1608 1611 accipimus
1644 1522 1890 1594 remissionem
1924 1538 2164 1616 pcccatorum,
2211 1543 2246 1602 et
2281 1555 2402 1604 sumus

384 1636 433 1693 tet
445 1618 533 1691 banc
545 1620 756 1714 passionem.
799 1620 1065 1714 ldeoscriptum
1082 1620 1365 1693 estPsalmoSll.:
1415 1619 1521 1706 iusti,
1546 1624 1679 1714 accepti
1693 1619 1791 1712 Deo,
1818 1640 1853 1698 et
1868 1626 2087 1699 reconciliati
2102 1628 2272 1721 imputata
2295 1634 2402 1706 nobis

383 1721 428 1793 ln
450 1722 628 1814 principio
648 1723 734 1793 libri
758 1724 1003 1817 scriptumest
1025 1722 1069 1792 de
1085 1746 1160 1808 me,
1184 1735 1224 1794 nt
1237 1722 1365 1794 faciam
1414 1719 1553 1792 iusticia
1566 1725 1785 1800 redemtoris.

384 1824 602 1895 volontatem
624 1837 744 1910 tuam,
777 1825 878 1896 Deus
897 1847 1016 1906 meus,
1049 1823 1150 1909 volo,
1170 1834 1206 1893 et
1227 1823 1284 1894 lex
1303 1837 1365 1895 tua
1416 1892 1419 1898 ,
1516 1819 1666 1897 vatt.
1696 1819 1763 1894 Est
1784 1825 1893 1915 igitur
1912 1828 2121 1901 iustificatos
2138 1827 2315 1904 Dominus
2332 1858 2400 1906 no-

384 1925 422 1993 in
437 1925 558 1995 medio
582 1926 699 1996 cordis
719 1925 803 1997 mei.
855 1923 1063 1996 Tribuenda
1087 1936 1139 1996 est
1153 1922 1264 2014 igitur
1276 1920 1364 1994 haec
1413 1933 1485 1992 ster
1499 1919 1597 1992 lesus
1613 1917 1793 2009 Christus,
1818 1931 2011 2000 secuudum
2034 1931 2195 2003 divinam
2218 1947 2252 2006 et
2273 1930 2401 2006 burna

383 2025 498 2114 gloria
512 2026 673 2097 Domino
696 2040 819 2100 nostro
835 2023 915 2097 Iesu
931 2022 1095 2107 Christo,
1120 2027 1217 2117 quod
1241 2026 1287 2096 sit
1306 2048 1362 2094 re-
1413 2045 1496 2091 nam
1531 2035 1718 2108 naturam,
1757 2025 1883 2096 merito
1916 2041 1951 2099 et
1983 2032 2313 2106 communicatione·
2327 2035 2401 2106 sui:

383 2128 537 2213 demtor,
567 2151 644 2198 non
665 2140 802 2200 tautum
823 2128 1015 2198 secundum
1039 2139 1204 2197 naturam
1235 2120 1365 2196 huma·
1412 2119 1562 2208 Merito,
1587 2123 1669 2216 quia
1684 2146 1820 2216 semper
1835 2131 2060 2201 statuendum
2080 2146 2150 2219 est,
2174 2159 2240 2206 nos
2255 2148 2400 2228 propter

383 2249 485 2318 nam,
523 2230 585 2298 sed
608 2231 801 2300 secundum
825 2228 984 2300 divinam
1009 2241 1044 2299 ει
1072 2222 1287 2309 humanam,
1328 2238 1363 2296 et
1414 2222 1489 2292 eius
1504 2223 1743 2296 obedientiam
1759 2220 1889 2297 habere
1904 2231 2147 2301 remissionem
2167 2250 2402 2325 peccatorum,

383 2349 461 2396 cum
477 2330 587 2420 precii
602 2329 883 2421 magnitudinem
899 2330 1101 2419 cogitamus,
1123 2337 1253 2395 crescat
1266 2324 1362 2410 lidos,
1414 2335 1449 2393 et
1472 2324 1600 2409 iustos,
1632 2325 1670 2393 id
1695 2337 1766 2411 est,
1796 2330 2040 2401 reconciliatos
2065 2354 2127 2402 scu
2149 2348 2309 2426 acceptos
2323 2334 2400 2407 Deo

381 2430 576 2501 consolatio
599 2442 633 2501 ει
653 2429 848 2516 invocatio,
879 2421 1362 2509 iuxtahaecdicta,1.Pe·
1410 2444 1483 2493 esse
1506 2423 1576 2493 lide
1598 2438 1744 2517 propter
1766 2426 1903 2520 ipsum,
1939 2428 2094 2505 Roman.
2114 2432 2170 2510 6.:
2217 2432 2400 2510 Instilicati

381 2527 426 2598 tri
442 2532 498 2603 1.:
530 2530 615 2603 Nou
626 2553 711 2603 auro
726 2532 877 2601 redemti
892 2530 993 2612 estis,
1018 2527 1078 2597 sed
1105 2523 1262 2617 precioso
1277 2521 1360 2594 san'·
1409 2546 1508 2594 nuuc
1522 2525 1693 2615 sanguiue
1709 2527 1820 2619 ipsios
1829 2532 2046 2604 salvabimur
2058 2558 2122 2625 per
2136 2536 2264 2627 ipsum.
2291 2534 2398 2609 Item:

380 2628 505 2720 guiue,
531 2646 699 2726 tanquam
712 2633 796 2723 agui
817 2626 1052 2712 immaculati,
1075 2621 1222 2700 Christi.
1407 2620 1646 2698 Reconciliati
1680 2650 1801 2699 sumus
1828 2628 1905 2702 Deo
1940 2655 2004 2724 per
2039 2649 2190 2707 mortem
2229 2638 2295 2706 lilii
2333 2638 2398 2708 sui.

490 2729 605 2803 LXV.
628 2731 679 2806 Ut
696 2747 815 2805 antem
829 2752 911 2799 vere
925 2728 970 2800 sit
981 2728 1169 2811 redemtor,
1190 2748 1264 2795 non
1278 2737 1359 2798 tan-
1408 2721 1515 2796 Item:
1552 2724 1622 2798 Per
1643 2728 1881 2801 obedientiam
1903 2734 2011 2804 unius
2036 2734 2121 2807 iusti
2139 2738 2400 2812 constituentur

381 2847 455 2905 tum
477 2831 646 2926 persolvit
667 2853 838 2927 poenam,
880 2830 941 2901 s'ed
971 2827 1075 2899 etiarn
1098 2827 1227 2899 liberat
1248 2847 1358 2896 nosa
1407 2825 1524 2901 multi.
1574 2824 1819 2905 Hebrae.10.t
1851 2831 2068 2908 sanctificati
2083 2860 2282 2931 sumusper
2297 2842 2398 2912 obla-

379 2947 572 3024 peccasset
596 2946 932 3014 amurteaeterna,
966 2928 1048 3000 ideo
1069 2939 1105 2998 et
1127 2929 1202 3020 ipse
1225 2926 1359 2996 revivi·
1407 2925 1542 2997 tionem
1558 2927 1718 3019 corporis
1731 2926 1812 2999 lesu
1828 2926 1964 3004 Christi
1978 2936 2100 3007 semel.
2150 2936 2248 3009 llaec
2259 2941 2304 3009 de
2322 2964 2398 3009 me-

380 3036 644 3120 scitexrnorte,
667 3048 702 3105 et
718 3032 870 3104 restituit
886 3029 991 3102 uobis
1004 3028 1180 3101 iusticiam
1195 3041 1230 3100 et
1248 3025 1358 3097 vitam
1408 3025 1478 3098 rito
1500 3027 1573 3099 dici
1595 3027 1820 3099 manifestum
1843 3046 1913 3116 cst,
1945 3058 2026 3103 cum
2048 3058 2209 3128 expresse
2235 3038 2397 3109 nominet

379 3149 563 3216 aeternam.
615 3135 713 3207 Haec
737 3155 961 3228 nequaquam
984 3144 1101 3223 posset
1127 3130 1261 3200 efficere
1283 3129 1356 3199 ulla
1406 3127 1624 3199 oblationem
1634 3125 1931 3221 corporistristi
1939 3136 2046 3203 semel
2055 3137 2194 3207 factam.
2211 3131 2396 3229 Ephesia

376 3252 560 3326 creatura,
588 3239 670 3311 ideo
692 3229 752 3305 hic
779 3235 959 3304 redemtor
983 3244 1035 3301 est
1055 3231 1156 3303 Deus
1180 3244 1213 3302 et
1235 3225 1358 3300 homo.
1406 3224 1476 3298 Per
1501 3253 1607 3323 quem
1638 3225 1808 3300 babemus
1830 3233 2084 3305 redemtionem
2105 3259 2170 3327 per
2188 3238 2395 3328 sanguinem

373 3335 477 3411 llaec
497 3340 541 3412 de
557 3342 755 3413 redemtore
775 3333 966 3422 diligenter
984 3331 1241 3403 consideranda
1263 3342 1358 3416 sunt,
1406 3327 1500 3416 eius,
1525 3328 1767 3400 remissionem
1785 3345 2017 3423 peccatorum.
2049 3332 2279 3412 1.Iohau.1.:
2302 3337 2395 3411 San·

370 3452 464 3513 et'ut
480 3441 617 3514 debitus
631 3434 791 3511 eibonos
804 3437 990 3521 tribuatur,
1015 3447 1050 3505 et
1062 3447 1103 3505 nt
1118 3434 1203 3502 fides
1215 3431 1254 3501 iu
1270 3454 1357 3500 con·
1406 3430 1484 3518 guis
1508 3427 1589 3500 lesu
1608 3426 1742 3502 Christi
1765 3433 1926 3524 purificat
1952 3458 2018 3506 nos
2046 3435 2092 3507 ab
2120 3440 2219 3509 omni
2239 3453 2395 3531 peccato.

364 3542 548 3613 solatione
560 3532 595 3612 et
606 3539 828 3617 invocatione
841 3550 982 3611 crescat.
1007 3528 1062 3605 Ac
1075 3534 1262 3623 diligenter
1271 3556 1361 3609 con-1
1407 3526 1532 3602 Esaiae
1547 3528 1626 3602 sn:
1658 3531 1790 3603 Livore
1816 3534 1892 3604 cius
1923 3536 2036 3607 sanati
2058 3561 2192 3614 sumus.
2241 3538 2339 3612 Haec
2361 3555 2396 3612 et

364 3643 607 3712 siderandum
623 3650 674 3708 εει
690 3660 819 3707 nomen
835 3636 1060 3721 redemtoris,
1081 3649 1122 3708 ut
1135 3631 1262 3706 Esaiae
1276 3634 1355 3708 69.;
1405 3631 1534 3702 similia
1551 3632 1644 3702 dicta
1661 3633 1760 3727 loqui
1776 3637 1820 3705 de
1836 3632 1992 3707 Domino
2009 3652 2129 3711 nostro
2144 3636 2224 3711 lesu
2239 3638 2395 3728 Christo,
2492 3648 2494 3652 ’

360 3739 420 3816 lit
439 3741 561 3812 veniet
572 3737 661 3810 Sion
675 3738 860 3831 redemtor,
884 3734 954 3825 bis,
978 3737 1040 3832 qui
1055 3737 1213 3808 redeunt·
1222 3736 1267 3805 ab
1285 3734 1356 3804 ini·
1405 3728 1481 3804 Deo
1500 3749 1534 3805 et
1549 3727 1713 3819 bomine,
1730 3748 1763 3806 et
1779 3736 1824 3805 dc
1839 3736 1914 3807 eius
1929 3738 2141 3826 obedientia,
2166 3742 2393 3815 manifestum

367 3846 510 3939 quitata
533 3841 571 3911 in
590 3838 715 3927 lacob,
740 3851 774 3910 et
796 3863 859 3929 ego
879 3835 950 3910 boc
964 3840 1089 3909 foedus
1110 3836 1179 3907 feci
1197 3836 1355 3918 cumeis,
1406 3847 1467 3909 εει.
1499 3829 1652 3926 Oportet
1667 3835 1775 3925 igitur
1789 3837 1858 3907 lide
1872 3838 2002 3910 intueri
2017 3842 2262 3929 mediatorem,
2276 3842 2393 3915 Deum

371 3947 459 4018 dicit
482 3942 680 4015 Dominus:
713 3937 868 4034 Spiritus
888 3964 1005 4025 meus,
1028 3938 1089 4032 qui
1112 3936 1224 4007 estin
1248 3948 1293 4015 te,
1320 3949 1357 4006 ct
1407 3947 1440 4004 et
1458 3927 1653 4017 hominem,
1680 3950 1714 4007 ct
1730 3950 1899 4020 statuere,
1926 3942 2022 4032 quod
2038 3957 2183 4032 propter
2198 3939 2295 4014 huuc
2311 3967 2392 4014 vere

372 4049 478 4118 verba
490 4068 587 4130 mea,
614 4067 705 4138 quac
718 4041 824 4135 posui
839 4042 877 4110 in
894 4065 955 4112 ore
973 4054 1055 4125 tuo,
1080 4060 1156 4108 non
1174 4035 1356 4109 discedent
1404 4035 1475 4105 sint
1495 4049 1585 4108 tecta
1610 4050 1749 4125 peccata
1766 4050 1904 4117 nostra,
1931 4041 2027 4111 iuxta
2046 4041 2156 4114 illud:
2181 4041 2283 4115 Beati
2301 4069 2391 4138 quo·

371 4153 418 4222 ab
434 4160 580 4231 oraton,
606 4159 642 4218 et
656 4144 702 4216 ab
717 4168 780 4214 ore
798 4143 942 4213 seminis
956 4142 1010 4213 tui
1026 4164 1122 4211 nunc
1139 4152 1173 4209 et
1188 4138 1226 4207 in
1242 4151 1354 4208 aeter·
1402 4158 1484 4205 rum
1505 4136 1670 4205 remissae
1693 4150 1777 4207 scrut
1800 4137 2025 4228 iniquitates,
2066 4156 2099 4212 ct
2125 4168 2277 4236 quornm
2300 4157 2391 4216 tecta

370 4275 472 4323 uum.
521 4245 568 4318 Et
603 4245 666 4318 lob
694 4245 814 4340 inquit
842 4245 954 4336 capite
976 4243 1242 4312 decimonono:
1271 4237 1352 4309 Scio
1402 4248 1485 4306 sunt
1500 4248 1651 4328 peccata.
1702 4232 1798 4305 Haec
1814 4237 2009 4308 consolatio
2027 4242 2130 4312 etiam
2146 4258 2389 4334 postregene-

374 4354 466 4449 quod
483 4350 661 4422 redemtor
677 4368 777 4417 mesrs
794 4342 892 4418 vivit.
942 4340 991 4414 Et
1007 4357 1124 4436 postea
1141 4342 1185 4410 de
1206 4341 1352 4431 pulvere
1403 4335 1579 4406 rationem
1604 4335 1770 4404 omnibus
1796 4338 1925 4408 sanctis
1948 4338 1986 4408 iu
2013 4335 2078 4410 bac
2100 4343 2172 4414 vita
2196 4343 2389 4422 necessaria

374 4465 591 4527 surrecturus
605 4471 705 4535 sum,
725 4461 760 4520 et
775 4467 898 4516 rursus
909 4444 1144 4514 circundabor
1160 4441 1251 4531 pelle
1266 4462 1353 4525 mea,
1402 4449 1465 4509 est.
1519 4435 1661 4505 Nitatur
1679 4436 1763 4506 fides
1777 4438 1905 4509 merito
1929 4452 1963 4510 et
1986 4441 2236 4512 intercessione
2258 4443 2389 4513 summi

373 4572 403 4628 et
417 4557 458 4625 in
476 4550 581 4621 carne
597 4573 675 4620 mea
687 4548 817 4620 videbo
828 4546 967 4629 Deum,
988 4569 1092 4638 quem
1109 4542 1248 4612 visurus
1272 4561 1350 4610 sum
1401 4534 1603 4609 Sacerdotis
1621 4531 1772 4619 Christi,
1798 4538 1894 4610 iuxta
1917 4540 2068 4612 dictum:
2095 4542 2223 4615 Totius
2241 4543 2389 4615 fiduciae

373 4680 433 4747 ego
458 4656 553 4745 ipse,
579 4664 614 4722 et
634 4649 729 4722 oculi
752 4648 822 4719 mei
845 4647 1063 4738 conspicient
1085 4669 1185 4728 essm,
1217 4655 1251 4712 et
1275 4665 1349 4711 non
1401 4638 1577 4711 certitudo
1593 4651 1644 4707 cst
1658 4639 1696 4708 in
1714 4638 1871 4729 precioso
1887 4643 2058 4731 sauguine
2071 4639 2217 4716 Christi.

371 4760 472 4828 alius.
520 4752 631 4826 Recte
645 4752 802 4844 agnoscit
818 4748 1039 4832 Dominum,
1065 4747 1127 4840 qni
1152 4757 1203 4814 est
1219 4743 1350 4814 libera·
1499 4736 1670 4812 LXVlll.
1704 4740 1747 4810 ln
1763 4740 1825 4810 illa
1839 4741 1914 4834 ipsa
1930 4766 2013 4815 vero
2031 4746 2291 4830 consolatione,
2316 4768 2386 4838 qua

370 4874 447 4941 tor,
472 4868 507 4923 ει
525 4854 702 4946 persolvet
720 4851 898 4947 precium,
923 4863 957 4920 et
977 4850 1100 4919 reddet
1121 4845 1153 4916 ei
1175 4844 1348 4915 iusticiam
1398 4865 1465 4912 nos
1480 4842 1601 4913 audita
1618 4865 1703 4911 voce
1718 4838 1907 4930 Evangelii
1929 4857 2186 4927 sustentamur,
2213 4847 2299 4917 etin
2316 4870 2387 4939 qua

372 4964 405 5032 et
423 4955 535 5026 vitam
548 4970 733 5025 aeternam.
783 4950 874 5025 Cum
899 4951 994 5023 enim
1016 4947 1153 5044 inquit:
1178 4943 1348 5016 incarne
1398 4942 1637 5026 vivificamur,
1663 4956 1693 5012 et
1713 4964 1754 5009 ex
1768 4943 1953 5015 doloribus
1969 4945 2164 5017 inferorum
2181 4947 2387 5028 liberamur,

371 5084 445 5132 mea
471 5054 603 5125 videbo
617 5055 754 5142 Deum,
778 5054 885 5127 simul
910 5053 1072 5124 adimat
1087 5040 1224 5119 restitui
1240 5045 1348 5115 vitam
1399 5066 1481 5111 vere
1511 5043 1550 5113 fit
1581 5040 1799 5132 regeneratio
1829 5045 2003 5115 advitam
2026 5061 2224 5136 aeternam,
2263 5047 2388 5119 nectit

372 5176 403 5233 et
427 5155 605 5231 iusticiam
629 5170 824 5242 aeternam,
855 5178 944 5250 quae
972 5146 1285 5246 comprehenditur
1310 5145 1349 5215 in
1399 5143 1515 5212 ociosa
1531 5141 1788 5232 speculatione,
1813 5144 1874 5211 sed
1892 5167 2095 5239 quanquam
2109 5147 2148 5216 iu
2168 5148 2247 5217 aliis
2261 5148 2386 5239 magis,
2435 5163 2440 5173 ’

370 5258 435 5332 ha'c
454 5257 711 5351 descriptione,
736 5258 862 5329 videbo
885 5258 1016 5330 Deum.
1065 5250 1212 5326 Refutat
1235 5261 1270 5318 et
1291 5248 1348 5317 lu.
1399 5242 1663 5313 inaliismiuus
1679 5241 1879 5313 sentiuntur
1895 5237 1933 5312 bi
1949 5258 2086 5338 motus,
2120 5259 2241 5320 tamen
2261 5251 2386 5321 sentiri

371 5385 467 5433 rores
488 5385 631 5446 eorum,
658 5360 723 5455 qni
744 5358 920 5432 somniant
934 5351 1203 5453 Pythagoricam
1218 5350 1348 5440 migra-
1399 5367 1459 5415 eos
1473 5367 1547 5412 non
1562 5342 1713 5414 dubium
1728 5355 1797 5422 est,
1827 5342 1925 5416 iuxta
1939 5345 2032 5418 dicta
2046 5350 2091 5418 de
2103 5350 2317 5431 terroribus,
2350 5364 2385 5421 et

369 5463 503 5535 tionem
512 5462 724 5538 animarum.
749 5460 874 5553 lnquit
882 5459 995 5531 enim:
1009 5453 1086 5547 Ego
1095 5454 1237 5536 videbo,
1254 5448 1349 5522 oculi
1398 5448 1443 5518 de
1462 5444 1713 5519 consolatione.
1754 5438 1888 5516 ¹lb'saiae
1902 5447 1980 5521 Sd:
2013 5445 2115 5522 Sicut
2136 5451 2193 5522 leo
2217 5451 2385 5523 contrivit

365 5566 456 5647 mei,
482 5564 719 5637 circundabor
732 5563 828 5660 pelle
841 5586 937 5646 mea,
959 5572 1025 5630 etc.
1399 5547 1518 5620 omnia
1547 5568 1625 5618 ossa
1650 5570 1740 5617 mea.
1789 5544 1879 5619 Item
1901 5545 2009 5625 Rom.
2025 5546 2078 5622 dc
2112 5549 2294 5625 Iustilicati
2314 5551 2384 5619 fide

479 5664 609 5738 val.
642 5665 891 5741 Redemtionis
912 5657 1101 5754 applicatio
1125 5659 1170 5730 ad
1190 5679 1272 5742 nos,
1298 5667 1349 5727 est
1397 5672 1518 5743 pacem
1532 5642 1703 5720 habemus
1715 5648 1810 5741 apud
1825 5645 1953 5725 Deum.
1983 5647 2079 5746 Eph.
2093 5650 2147 5729 h:
2172 5649 2390 5733 Accedimus
2503 5690 2505 5695 ·

362 5766 583 5860 luctificatio,
608 5792 690 5843 eum
704 5766 827 5844 audies
842 5784 928 5838 voce
942 5756 1142 5849 Evangelii,
1165 5780 1230 5853 per
1243 5757 1348 5832 fidem
1397 5752 1442 5826 ad
1451 5766 1536 5825 ¹enen
1551 5770 1633 5823 cum
1646 5748 1787 5828 fiducia.
1809 5746 1961 5834 anese
1986 5750 2103 5828 lustus
2116 5754 2185 5825 lide
2198 5772 2260 5825 sua
2275 5747 2383 5824 viret.
