6025 6775
505 523 579 596 9³9

746 509 958 594 sentem
981 445 1059 590 in
1083 513 1201 592 uun
1224 511 1293 587 au
1318 505 1445 589 msr.
1471 508 1620 586 eaor.
1645 506 1712 583 ur
1738 479 1929 589 runos.
1954 475 2274 590 senorium.

2395 573 2398 579 .
2448 513 2526 587 940

515 707 522 718 “
617 673 782 764 leuiores
799 686 869 759 hoc
893 685 1002 757 studii
1024 699 1058 756 et
1073 683 1278 774 diligentiae
1294 684 1494 775 exemplum
1545 681 1714 754 usitatum
1735 694 1788 754 est
1807 705 1922 771 nova,
1947 697 1982 754 et
1997 687 2200 777 praesertim
2215 685 2526 783 admirabilia,·ut

518 792 766 882 meminerint,
791 789 884 883 quod
901 787 1059 876 lingnam
1072 781 1247 856 Ebraeam
1266 787 1421 855 studiose
1440 783 1497 853 di·
1548 781 1587 851 in
1610 783 1739 853 vestitu
1762 782 1907 859 imitari.
1957 783 2078 873 Quare
2101 801 2195 858 aetas
2219 788 2279 856 illa
2295 787 2445 855 nimium
2461 785 2527 852 de·
2583 775 2592 802 '

518 897 626 981 dicit,
660 907 695 964 et
717 889 1025 981 interpretationes
1052 887 1215 959 eontulit.
1266 883 1370 976 Opus
1390 885 1498 975 igitur
1548 884 1671 953 lectata
1685 896 1737 953 est
1751 881 1949 974 allegoricis
1970 888 2135 978 picturis,
2160 903 2195 960 et
2214 888 2331 958 amisit
2345 885 2526 979 principa·

521 994 718 1073 contexuit,
749 991 844 1081 quod
868 989 1067 1059 nominavit
1091 985 1264 1072 ἓξαπλον,
1287 987 1325 1056 id
1348 1000 1417 1072 est,
1441 985 1498 1054 di·
1550 985 1619 1053 lem
1636 984 1844 1053 doctrinam.

465 1153 468 1168 ,
523 1098 688 1170 stinctum
705 1090 818 1159 inser
835 1090 1002 1160 lectiones
1017 1111 1079 1158 seu
1091 1089 1295 1175 columnas.

623 1192 740 1264 Prima
758 1205 832 1261 crat
845 1188 1004 1275 Ebraea,
1030 1189 1159 1278 scripta
1177 1185 1322 1257 Ebraeis
1347 1187 1474 1259 literis.

622 1292 785 1365 Secunda
800 1288 956 1375 Ebraea,
981 1290 1111 1380 scripta
1126 1288 1272 1358 Graecis
1286 1289 1407 1358 literis.

624 1392 769 1477 Tertia,
795 1388 932 1461 Graeca
947 1391 1191 1482 interpretatio
1209 1389 1427 1480 septuaginta
1444 1389 1501 1457 in-

523 1509 731 1589 terpretum.

627 1594 764 1685 Quarta
780 1588 942 1684 Aquilae.
1022 1627 1026 1642 ·

627 1695 763 1783 Quinta
778 1687 994 1785 Symmachi.

628 1794 733 1865 Sexta
759 1789 1031 1862 Theodotionis.

629 1895 709 1965 Hoc
732 1896 839 1962 modo
861 1893 975 1962 voluit
1001 1905 1037 1961 et
1051 1891 1210 1981 linguam
1226 1889 1401 1962 Ebraeam
1417 1915 1503 1960 con-

448 1991 452 1998 ’
529 2019 687 2070 servare:
727 2007 760 2062 et
783 1992 1013 2061 consideratis
1040 1990 1391 2084 interpretationibus
1423 1990 1503 2080 eligi

528 2097 680 2169 maxime
704 2094 902 2184 propriam:
928 2090 977 2161 Hi
997 2092 1082 2161 libri
1100 2093 1138 2161 in
1163 2090 1364 2163 lerichunte
1386 2095 1505 2162 adser-

530 2197 603 2269 vati
619 2208 714 2277 sunt,
739 2218 891 2286 quorum
908 2194 1040 2263 similes
1055 2188 1171 2264 adhuc
1187 2191 1400 2288 Hieronymi
1416 2207 1507 2263 tem·

531 2319 618 2391 pore
640 2295 795 2387 reliquos
816 2294 923 2366 luisse
944 2307 1108 2384 apparet,
1148 2293 1228 2385 quia
1253 2319 1356 2384 saepe
1384 2293 1507 2363 recitat

416 2393 421 2406 ’
532 2401 675 2468 illorum
692 2396 924 2485 interpretum
943 2396 1061 2465 verba.
1112 2393 1218 2468 Tales
1240 2395 1325 2465 libri
1340 2420 1415 2464 non
1431 2395 1507 2463 sine

451 2493 453 2500 ’
531 2521 660 2588 magno
675 2508 834 2587 sumptu,
858 2508 892 2564 et
909 2495 1104 2565 multorum
1119 2494 1255 2565 collatis
1270 2497 1388 2587 operis
1402 2498 1506 2564 ador-

475 2585 489 2638 '''·
533 2597 612 2669 na'ri
628 2607 831 2688 potuerunt.
884 2592 1005 2683 Quare
1026 2594 1110 2664 inde
1124 2594 1220 2666 illius
1235 2598 1404 2689 temporis
1417 2596 1506 2665 libe-

534 2699 655 2772 ralitas
668 2696 706 2764 in
719 2695 885 2765 iuvandis
899 2695 1026 2764 studiis
1038 2695 1253 2770 aestimetur.

504 2783 508 2792 ⁸
635 2795 689 2864 De
702 2791 887 2864 Doctrina
905 2790 1073 2884 Origenis
1089 2796 1175 2865 olim
1198 2821 1341 2890 quoque
1362 2818 1508 2886 magnae

533 2897 777 2970 contentiones
792 2896 948 2967 bierunt.
996 2895 1066 2968 Sed
1083 2921 1157 2966 non
1173 2898 1284 2969 multa
1299 2898 1409 2990 ipsius
1423 2897 1510 2967 scri-

534 3014 593 3090 pta
609 3000 653 3067 ad
670 3018 735 3066 nos
745 3011 998 3087 pervenerunt:
1016 2997 1117 3088 Quae
1130 2999 1170 3067 in
1177 2997 1341 3070 Latinam
1351 2999 1509 3088 linguam

456 3151 485 3194 ·.·
534 3121 704 3169 conversa
726 3112 827 3181 sunt,
852 3113 998 3189 apparet
1020 3100 1146 3169 mutila
1165 3123 1267 3185 esse,
1281 3113 1316 3170 et
1330 3123 1403 3168 uon
1417 3112 1510 3169 recte

469 3197 487 3212 ’“
519 3245 523 3264 .·
535 3213 693 3271 consuta.
763 3195 882 3268 Potest
914 3199 1018 3268 etiam
1052 3201 1145 3285 fieri,
1186 3224 1266 3272 cum
1300 3213 1371 3270 tam
1399 3199 1510 3269 multa

430 3289 448 3308 “’
534 3298 729 3393 scripserit,
761 3311 802 3368 ut
829 3322 903 3368 non
925 3321 1063 3391 semper
1084 3302 1194 3372 luerit
1213 3301 1390 3384 intentus,
1422 3300 1511 3370 sicut

366 3484 378 3499 .
535 3402 681 3472 dicitur:
703 3394 820 3493 χωρὶς
842 3393 953 3492 τάδε,
979 3402 1093 3474 εἰπεῖν
1114 3398 1252 3492 πολλὰ,
1277 3397 1408 3474 καὶτὰ
1429 3394 1512 3472 καί·

535 3526 615 3597 pta,
641 3516 677 3571 et
692 3501 937 3587 manifestum,
962 3517 1014 3572 est
1031 3526 1111 3571 eum
1127 3503 1164 3571 in
1181 3505 1406 3575 enarratione
1421 3499 1510 3595 Epi-

537 3602 648 3675 slolae
664 3598 767 3669 Pauli
783 3604 826 3672 ad
841 3600 1025 3673 Romanos
1037 3605 1186 3696 scriptae
1210 3629 1311 3695 saepe
1332 3628 1460 3674 errare.

461 3706 463 3711 '
638 3698 717 3769 Hoc
736 3715 860 3772 notum
882 3719 951 3784 cst,
983 3704 1090 3775 luisse
1112 3730 1193 3775 eum
1219 3706 1448 3774 immodicum
1472 3702 1510 3770 in

538 3797 735 3896 AlegoriiS,
763 3805 858 3895 qnod
873 3803 920 3873 ita
937 3803 1079 3872 accidit:
1104 3804 1193 3875 Cum
1209 3803 1353 3875 Ethnici
1372 3806 1513 3874 deride-

537 3917 617 3974 rent
632 3902 787 3975 Mosaica
806 3904 933 3995 scripta
954 3919 1098 3995 propter
1119 3905 1209 3974 ritus
1229 3908 1273 3973 de
1298 3906 1386 3974 cibis
1409 3918 1442 3973 et
1456 3927 1510 3973 sa-

458 4050 509 4105 gq,
536 4004 695 4090 crificiis,
728 4000 902 4094 Origenes
923 4004 1070 4076 tradidit
1095 4005 1403 4097 interpretationes
1425 4005 1513 4073 alle·

536 4106 691 4197 goricas,
722 4119 764 4174 ut
785 4108 1003 4176 reconditam
1029 4107 1236 4198 sapientiam
1260 4106 1443 4177 continere
1456 4105 1513 4173 vi-

536 4210 725 4290 derentur,
758 4207 849 4275 sicut
869 4203 1088 4300 Pythagorae
1109 4210 1222 4289 dicta,
1254 4222 1315 4279 aut
1338 4209 1512 4299 po‘e‘mata.

536 4305 671 4377 Verum
692 4318 743 4379 est
756 4317 892 4389 aulem,
918 4308 1061 4376 umbras
1076 4309 1213 4400 aliquas
1239 4308 1278 4376 in
1296 4309 1424 4380 ritibus
1438 4321 1513 4378 tra-

336 4400 360 4445 .:-‚
419 4490 423 4495 Ι
534 4406 627 4481 ditas
658 4429 751 4493 esse,
790 4431 881 4500 quae
910 4407 1008 4477 aliud
1038 4407 1246 4497 significant.
1311 4407 1379 4492 Ut,
1419 4407 1514 4503 agni

440 4552 442 4557 ·
534 4507 729 4593 mactatio,
761 4507 934 4598 significat
954 4502 1089 4578 Christi
1110 4510 1369 4585 mactationem.
1419 4509 1510 4581 Cum

421 4642 429 4659 ·
533 4610 695 4681 Psalmus
718 4610 821 4681 dicit:
847 4605 1020 4702 Asperges
1044 4634 1100 4678 me
1117 4610 1273 4680 Domine
1296 4607 1451 4707 hysopo,
1477 4624 1512 4681 et

533 4713 746 4801 mundabor,
778 4708 946 4804 Hysopus
963 4711 1069 4782 tincta
1085 4712 1122 4779 in
1139 4710 1309 4800 sangnine
1321 4713 1436 4797 vituli,
1461 4712 1511 4781 si·

1651 1081 1736 1152 Ideo
1743 1080 1963 1173 Epiphanius
1978 1101 2012 1158 et
2026 1091 2130 1161 multi
2144 1090 2207 1160 alii
2222 1084 2529 1181 reprehenderunt

1553 1182 1682 1272 scripta
1705 1180 1893 1273 Origenis,
1926 1200 1960 1255 et
1985 1203 2220 1277 monuerunt,
2247 1214 2323 1260 non
2345 1188 2466 1258 omnia
2488 1186 2528 1252 in

1555 1284 1753 1373 Allegorias
1771 1286 2051 1358 transformanda
2073 1315 2164 1375 esse,
2199 1293 2291 1363 sicut
2310 1290 2448 1360 erudite
2472 1285 2530 1352 in-

1554 1384 1632 1476 quit
1647 1381 1887 1476 Epiphanius:
1911 1382 1959 1457 τὰ
1981 1382 2123 1480 ῥήματα
2144 1391 2238 1463 θεοῦ
2261 1384 2449 1461 ariniara
2466 1382 2531 1456 ἆλ-

1554 1481 1728 1581 ληγορίας
1747 1480 1866 1556 δεῖται
1875 1538 1890 1575 ,
1917 1484 1990 1558 ἀλλ’
2013 1486 2064 1569 ὥς
2080 1488 2150 1582 ἔχει
2162 1487 2322 1585 θεωρίας
2336 1485 2378 1562 δὲ
2395 1486 2531 1569 deicae,

1554 1582 1616 1657 καὶ
1630 1581 1858 1678 aldiaricios,
1881 1589 1932 1668 εἰς
1943 1584 1986 1659 τὸ
2002 1586 2137 1663 εἰδέναι
2151 1586 2300 1683 ἑκάστης
2314 1588 2536 1665 ὑποθέσεως

1556 1681 1627 1777 τὴν
1641 1680 1808 1778 δύναμιν
1813 1738 1826 1772 ,
1855 1685 1923 1758 hoc
1940 1703 2007 1761 est:
2035 1689 2154 1762 Verba
2162 1693 2227 1764 Dei
2243 1714 2317 1760 non
2325 1692 2455 1785 {omnia
2473 1689 2537 1755 in·

1555 1787 1677 1875 digent
1699 1787 1895 1877 allegoriis,
1921 1794 1981 1860 sed
2004 1793 2094 1863 sicut
2111 1816 2147 1863 se
2169 1789 2313 1862 babent.
2364 1789 2545 1877 Indigent

1556 1900 1671 1956 autern
1685 1889 1925 1978 speculatione
1949 1904 1982 1961 et
2005 1916 2130 1976 sensu,
2156 1896 2201 1963 ad
2221 1892 2397 1962 sciendam
2413 1888 2537 1959 cuius-

1556 1988 1645 2057 libet
1667 1988 1719 2055 rei
1740 1989 1990 2061 substantiam:
2028 2018 2111 2062 nam
2135 1995 2173 2062 in
2197 1993 2353 2063 articulis
2366 1991 2468 2070 fidei,
2494 1988 2537 2056 in

1559 2089 1635 2177 lege
1658 2089 1803 2173 morali,
1837 2104 1872 2161 et
1893 2092 1932 2160 in
1954 2095 2190 2183 promissione
2216 2093 2365 2183 gratiae,
2394 2111 2539 2160 necesse

1559 2203 1609 2258 est
1625 2188 1769 2258 retineri
1784 2191 1937 2260 nativam
1952 2195 2141 2264 verborum
2160 2194 2466 2286 significationem.
2490 2186 2539 2259 ln

1558 2289 1639 2360 aliis
1654 2289 1831 2375 materiis,
1853 2305 1893 2361 ut
1908 2293 1946 2360 in
1961 2293 2108 2378 ritibus,
2133 2298 2293 2388 picturae
2316 2308 2418 2376 sunt,
2445 2312 2538 2385 quae

1559 2391 1658 2460 aliud
1674 2390 1882 2480 significant.
1933 2390 1981 2463 Et
1996 2409 2112 2465 tamen
2126 2397 2258 2466 iudicio
2272 2419 2363 2485 opus
2378 2407 2449 2478 est,
2471 2391 2538 2462 ubi

1560 2491 1663 2562 etiam
1681 2492 1870 2562 verborum
1885 2496 2081 2586 proprietas
2100 2498 2305 2569 retineatur.

1662 2587 1727 2662 Ait
1754 2607 1872 2662 autem
1893 2592 2137 2687 Epiphanius,
2174 2592 2419 2693 speculatione
2448 2613 2540 2680 opus

1561 2714 1653 2777 esse,
1687 2693 1806 2778 idest,
1834 2693 2074 2767 Grammatica
2088 2712 2122 2767 et
2136 2695 2344 2780 Dialectica,
2373 2693 2540 2762 videlicet

1561 2792 1844 2864 consideratione
1858 2785 2015 2888 phrasis,
2039 2799 2230 2869 collatione
2247 2799 2421 2878 locomm,
2447 2792 2541 2863 deli-

1562 2894 1781 2980 nitionibus,
1808 2897 2097 2968 distinctionibus
2118 2913 2153 2971 et
2176 2900 2268 2971 iusta
2287 2891 2542 2990 consequentia

1562 2996 1601 3064 in
1615 2996 1842 3085 argumentis.

1664 3098 1729 3168 Ait
1750 3110 1785 3167 et
1803 3120 1911 3168 sensa
1937 3123 2024 3190 opus
2047 3123 2139 3186 esse,
2163 3104 2199 3171 id
2224 3112 2292 3186 est,
2325 3096 2543 3190 experientia

1561 3211 1780 3269 monstrante
1806 3202 1996 3285 vocabula,
2028 3215 2086 3280 ut,
2118 3200 2348 3295 Experientia
2373 3200 2544 3283 ostendit,

1562 3300 1649 3393 quid
1665 3299 1874 3389 significent,
1902 3300 1998 3385 Vita,
2015 3300 2127 3390 Mors,
2143 3300 2270 3390 Dolor,
2286 3301 2427 3388 Timor,
2443 3297 2543 3371 Cou-

1562 3401 1706 3485 solatio,
1735 3401 1906 3485 Laeticia,
1933 3401 2039 3472 Fides
2058 3417 2121 3476 etc.

1664 3500 1762 3572 Haec
1783 3505 1829 3573 de
1847 3500 2004 3593 Origene
2026 3505 2108 3575 ideo
2130 3506 2286 3576 breviter
2307 3505 2402 3586 chi,
2427 3518 2469 3575 ut
2485 3504 2546 3599 inf

1564 3605 1682 3675 niores
1703 3605 1907 3674 discernant
1929 3606 2110 3677 materias:
2144 3622 2180 3678 et
2204 3607 2446 3689 considerent,
2477 3604 2548 3676 ubi

1563 3707 1751 3797 allegoriae
1775 3706 1873 3776 locus
1899 3706 1958 3776 sit.
2010 3705 2106 3796 Quia
2128 3733 2201 3778 non
2218 3709 2339 3779 omnia
2356 3708 2394 3777 in
2409 3707 2547 3798 allego-

1563 3809 1634 3881 rias
1649 3806 1932 3879 translormanda
1948 3822 2042 3882 sunt.

1616 4036 1724 4107 Anno
1741 4038 1867 4106 mundi
1886 4052 2011 4130 quater
2024 4040 2224 4124 millesimo,
2248 4034 2456 4115 centesimo,
2485 4058 2550 4106 se-

1765 4140 1983 4228 ptuagesimo
2004 4141 2141 4232 quinto.

1614 4235 1724 4310 Anno
1732 4235 1870 4309 Romae
1885 4242 2155 4330 nongentesimo
2168 4235 2380 4328 sexagesimo
2395 4236 2523 4310 tertio·

1613 4341 1723 4412 Anno
1740 4335 1873 4411 Christi
1887 4343 2130 4414 ducentesimo
2145 4336 2401 4414 decimotertio.

1757 4561 2028 4659 Antoninus
2059 4565 2345 4633 Bassianus.

1663 4703 1876 4780 Antoninus
1883 4706 2097 4783 Bassianus
2114 4706 2337 4794 Caracalla,
2363 4710 2485 4783 Severi
2501 4712 2547 4780 fi-

534 4809 675 4901 gnilicat
691 4813 742 4881 ibi
764 4811 970 4898 sanguinem
995 4811 1059 4879 filii
1085 4812 1297 4887 mediatoris.
1351 4812 1443 4884 Arca
1472 4814 1510 4881 in
1563 4810 1634 4880 lius
1654 4835 1695 4880 ex
1720 4813 1833 4902 prima
1849 4816 1997 4905 coniuge
2012 4813 2163 4901 Martia,
2187 4815 2345 4906 regnavit
2358 4835 2471 4885 annos
2487 4834 2548 4880 se·

533 4912 640 5003 adyto
657 4910 776 5001 templi
800 4909 972 5001 significat
986 4907 1200 4995 Ecclesiam,
1225 4929 1378 5009 quaeest
1396 4929 1512 4985 custos
1563 4927 1670 5005 ptem.
1721 4911 1860 4984 Nomen
1875 4904 2275 4989 Caracallaehabuita
2300 4917 2409 5007 figura
2425 4913 2546 4995 vestis,

535 5009 718 5082 doctrinae
739 5007 849 5083 aDeo
869 5012 1038 5098 traditae,
1064 5014 1153 5085 sicut
1176 5016 1215 5086 in
1240 5040 1355 5086 arcam
1372 5016 1512 5087 tabulae
1563 5038 1633 5107 qua
1654 5027 1687 5084 et
1711 5014 1786 5108 ipse
1800 5041 1885 5088 usus
1909 5033 1978 5105 est,
2003 5031 2040 5089 et
2056 5019 2158 5090 cuius
2170 5018 2302 5088 similes
2318 5016 2496 5087 militibus
2510 5027 2545 5086 et

533 5108 700 5202 Decalogi
718 5115 909 5186 collocatae
925 5129 1036 5186 erant.
1089 5114 1160 5189 Sed
1177 5119 1303 5189 talium
1319 5117 1512 5207 figurarum
1563 5116 1696 5209 populo
1715 5116 1891 5211 donavit,
1914 5120 2179 5190 crudelissimus
2199 5120 2413 5191 etincestns.
2468 5115 2546 5187 lni-

532 5224 671 5302 oportet
695 5216 905 5286 concinnam
933 5220 1294 5290 accommodationem
1317 5220 1362 5288 ad
1386 5242 1441 5289 res
1463 5220 1512 5288 si·
1563 5218 1613 5288 tio
1638 5219 1777 5310 imperii
1800 5222 1943 5289 fratrem
1961 5218 2088 5291 Getam
2105 5235 2283 5291 natumex
2302 5219 2412 5304 iulia,
2437 5241 2546 5312 quem

532 5310 711 5402 gnificatas
731 5316 824 5395 lieri,
858 5330 998 5408 oportet
1018 5319 1123 5389 etiam
1141 5321 1388 5390 modumessc.
1563 5333 1662 5409 pater
1690 5320 1847 5388 voluerat
1876 5321 1995 5390 fratris
2026 5323 2194 5411 collegam
2234 5345 2327 5407 esse,
2368 5318 2549 5399 interfecit

635 5409 704 5482 Sed
722 5406 891 5501 Origenis
913 5430 1072 5506 tempore
1093 5431 1229 5505 gustata
1251 5415 1379 5490 harum
1396 5421 1513 5510 pictu-
1563 5423 1776 5510 pendentem
1792 5421 1836 5485 de
1851 5422 1943 5492 collo
1960 5416 2082 5492 matris
2098 5421 2226 5503 luliae,
2254 5438 2289 5495 et
2313 5424 2547 5493 clamantem:

530 5538 649 5582 rarum
667 5514 856 5583 dulcedine
873 5511 931 5583 hic
945 5516 1052 5583 ludus
1067 5517 1219 5586 nimium
1246 5521 1369 5592 crevit.
1419 5519 1511 5592 Cum
1562 5514 1720 5602 Mater,
1748 5539 1847 5612 opem
1864 5516 2067 5618 fumidi,
2094 5519 2303 5618 interficior.
2355 5520 2409 5594 Ac
2433 5535 2552 5593 mater

528 5615 622 5683 enim
653 5616 748 5688 solus
785 5609 894 5685 homo
920 5610 1047 5684 habeat
1080 5629 1243 5692 naturam
1274 5621 1511 5703 imitatricem,
1561 5630 1791 5689 nontantum
1813 5625 2063 5712 sanguinefilii
2080 5649 2237 5718 respersa
2261 5638 2334 5711 est,
2359 5625 2551 5696 sedetiam
