6025 6775
511 708 612 783 tout
1059 702 1090 781 1.
1140 694 1433 777 cnttotttcott
1464 691 1712 773 CARlONlS.
1763 695 1890 786 PARS
1914 696 1962 775 ll.
2418 707 2516 780 tosa

465 893 469 898 '
556 878 666 949 Anno
709 873 837 947 mundi
873 886 998 970 quater
1022 874 1209 946 millesimo
1242 871 1490 946 sexcentesimo
1541 862 1643 937 licior
1659 878 1768 958 patre.
1794 864 1998 940 Saraccoica
2011 868 2130 941 classis
2145 885 2231 944 tunc
2244 875 2289 945 ad
2306 872 2518 970 Byzantium

715 976 853 1070 quinto,
1541 990 1652 1059 usque
1668 966 1831 1048 accessit,
1858 971 1954 1039 unde
1977 972 2117 1062 repulsa
2132 970 2298 1067 Cyzicum
2319 979 2516 1068 occupavit.

557 1078 668 1148 Anno
692 1074 829 1151 Romae
849 1076 1036 1146 millesimo
1065 1077 1308 1148 trecentesimo
1331 1095 1490 1164 nonage-
1541 1066 1699 1159 Cumque
1718 1078 1792 1137 toto
1812 1070 1996 1160 septennio
2018 1070 2057 1140 iu
2081 1098 2121 1143 eo
2138 1072 2216 1144 loco
2232 1090 2519 1161 commoraretur,

709 1178 841 1266 gesimo
857 1190 964 1251 sexto,
1539 1189 1641 1257 saepe
1655 1167 1861 1238 dimicatum
1877 1183 1928 1241 est
1945 1172 1987 1241 ad
2002 1168 2224 1265 Byzantium,
2249 1177 2361 1246 donec
2374 1179 2518 1248 tandem

557 1279 667 1350 Anno
674 1273 806 1352 Christi
814 1275 1065 1348 sexcentesimo
1077 1275 1341 1371 quadragesimo
1351 1289 1488 1371 quarto.
1539 1263 1734 1338 Architecti
1743 1264 1907 1340 Callinici
1922 1284 1997 1367 arte
2012 1272 2110 1364 ignes
2126 1274 2194 1344 snb
2209 1298 2298 1369 aqua
2314 1277 2396 1348 facti
2410 1299 2516 1349 naves

1539 1366 1762 1438 Saracenicas
1775 1367 2030 1458 incenderunt,
2055 1396 2124 1467 qua
2140 1398 2178 1444 re
2204 1399 2329 1466 magna
2351 1378 2516 1448 multitu-

876 1442 1119 1513 ⁰⁰n⁸²m¹30
1539 1468 1623 1537 diue
1637 1468 1770 1549 deleta,
1794 1469 1922 1563 reliqui
1936 1473 2055 1561 lugere
2077 1476 2188 1545 coacti
2210 1491 2307 1548 sunt.
2357 1474 2417 1547 Ad
2433 1476 2516 1549 Ma·

610 1563 799 1642 Constans
823 1570 918 1641 filius
933 1568 1161 1643 Constantini
1183 1572 1355 1654 iunioris,
1378 1593 1489 1663 nepos
1538 1568 1630 1637 leam
1651 1568 1714 1636 ubi
1738 1571 1906 1640 contrarii
1930 1571 2034 1642 llatus
2056 1596 2157 1667 saepe
2174 1576 2332 1650 efficiunt
2344 1578 2516 1664 turbines,

505 1670 680 1757 Heraclii,
705 1673 806 1760 pulsa
821 1669 980 1743 Martius
1002 1675 1134 1744 incesta
1161 1698 1242 1745 cum
1262 1673 1355 1755 hlio,
1380 1696 1401 1742 a
1422 1670 1488 1743 Se-
1538 1667 1694 1761 reliquae
1714 1664 1970 1741 Saracenorum
2002 1696 2109 1743 naves
2131 1676 2260 1766 partim
2290 1678 2404 1749 illisae
2432 1693 2515 1750 stant

504 1786 592 1843 natu
613 1773 725 1842 lactus
747 1771 954 1863 imperator.
993 1772 1127 1845 Tenuit
1154 1774 1343 1865 imperium
1373 1793 1487 1843 annos
1537 1767 1709 1860 scopulis,
1735 1767 1862 1858 partim
1878 1769 2054 1843 demersae
2073 1773 2112 1842 in
2137 1799 2242 1848 mare.
2293 1776 2383 1850 Cum
2407 1780 2516 1869 igitur

504 1871 634 1960 viginti
648 1885 794 1962 septem,
807 1873 954 1942 infoelix
969 1877 1135 1945 adversus
1149 1874 1353 1948 Saracenos.
1378 1871 1486 1944 Domi
1538 1868 1677 1938 circiter
1707 1867 1850 1957 triginta
1885 1867 1997 1940 millia
2027 1871 2282 1947 Saracenorum
2318 1880 2514 1972 periissent,

504 1973 649 2042 fratrem
659 1967 903 2042 Theodosium
911 1975 1096 2059 interfecit,
1122 1967 1487 2046 etfavensMonothe·
1536 1970 1608 2038 dux
1623 1964 1812 2039 Muthavia
1838 1991 1958 2060 pacem
1972 1994 1992 2040 a
2009 1969 2183 2045 Romanis
2197 1978 2295 2067 petit.
2345 1977 2447 2052 Facta
2462 1996 2515 2052 est

504 2072 596 2151 letis,
613 2073 691 2163 pios
706 2072 843 2165 aliquot
858 2087 1014 2145 taxantes
1028 2099 1183 2145 errorem
1199 2075 1337 2145 occidit.
1370 2071 1485 2164 Ipsius
1536 2069 1645 2159 igitur
1668 2094 1734 2161 pax
1755 2068 1794 2138 iu
1817 2092 1929 2139 annos
1959 2070 2115 2160 triginta.
2168 2074 2253 2145 Post
2278 2074 2350 2150 hoc
2379 2080 2514 2151 bellum

506 2175 673 2242 mandato
690 2168 901 2244 Theodorus
917 2172 1073 2266 catttopa
1087 2171 1270 2245 Euarchus
1286 2174 1412 2243 fraude
1427 2197 1485 2243 ce·
1535 2193 1628 2240 nova
1642 2192 1727 2259 gens
1741 2169 1870 2241 Arctoa
1884 2164 2055 2263 Balgari
2067 2173 2111 2240 ad
2126 2170 2279 2266 Mysiam
2298 2180 2515 2268 inferiorem,

504 2275 559 2371 pit
573 2272 772 2342 Martinum
782 2271 1229 2365 RomanumEpiscopum,
1256 2274 1484 2367 vinctumque
1535 2293 1626 2362 quae
1650 2294 1723 2339 non
1747 2271 1870 2361 procul
1891 2295 1911 2341 a
1932 2269 2106 2364 Byzantio
2130 2273 2246 2359 abest,
2283 2296 2514 2363 accesserunt,

503 2372 839 2464 Constantinopolin
874 2375 990 2458 misit,
1035 2373 1098 2443 ubi
1126 2372 1301 2446 Constans
1337 2399 1418 2444 eum
1445 2375 1482 2443 in
1535 2370 1759 2464 primumque
1790 2384 1875 2441 tunc
1909 2371 2079 2441 celebrari
2112 2396 2243 2444 nomen
2277 2374 2513 2468 Bulgarorum

504 2471 694 2542 Thraciam
708 2468 967 2543 Chersonesum
984 2473 1138 2556 inclusit,
1163 2475 1202 2544 in
1219 2499 1287 2569 qua
1302 2473 1483 2545 Martinus
1534 2471 1668 2563 coepit,
1703 2494 1792 2564 quos
1814 2471 1974 2542 existimo
1994 2472 2107 2544 dictos
2129 2498 2203 2543 esse
2224 2474 2368 2568 aBolga
2391 2480 2514 2565 fluvio,

502 2576 594 2643 fame
609 2587 642 2643 et
658 2574 821 2667 squalore
838 2573 987 2642 carceris
1002 2574 1183 2668 aliquanto
1206 2589 1286 2669 post
1309 2576 1482 2648 extinctus
1533 2572 1633 2641 cuius
1649 2572 1763 2641 fontes
1781 2586 1865 2643 sunt
1879 2595 1952 2640 nou
1970 2576 2095 2663 procul
2108 2599 2128 2643 a
2143 2573 2294 2647 Livonia
2317 2578 2355 2646 in
2372 2581 2513 2669 paludi·

503 2689 566 2751 est,
1314 2670 1320 2684 '
1533 2673 1600 2741 bus
1623 2671 1837 2744 Moscoviae.
1888 2671 1990 2742 Adeo
2014 2686 2130 2744 autem
2155 2679 2278 2749 crescit
2301 2680 2416 2749 fluens
2433 2705 2513 2750 ver·

604 2773 704 2840 Adeo
721 2785 837 2844 autem
853 2788 1034 2847 creverant
1046 2773 1337 2847 resSaraccnicae
1352 2776 1398 2845 ab
1411 2773 1481 2843 ini·
1532 2795 1592 2841 sus
1617 2766 1822 2857 Orientem,
1854 2787 1894 2844 ut
1915 2771 2041 2861 viginti
2068 2775 2227 2866 quinque
2252 2780 2512 2867 navigabilibus

502 2877 553 2944 tio
575 2869 937 2963 regniMahomctici,
960 2879 1057 2969 quod
1081 2877 1275 2947 collocatur
1294 2876 1480 2944 inannum
1532 2872 1631 2940 ostiis
1645 2872 1773 2940 influat
1786 2870 1824 2939 in
1838 2895 1934 2941 mare
1950 2871 2127 2963 Caspium.
2178 2872 2269 2944 Cum
2290 2893 2406 2948 autem
2422 2879 2512 2950 Bul-

471 2985 474 2992 '
501 2972 634 3045 Christi
649 2975 937 3046 sexcentesimum
954 2978 1160 3047 vicesimum
1177 2977 1332 3061 tertium,
1345 2998 1480 3044 annum
1532 2971 1607 3061 gari
1640 2968 1845 3041 Romanum
1875 2972 2063 3043 exercitum
2097 2974 2279 3062 vicissent,
2318 2972 2512 3071 imperator

501 3074 657 3143 Heraclii
674 3076 848 3146 decimum
863 3079 1017 3160 tertium,
1044 3101 1156 3171 usquc
1172 3081 1217 3147 ad
1232 3072 1330 3147 huuc
1342 3099 1477 3145 annum
1523 3095 1651 3163 pacem
1669 3095 1749 3141 cum
1767 3072 1817 3141 eis
1831 3072 1933 3153 fecit,
1960 3073 2127 3168 deditque
2140 3075 2191 3146 eis
2206 3078 2323 3147 sedem
2338 3079 2375 3148 in
2393 3079 2511 3175 Mysia

500 3172 635 3245 Christi
649 3177 937 3247 sexcentesimum
954 3179 1284 3273 quinquagesimum
1305 3176 1481 3271 quintum,
1532 3173 1719 3255 interiore,
1745 3196 1836 3264 quae
1849 3196 1945 3243 nunc
1958 3197 2099 3267 quoque
2112 3173 2278 3266 Bnlgaria
2293 3180 2434 3255 dicitur.

501 3300 636 3346 annum
650 3274 852 3347 Constantis
866 3278 1209 3364 decimumtertium,
1234 3279 1358 3349 utiam
1372 3278 1480 3346 classe
1631 3272 1739 3342 Anno
1758 3273 1967 3344 duodecimo
1993 3268 2097 3345 huius
2111 3274 2337 3349 Constantini
2353 3280 2510 3367 Barbati,

502 3402 544 3447 ez
567 3371 758 3447 Phoenicia
788 3379 893 3448 missa
924 3378 1029 3448 Asiae
1063 3379 1181 3450 littora
1213 3380 1480 3470 popularentur.
1531 3373 1694 3446 videlicet
1721 3398 1816 3445 anno
1838 3369 1972 3445 Christi
1999 3380 2246 3448 sexcentesimo
2274 3382 2507 3473 octuagesimo

501 3477 675 3548 Constans
698 3502 793 3547 anno
818 3480 1073 3550 decimotertio
1090 3480 1146 3549 sui
1160 3479 1301 3569 imperii
1314 3479 1481 3547 scribitur
1531 3474 1664 3565 primo,
1678 3472 1844 3568 Synodus
1859 3473 2091 3570 οῖκουμενικὴ
2107 3479 2151 3548 ab
2160 3480 2369 3572 imperatore
2377 3508 2509 3555 convo-

501 3603 628 3669 magno
643 3579 776 3666 praelio
792 3579 829 3647 in
845 3578 1210 3672 LyciaaSaracenico
1227 3582 1315 3648 duce
1332 3574 1481 3647 hlutha·
1531 3587 1606 3644 cata
1636 3588 1689 3645 est
1710 3574 1941 3670 Byzantium,
1974 3601 2064 3670 quae
2086 3580 2293 3650 nominatur
2314 3599 2429 3669 sexta,
2469 3587 2507 3654 in

500 3682 557 3749 via
579 3680 691 3749 victus
713 3693 798 3752 esses
848 3677 954 3750 Tunc
978 3695 1013 3751 et
1026 3676 1198 3775 Rhodum
1214 3677 1380 3749 Saraceni
1396 3701 1478 3769 spo·
1530 3699 1600 3765 qua
1636 3677 1680 3745 de
1718 3676 1888 3766 contagiis
1920 3676 2141 3749 Samosatcni
2183 3682 2403 3771 disputatum
2443 3702 2507 3761 est.

500 3782 653 3863 liarrmt,
693 3781 757 3849 ubi
792 3803 881 3872 quae
915 3784 959 3850 de
986 3780 1130 3852 Colosso
1151 3779 1246 3852 Solis
1278 3793 1479 3863 narrantur,
1529 3771 1644 3846 Erant
1670 3777 1765 3845 enim
1786 3778 1848 3870 qui
1871 3781 2133 3851 contendebant
2154 3782 2192 3849 in
2208 3776 2350 3853 Christo
2368 3799 2506 3856 tanturn

500 3883 644 3964 omitto,
676 3881 758 3973 quia
779 3880 918 3950 Plinius
945 3883 1086 3968 scribit,
1127 3882 1241 3952 multo
1261 3892 1342 3948 ante
1373 3880 1478 3950 luisse
1531 3899 1603 3945 esse
1627 3879 1767 3947 unicam
1793 3878 2030 3961 voluntatem,
2056 3881 2117 3970 qui
2140 3881 2221 3948 ideo
2241 3879 2506 3955 Monotheletae

500 3992 658 4050 eversum
679 3992 910 4066 terraemotu,
950 3986 1011 4052 sed
1035 3985 1184 4073 praedae
1209 3981 1415 4070 magnitudo
1438 4005 1478 4050 ex
1530 3979 1702 4048 nominati
1720 3990 1814 4048 sunt.
1838 3976 1887 4044 Hi
1902 3991 1989 4048 tecte
2004 3979 2247 4064 significabant
2264 3975 2331 4050 hoc
2347 4009 2505 4077 quoque:

499 4094 574 4153 toto
595 4083 714 4151 littore
738 4082 833 4151 dedit
858 4084 1077 4153 occasionem
1100 4083 1155 4152 illi
1179 4083 1329 4156 fabulae.
1379 4079 1479 4152 Cou—
1529 4101 1566 4146 se
1579 4078 1710 4147 sentire
1723 4077 1863 4146 unicam
1873 4089 2015 4146 tantum
2031 4099 2104 4147 esse
2121 4079 2158 4145 iu
2173 4076 2313 4150 Christo
2330 4097 2504 4163 naturam.

500 4197 597 4251 stans
618 4184 759 4250 tandem
785 4194 820 4251 et
843 4180 882 4250 in
907 4179 1048 4253 ltaliam
1073 4183 1189 4269 venit,
1232 4184 1296 4253 ubi
1322 4181 1476 4252 victusa
1528 4175 1646 4249 lluius
1660 4176 1799 4270 Synodi
1812 4178 2028 4247 mentionem
2045 4202 2167 4249 rursus
2181 4182 2326 4266 faciam,
2352 4208 2431 4254 cum
2449 4187 2507 4254 in-

499 4280 744 4368 Longobardis
767 4306 847 4351 cum
867 4281 918 4350 eis
939 4283 1101 4354 inducias
1124 4284 1225 4366 fecit,
1258 4283 1477 4375 spoliataque
1527 4280 1582 4348 fra
1597 4280 1642 4348 de
1655 4274 1813 4348 Ecclesia
1826 4277 1902 4348 eius
1918 4278 2084 4369 temporis
2098 4279 2223 4356 dicam.
2256 4281 2412 4355 Decessit
2428 4287 2505 4376 pla·

498 4382 587 4452 urbe
603 4378 718 4450 Roma
742 4381 780 4447 in
794 4380 952 4452 Siciliam
972 4383 1094 4468 rediit,
1119 4383 1183 4452 uhi
1204 4382 1350 4452 inloelix
1364 4383 1477 4474 impe·
1528 4379 1605 4450 cide
1624 4375 1879 4450 Constantinus
1892 4378 2102 4470 imperator,
2126 4381 2215 4452 facta
2237 4406 2322 4477 pace
2339 4386 2377 4453 in
2392 4385 2505 4478 impe-

498 4496 596 4551 rator
611 4480 771 4571 perfusus
786 4481 942 4556 fervente
958 4507 1049 4577 aqua
1069 4484 1108 4553 in
1133 4483 1260 4555 balneo
1278 4485 1477 4573 strangula-
1528 4482 1583 4553 rio
1598 4475 1760 4552 Orientis
1776 4492 1811 4552 et
1825 4480 1864 4550 in
1879 4478 2048 4553 Ecclesia.

498 4599 555 4655 ius
573 4596 633 4652 esi·

750 4740 753 4747 .
1578 4678 1686 4754 Αηηο
1696 4681 2149 4776 mnndiqnatermillesimo
2158 4685 2406 4757 sexcentesimo
2415 4710 2503 4782 qua-

547 4780 655 4853 Anno
688 4781 814 4854 mundi
852 4797 974 4877 quater
1002 4786 1192 4857 millesimo
1226 4790 1474 4860 sexcentesimo
1726 4784 2032 4873 dragesimonono

698 4885 872 4954 tricesimo
888 4888 1055 4962 secundo.
1576 4882 1684 4953 Anno
1699 4880 1836 4955 Romae
1849 4884 2038 4954 millesimo
2054 4884 2399 4977 quadringentesimo
2414 4913 2502 4982 qua.

547 4978 656 5055 Anno
677 4981 815 5056 Romae
837 4985 1025 5058 millesimo
1050 4988 1394 5083 quadringentesimo
1419 4991 1474 5059 vi·
1730 4985 1937 5072 dragesimo.

702 5086 831 5155 cesimo
846 5086 962 5155 tertio.
1576 5078 1683 5152 Anno
1715 5079 1850 5154 Christi
1889 5084 2139 5156 sexcentesimo
2178 5088 2414 5179 octuagesimo
2446 5113 2502 5162 se-

546 5185 653 5253 Anno
669 5179 803 5268 Christi
818 5186 1067 5257 sexcentesimo
1090 5189 1358 5282 septuagesimo.
1727 5185 1849 5274 ptimo.

810 5354 1170 5426 Constantinus.
1224 5350 1227 5359 “
1295 5416 1298 5421 .
1490 5395 1492 5399 >
1853 5350 2172 5421 instinionns.

1284 5420 1350 5447 (NJ

596 5468 866 5553 Constantinus
884 5483 1059 5554 Barbarus
1081 5508 1141 5555 seu
1169 5483 1368 5572 pogonatus
1390 5507 1473 5556 ωε·
1624 5471 1863 5546 Instinionns
1893 5478 1988 5546 filins
2006 5474 2150 5551 Barbati
2180 5480 2291 5550 factus
2308 5481 2500 5568 imperator

491 5581 547 5673 pit
567 5602 715 5669 regnare
737 5609 816 5654 cum
839 5598 938 5676 pater
963 5607 1043 5654 eum
1059 5599 1139 5654 ante
1157 5585 1312 5654 Italicam
1329 5585 1472 5678 expedi·
1522 5604 1542 5649 a
1557 5592 1669 5670 patre.
1710 5577 1844 5648 Tenuit
1860 5578 2048 5669 imperium
2065 5604 2176 5651 annos
2190 5583 2308 5651 decem
2327 5590 2408 5647 ante
2425 5582 2498 5649 exi·

491 5685 626 5753 tionem
655 5699 852 5754 consortem
886 5686 1027 5776 imperii
1055 5687 1211 5766 fecisset,
1244 5701 1278 5756 et
1309 5684 1471 5760 coronari
1522 5682 1624 5768 lium,
1651 5678 1780 5749 deinde
1796 5678 1977 5748 restitutus
1993 5684 2150 5770 regnavit
2168 5701 2280 5749 annos
2295 5699 2362 5744 sex.
2415 5678 2499 5753 Fuit

492 5783 659 5855 iussisset.
710 5782 886 5875 Regnavit
902 5788 1145 5856 annosdecem
1168 5800 1202 5856 et
1221 5800 1370 5879 septem,
1395 5790 1470 5859 soe-
1494 5870 1496 5876 A
1521 5780 1795 5871 ultimusstirpis
1807 5777 1980 5863 Heraclii,
2006 5780 2200 5874 inquietus,
2225 5778 2377 5847 crudelis
2392 5795 2426 5852 et
2441 5785 2500 5851 in-

543 5889 721 5952 Mecium.
750 5890 854 5956 Orza.
877 5891 962 5955 Vos.
987 5889 1065 5956 Xll.
1806 5960 1810 5965 .
1956 5881 2006 5953 69
