6025 6775
496 680 573 755 aar
990 668 1150 746 onon
1178 663 1256 743 on
1286 631 1468 740 raoni
1499 663 1622 741 nott
1653 661 2013 745 utrnautrr.
2431 673 2509 748 ara

498 847 653 940 impulsa
667 865 733 914 suo
745 842 879 912 feratur
899 859 938 906 ac
955 849 1056 918 mat,
1080 856 1126 903 an
1143 849 1226 904 vero
1247 844 1376 902 conatu
1394 852 1480 921 pro·
1529 852 1653 902 sensus
1672 842 1792 901 tamen
1815 832 2093 923 infrigidationls
2108 847 2344 930 extremomm
2357 837 2511 908 coniun-

499 949 654 1044 pellatur
674 956 834 1013 naturae.
891 934 1081 1007 Distinctio
1103 929 1232 1005 horum
1257 934 1415 1024 rigorum
1438 954 1479 998 ex
1531 932 1626 1022 gitur
1641 946 1819 1031 perpetuo,
1841 936 1939 1027 quod
1956 959 2017 1005 cor
2030 950 2194 1031 percepto
2207 938 2428 1028 putridorum
2444 936 2512 1012 ha·

500 1054 656 1142 ipsarum
670 1058 722 1115 est
735 1039 884 1136 petenda
897 1036 1050 1106 febrium
1066 1037 1178 1105 causis
1191 1058 1231 1104 ac
1245 1048 1383 1106 natura.
1416 1028 1481 1099 Bi·
1531 1034 1661 1103 lituum
1679 1029 1764 1103 hinc
1779 1035 1863 1108 inde
1875 1036 2148 1107 discurrentium
2165 1051 2397 1124 nocumento,
2426 1065 2511 1132 pco-

499 1152 609 1221 liosac
631 1147 746 1216 febres
767 1152 828 1211 aut
841 1137 1020 1208 continuis
1035 1161 1074 1207 ac
1093 1134 1337 1207 fervidissimis
1353 1131 1482 1203 calori·
1532 1133 1628 1205 tinus
1651 1136 1696 1204 ab
1718 1135 1951 1207 exterioribus
1971 1138 2139 1209 omnibus
2166 1140 2319 1209 calorem
2350 1140 2445 1210 intro
2465 1146 2511 1213 ad

499 1254 570 1325 bus
583 1250 760 1327 infestant,
785 1264 825 1310 ac
838 1261 929 1329 pene
944 1241 1099 1309 deurunt
1115 1260 1252 1329 corpus,
1277 1249 1319 1307 ut
1333 1226 1482 1307 καύσω-
1533 1219 1607 1305 εέεε
1627 1247 1778 1309 revocat.
1838 1234 1872 1305 ls
1893 1239 2034 1309 tandem
2059 1241 2122 1309 ubi
2146 1240 2279 1310 effluxu
2303 1264 2513 1337 accessuque

500 1378 581 1437 γες,
617 1368 730 1439 neque
762 1341 1042 1433 interquiescunt
1073 1353 1135 1410 aut
1160 1350 1305 1411 cessant.
1363 1333 1482 1408 Semel
1532 1336 1757 1428 putridorum
1794 1329 1971 1406 halituum
2004 1341 2172 1411 adauctus
2210 1352 2316 1431 atque
2349 1366 2515 1417 accensus

501 1455 597 1525 enim
623 1449 785 1515 incensae
816 1443 942 1512 ardent
971 1440 1212 1524 continenter,
1252 1441 1367 1508 donec
1394 1459 1483 1505 con·
1533 1449 1728 1522 exaestuat,
1753 1449 1858 1530 atque
1880 1437 2093 1524 effervescit,
2117 1466 2178 1510 cor
2199 1441 2388 1530 impatiens
2410 1446 2515 1518 llam·

499 1562 658 1640 sumpta,
683 1568 790 1640 quam
812 1542 983 1633 corripuit
1002 1542 1227 1626 incendium,
1251 1536 1397 1611 materia
1420 1537 1484 1606 de·
1534 1562 1628 1623 mae,
1654 1551 1827 1632 quantum
1844 1551 1957 1629 potest
1970 1553 2005 1611 et
2018 1541 2165 1632 repulsis
2181 1536 2350 1616 halitibus
2365 1548 2514 1622 fervidis

499 1656 648 1742 flagrent
661 1671 702 1718 ac
718 1644 892 1717 deficiant.
944 1641 1020 1714 Aut
1038 1638 1135 1714 κατὰ
1152 1633 1346 1737 περιόδους
1364 1632 1481 1720 τινὰς,
1534 1652 1569 1709 et
1587 1641 1706 1709 effusis
1727 1639 1911 1730 spiritibus
1934 1665 2022 1733 quos
2040 1653 2219 1713 contactus
2240 1646 2514 1745 commixtioque

499 1752 657 1847 repetitis
683 1771 746 1840 per
766 1744 952 1816 intervalla
975 1745 1194 1838 paroxysmis
1217 1754 1322 1835 atque
1343 1760 1484 1809 exacer·
1533 1735 1709 1834 halituum
1737 1741 1967 1831 appulsorum
1995 1742 2192 1827 fervefacit,
2230 1766 2305 1814 sese
2339 1760 2456 1820 tuetur
2479 1768 2514 1826 et

499 1853 706 1926 bationibus
726 1848 907 1938 affligunt,
933 1845 1156 1938 extinctoque
1174 1844 1341 1912 incendio
1363 1862 1404 1908 ac
1423 1862 1483 1908 so·
1533 1842 1709 1926 vindicat,
1734 1841 1819 1911 inde
1840 1855 1955 1912 aestus
1976 1858 2091 1915 totum
2114 1867 2242 1935 eorpus
2263 1862 2427 1939 occupat,
2453 1854 2516 1945 qni
2538 1924 2546 1942 q

499 1956 577 2049 pito
591 1955 723 2023 abeunt
736 1963 841 2043 atque
854 1960 1085 2030 evanescunt,
1110 1944 1263 2029 scilieet,
1289 1941 1353 2012 ubi
1372 1951 1484 2009 mate-
1534 1944 1673 2013 ecorde
1695 1943 1810 2013 llueus
1826 1957 1972 2015 vocatur
1987 1945 2105 2015 febris.
2154 1943 2241 2014 Pars
2252 1950 2421 2020 materiae
2442 1977 2515 2044 pu·

460 2052 462 2055 ’
499 2058 566 2141 ria,
582 2077 672 2148 quae
688 2063 853 2141 concepta
871 2072 911 2118 sr
920 2047 1109 2139 putredine
1124 2046 1280 2130 flamma,
1299 2053 1483 2121 exarserat
1532 2045 1715 2115 trescentis
1744 2067 1784 2115 co
1806 2056 1907 2114 motu
1919 2069 1982 2135 per
1998 2042 2109 2138 hepar
2129 2044 2168 2117 in
2185 2046 2352 2120 intestina
2368 2054 2516 2145 depelli-

501 2138 732 2244 conllagrasit
756 2164 859 2245 atque
881 2172 1022 2219 excussa
1043 2162 1113 2233 est,
1143 2138 1334 2224 καύσωνες
1355 2155 1416 2213 aut
1439 2143 1483 2212 de
1533 2159 1610 2230 tur,
1634 2145 1788 2238 indeque
1807 2146 1836 2214 si
1852 2145 1965 2216 levior
1983 2163 2035 2219 est
2052 2169 2193 2218 sursum
2216 2148 2254 2216 in
2279 2153 2514 2225 ventriculum

500 2254 722 2329 vehementia
742 2253 904 2321 flammae
926 2244 1021 2317 nihil
1047 2247 1252 2331 remittunt,
1275 2246 1339 2338 qui
1361 2257 1395 2314 et
1416 2267 1485 2313 κα·
1532 2246 1664 2330 fertur,
1696 2259 1731 2316 et
1753 2248 1917 2340 acredine
1939 2249 2171 2319 mordicando
2195 2251 2348 2323 vomitus
2368 2255 2451 2326 ciet:
2483 2258 2514 2328 si

500 2358 652 2453 xoqdeic
674 2369 707 2426 et
729 2350 893 2444 ὀλέθριοι
915 2362 1103 2433 vocantur,
1135 2359 1196 2418 aut
1216 2369 1281 2416 cau
1301 2344 1484 2414 destinatis
1534 2346 1676 2435 gravior
1694 2347 1846 2418 subsidit
1868 2347 1906 2416 iu
1923 2350 2042 2419 alvum
2061 2351 2294 2433 decumbens,
2319 2366 2352 2424 et
2371 2356 2515 2428 turbata

501 2460 726 2539 circuitibus,
764 2453 828 2521 ubi
853 2448 1118 2541 aliquantulum
1143 2447 1259 2539 spacio
1292 2447 1413 2538 aliquo
1440 2445 1484 2513 de
1534 2447 1614 2516 alvo
1634 2448 1846 2519 deiectiones
1861 2464 2068 2525 commovet.
2119 2449 2214 2523 Hinc
2226 2456 2514 2545 praecordiorum

501 2576 600 2632 aestu
612 2557 842 2635 remiserunt,
867 2574 941 2620 non
955 2564 1074 2621 tamen
1088 2547 1382 2641 conquieverunt,
1404 2557 1484 2635 post
1534 2549 1668 2632 tensio,
1702 2551 1826 2639 capitis
1852 2551 1955 2620 dolor
1979 2575 2019 2621 ac
2047 2554 2202 2641 vertigo,
2233 2578 2403 2641 nauseae,
2438 2572 2516 2633 tor.

499 2682 623 2732 rursus
638 2654 829 2748 exasperati
845 2646 1088 2720 vehementius
1104 2650 1291 2737 insurgunt
1308 2659 1413 2739 atque
1427 2645 1485 2713 in·
1534 2652 1632 2718 mina
1645 2651 1779 2720 ventris
1796 2651 1976 2722 interdum
1993 2654 2157 2725 existunt
2207 2654 2350 2728 Halitus
2365 2662 2516 2733 crassio-

501 2762 718 2842 tcnduntur,
737 2753 847 2848 quiet
870 2747 1121 2846 ἐπιεικέστεροι
1142 2764 1234 2821 sunt.
1286 2744 1400 2837 Origo
1415 2742 1485 2816 ha·
1534 2773 1590 2820 res
1602 2764 1782 2820 aestuante
1798 2751 1868 2819 iam
1884 2757 1964 2824 toto'
1975 2777 2131 2847 corpore,
2150 2769 2248 2827 motu
2263 2759 2415 2837 lentiore
2429 2788 2516 2856 pro.

502 2886 583 2932 rum
603 2857 757 2929 febrium
773 2853 934 2925 omnium
951 2852 1174 2944 eputrcdine
1198 2863 1250 2921 est
1267 2849 1351 2923 bilis
1374 2848 1485 2917 flavae
1534 2852 1649 2921 trudit
1682 2864 1809 2922 natura
1836 2854 1880 2922 ad
1911 2868 2044 2942 cutem,
2081 2881 2186 2950 quam
2212 2860 2364 2931 laxatam
2398 2866 2516 2937 calore

500 2957 733 3058 putrescentis
747 2957 786 3025 in
806 2956 899 3025 vasis
913 2956 969 3023 vel
986 2954 1096 3045 epatis
1108 2952 1219 3043 ipsius
1231 2952 1288 3021 vel
1302 2952 1385 3020 inde
1399 2973 1485 3040 pro·
1533 2953 1684 3044 ideoque
1699 2947 1880 3024 hiantibus
1897 2957 1993 3045 poris
2002 2959 2157 3048 perviam
2173 2959 2226 3027 illi
2236 2980 2514 3055 perrumpentes,

500 3062 636 3160 pagatis
660 3057 871 3152 propinquis
904 3069 966 3126 aut
996 3053 1259 3124 remotioribus.
1318 3052 1357 3123 Si
1388 3049 1484 3118 enim
1533 3052 1598 3122 ubi
1610 3076 1757 3123 occursu
1773 3055 1879 3145 paulo
1895 3058 2075 3128 remissius
2092 3060 2236 3132 calentis
2257 3063 2349 3134 ae'ris
2362 3066 2516 3137 deumn-

501 3180 603 3239 sucta
635 3163 728 3235 iusto
758 3157 911 3251 amplius
934 3157 1026 3227 flava
1059 3155 1161 3239 bilis,
1197 3154 1415 3244 modumque
1444 3174 1484 3220 ac
1533 3166 1594 3224 tur
1609 3167 1713 3246 atque
1729 3169 1920 3244 coguntur,
1945 3158 1984 3229 in
1998 3163 2141 3231 sudores
2157 3163 2337 3239 diffluunt.
2372 3165 2516 3245 Desinit

499 3288 702 3341 mensuram
729 3257 876 3332 naturae
897 3256 1166 3328 convenientem
1193 3255 1380 3332 excedens,
1407 3264 1441 3322 et
1463 3274 1484 3320 a
1534 3255 1652 3347 itaque
1666 3255 1784 3326 fervor
1799 3280 1939 3329 excussa
1956 3261 2086 3332 talibus
2106 3279 2254 3337 naturae
2268 3266 2424 3339 motibus
2439 3294 2516 3343 ma.

501 3395 584 3443 suae
610 3364 738 3457 speciei
762 3384 887 3432 norma
908 3360 1142 3450 degenerans,
1174 3368 1298 3427 oneret
1322 3366 1482 3424 naturam
1534 3357 1633 3442 teria,
1659 3380 1748 3451 quae
1764 3373 1924 3449 coeperat
1942 3374 2152 3456 putrescere,
2177 3379 2212 3438 et
2226 3369 2317 3440 redit
2332 3371 2516 3464 tantisper,

500 3467 671 3560 eorporis,
691 3459 778 3533 hacc
791 3461 928 3529 irritata
944 3471 977 3528 et
990 3482 1097 3529 onere
1114 3459 1292 3547 gravantis
1307 3456 1485 3539 materiae,
1532 3459 1645 3527 donec
1660 3459 1716 3527 vel
1731 3461 1848 3530 omnis
1861 3462 1906 3534 sit
1919 3479 2083 3538 evacuata
2099 3479 2205 3559 atquc
2219 3463 2384 3539 exhausta
2402 3486 2515 3544 mate-

501 3585 536 3641 et
558 3565 723 3636 acredin'e
751 3556 942 3652 pungentis
970 3582 1010 3627 ac
1033 3557 1245 3637 vellicantis,
1278 3556 1387 3626 exerit
1416 3578 1485 3640 eas,
1533 3560 1585 3627 ria
1602 3560 1762 3650 putrida,
1789 3562 1845 3631 vel
1862 3576 1986 3635 natura
2001 3567 2120 3639 vineat
2135 3593 2175 3641 ac
2190 3569 2401 3643 dominetur.
2436 3571 2514 3647 Re.

501 3669 631 3766 quibus
655 3686 732 3734 sess
753 3660 842 3750 regit
857 3682 897 3727 ac
919 3670 1106 3742 sustentat,
1128 3657 1241 3741 vires,
1265 3680 1306 3726 ac
1327 3656 1483 3747 primum
1533 3660 1588 3729 dit
1609 3673 1726 3729 autem
1749 3663 1903 3733 collectis
1920 3666 2060 3755 denuo,
2085 3691 2172 3763 quot
2188 3683 2314 3742 natura
2336 3692 2516 3765 separarat

500 3767 718 3862 experiundo
740 3763 935 3833 coctionem
954 3782 995 3829 ac
1019 3748 1274 3849 separationem
1297 3757 1334 3825 vi
1357 3756 1484 3826 caloris
1533 3753 1734 3844 ichoribus,
1766 3777 1799 3834 et
1821 3765 1999 3838 derelictis
2026 3795 2046 3841 a
2069 3773 2184 3843 calore
2215 3773 2338 3843 nativo
2360 3758 2515 3870 ideoque

500 3870 633 3954 nativi,
657 3891 677 3936 a
694 3877 767 3937 tota
783 3860 1017 3933 redundantis
1037 3860 1122 3929 bilis
1137 3876 1250 3930 massa
1273 3853 1316 3929 τὸ
1337 3857 1484 3955 ῑχωρῶ-
1531 3863 1825 3952 putrescentibus,
1839 3890 1919 3935 cum
1934 3886 2112 3960 separatos
2123 3873 2177 3943 vel
2192 3887 2335 3966 propter
2347 3875 2514 3966 obseptos

500 3967 562 4052 dec
588 3963 801 4064 περίττωμα
829 3961 1128 4053 impurissimum,
1167 3962 1263 4053 quod
1294 3960 1394 4029 nulla
1421 3983 1483 4029 co·
1532 3973 1685 4044 meatus,
1711 3964 1768 4033 vel
1790 3970 1886 4059 quod
1907 3971 1954 4040 ob
1976 3972 2253 4048 imbecillitatem
2267 3976 2366 4046 oneri
2381 3976 2426 4046 ,it
2441 3977 2511 4046 im.

500 4073 617 4153 ctione
638 4065 820 4141 cmcndari
841 4075 973 4155 potest,
996 4075 1038 4132 ut
1059 4061 1217 4152 corporis
1241 4061 1322 4131 usui
1343 4060 1482 4144 serviat,
1532 4086 1615 4155 par,
1642 4067 1826 4136 extrudere
1841 4071 1884 4138 ad
1902 4075 2117 4161 potentiores
2131 4086 2439 4171 meatus'neqneat.

499 4171 649 4246 secernit
670 4193 710 4240 ac
732 4166 900 4249 secludit,
924 4165 1031 4258 idque
1048 4188 1128 4234 cum
1148 4162 1251 4232 fortis
1270 4161 1367 4231 calor
1387 4160 1482 4232 nati·
1634 4164 1672 4236 Si
1696 4189 1779 4237 vero
1802 4182 1927 4241 natura
1951 4173 2123 4264 languens
2146 4193 2180 4251 et
2196 4203 2237 4249 εχ
2258 4178 2382 4249 caloris
2398 4181 2512 4252 nativi

499 4301 565 4349 vus
588 4276 699 4366 viget,
731 4268 842 4352 eiicit,
873 4268 929 4336 vel
954 4266 992 4334 in
1023 4267 1169 4336 sudores
1193 4274 1418 4335 extenuatum
1441 4286 1482 4332 ac
1514 4265 1700 4335 'imbecilli
1724 4270 1898 4357 praesidio
1920 4271 2090 4348 nonnihil
2113 4280 2277 4350 deficiens
2298 4302 2373 4350 non
2400 4281 2513 4373 possit

497 4378 728 4459 dissolutum,
755 4371 812 4442 vel
833 4370 1016 4441 detrusum
1037 4367 1075 4434 in
1100 4366 1238 4448 alvum,
1262 4364 1319 4431 vel
1339 4364 1481 4452 ablega·
1530 4378 1787 4457 putrescentem
1811 4374 1936 4444 evasis
1951 4377 2128 4469 depellere
2150 4380 2354 4464 materiam,
2378 4383 2514 4455 retine-

497 4495 573 4552 tum
589 4481 634 4549 ad
649 4477 775 4548 urinae
789 4484 935 4541 meatus.
986 4467 1025 4538 si
1043 4467 1155 4535 exitus
1179 4464 1394 4553 impediatur
1413 4466 1481 4533 ob-
1531 4481 1590 4539 tur
1609 4491 1649 4537 ea
1668 4468 1762 4541 intra
1785 4495 1866 4543 vasa
1890 4489 1924 4547 et
1944 4473 2144 4561 καύσωνας
2169 4483 2315 4568 excitat,
2338 4508 2429 4577 quos
2449 4498 2513 4557 aut

497 4577 751 4649 structionibus
766 4570 990 4648 interclusus,
1016 4570 1197 4636 detentum
1212 4558 1333 4634 haeret
1347 4562 1386 4631 in
1402 4588 1481 4633 cor·
1531 4569 1700 4638 continuo
1716 4584 1778 4642 aut
1792 4576 1978 4663 paululum
2000 4581 2197 4652 remittente
2214 4583 2382 4656 incendio
2403 4587 2512 4662 fovet.

495 4701 603 4768 pore,
636 4688 669 4745 et
690 4673 774 4766 quia
799 4671 924 4742 caloris
947 4666 1059 4738 nativi
1080 4662 1249 4754 regimine
1264 4662 1480 4750 destituitur,
1529 4667 1583 4739 De
1603 4671 1728 4762 quovis
1748 4674 1845 4744 enim
1868 4671 2017 4750 humore
2043 4696 2215 4774 perpetuu
2246 4700 2373 4757 natura
2396 4691 2511 4758 donec

495 4779 542 4848 ab
555 4776 672 4845 alieno
690 4773 969 4841 circumventum
988 4780 1093 4857 atque
1109 4775 1317 4853 occupatum
1340 4776 1480 4853 putres·
1529 4771 1640 4855 valet,
1667 4774 1763 4864 quod
1779 4775 1952 4868 optimum
1969 4795 2019 4852 est
2034 4804 2074 4852 ac
2090 4787 2232 4876 corpori
2248 4789 2513 4859 convenientis.

495 4879 555 4948 cit.
613 4872 820 4943 Putredinis
837 4868 1026 4937 laesionem
1049 4878 1173 4935 natura
1197 4864 1300 4934 fortis
1324 4865 1487 4937 sentiens
1529 4870 1678 4958 simum,
1702 4886 1823 4947 tuetur
1843 4901 1884 4948 ac
1903 4879 2060 4954 defendit
2082 4889 2365 4979 acorruptione,
2389 4889 2511 4961 seiun.

494 4975 683 5074 (lassffil'ffl'
699 4970 794 5041 ‘ssim
809 4970 924 5038 ‘¹⁰⁰²‘
944 4968 1083 5063 Ῑχῶθαέ
1099 4979 1238 5061 ⁸²P²¹l³t
1253 4978 1398 5052 namtas
1422 4968 1478 5038 vi·
1527 4972 1593 5042 ctis
1605 4996 1644 5041 ac
1661 4975 1837 5048 destitutis
1850 4979 1966 5070 primo
1981 4978 2184 5072 ichoribus,
2211 4989 2349 5059 etiamsi
2366 4986 2512 5064 hebeta-

495 5091 553 5166 get
576 5069 757 5170 valetque)
783 5084 916 5166 quanto
933 5083 1049 5162 potest
1069 5084 1198 5142 conatu
1218 5082 1325 5162 atque
1342 5067 1477 5160 impetu
1526 5085 1583 5144 tus
1600 5075 1697 5145 calor
1715 5078 1855 5148 nativus
1871 5084 2025 5172 coeperit
2044 5086 2225 5178 languere.
2276 5090 2317 5163 Si
2339 5116 2421 5182 argo
2442 5116 2510 5181 pu.

494 5178 671 5249 incumbit
703 5177 741 5245 in
774 5172 1015 5266 expulsionem
1041 5173 1207 5243 materiae
1234 5172 1476 5263 putrescentis.
1526 5176 1626 5246 tredo
1640 5178 1834 5248 retineatur
1855 5178 1948 5252 inter
1963 5209 2065 5272 vasa,
2090 5191 2263 5283 tantisper
2277 5194 2389 5263 donec
2402 5204 2510 5261 natu-

490 5277 572 5348 Hoc
588 5277 744 5369 impulsu
758 5291 905 5348 naturae
920 5275 1048 5365 agitata
1063 5274 1221 5358 materia,
1247 5268 1378 5343 halitus
1393 5274 1475 5367 qui-
1525 5300 1584 5347 rae
1601 5293 1757 5369 superest
1770 5292 1906 5353 tantum
1921 5283 2064 5375 vidum,
2084 5304 2126 5362 ut
2141 5293 2327 5387 coquendo
2341 5314 2508 5382 separan-

493 5382 576 5451 dam
599 5378 744 5447 subtiles
767 5401 806 5446 er
829 5378 1017 5467 putredine
1031 5374 1179 5460 fervidi,
1201 5374 1472 5447 concitatissimo
1525 5380 1643 5470 doque
1659 5402 1834 5450 asservare
1851 5381 1989 5477 aliquid
2005 5411 2045 5460 ac
2068 5393 2160 5463 tueri
2175 5394 2302 5486 possit,
2328 5392 2394 5463 etsi
2410 5393 2508 5463 calor

491 5494 592 5551 motu
614 5501 678 5568 per
699 5497 806 5545 venas
827 5476 933 5545 delati
956 5477 995 5543 in
1018 5497 1140 5545 omnes
1160 5478 1319 5567 eorporis
1347 5490 1472 5566 partes,
1522 5481 1658 5550 febrilis
1679 5505 1753 5551 non
1774 5481 1993 5574 extinguitur
2020 5514 2184 5582 prorsus,
2214 5493 2357 5563 sedatur
2386 5505 2508 5564 tamen

490 5579 669 5651 musculos
685 5577 783 5646 illisu
797 5575 916 5644 valido
937 5575 1152 5667 percellunt,
1179 5577 1342 5669 quatiunt
1359 5601 1399 5646 ac
1416 5578 1471 5649 vi·
1522 5582 1625 5652 certis
1644 5581 1841 5654 intervallis
1863 5601 1979 5660 aestus
2001 5593 2278 5689 aliquantulum,
2304 5608 2339 5666 et
2353 5598 2507 5688 putredo

491 5683 615 5766 beant,
636 5702 716 5750 cum
733 5701 801 5771 qua
818 5679 1046 5746 concussione
1069 5678 1133 5748 etsi
1155 5679 1250 5748 illaa
1273 5679 1469 5751 calidorum
1521 5682 1562 5756 fit
1579 5681 1710 5765 mitior,
1736 5686 1833 5757 unde
1854 5682 2044 5773 καύσωνες
2061 5688 2313 5788 ἐπιεικέστεροι
2339 5699 2507 5775 existunt.

490 5794 595 5875 atquc
622 5781 757 5851 acrium
781 5778 961 5850 fumorum
995 5779 1101 5852 citato
1126 5779 1261 5877 impetu
1286 5780 1470 5870 excitatur,
1520 5781 1561 5856 si
1581 5780 1769 5873 profligato
1793 5802 2013 5877 prostratove
2036 5815 2181 5888 prorsus
2202 5808 2266 5868 ant
2295 5803 2507 5872 conculcata
