<?xml version="1.0" encoding="UTF-8"?>
<!DOCTYPE html PUBLIC "-//W3C//DTD XHTML 1.0 Transitional//EN"
    "http://www.w3.org/TR/xhtml1/DTD/xhtml1-transitional.dtd">
<html xmlns="http://www.w3.org/1999/xhtml" xml:lang="en" lang="en">
 <head>
  <title>
</title>
<meta http-equiv="Content-Type" content="text/html;charset=utf-8" />
  <meta name='ocr-system' content='tesseract 3.04.00' />
  <meta name='ocr-capabilities' content='ocr_page ocr_carea ocr_par ocr_line ocrx_word'/>
</head>
<body>
  <div class='ocr_page' id='page_1' title='image "./philippimelanth12melagoog/philippimelanth12melagoog_0119.png"; bbox 0 0 6025 6775; ppageno 0'>
   <div class='ocr_carea' id='block_1_1' title="bbox 516 526 2529 647">
    <p class='ocr_par' dir='ltr' id='par_1_1' title="bbox 516 526 2529 647">
     <span class='ocr_line' id='line_1_1' title="bbox 516 526 2529 647; baseline 0.007 -21"><span class='ocrx_word' id='word_1_1' title='bbox 516 526 593 634; x_wconf 77' lang='lat' dir='ltr'>cia</span> <span class='ocrx_word' id='word_1_2' title='bbox 1029 549 1184 639; x_wconf 77' lang='lat' dir='ltr'>nect.</span> <span class='ocrx_word' id='word_1_3' title='bbox 1217 552 1293 627; x_wconf 83' lang='lat' dir='ltr'>nn</span> <span class='ocrx_word' id='word_1_4' title='bbox 1326 551 1482 631; x_wconf 81' lang='lat' dir='ltr'>cuna</span> <span class='ocrx_word' id='word_1_5' title='bbox 1515 552 1670 630; x_wconf 84' lang='lat' dir='ltr'>narn</span> <span class='ocrx_word' id='word_1_6' title='bbox 1703 551 2021 647; x_wconf 75' lang='lat' dir='ltr'>noqueunt.</span> <span class='ocrx_word' id='word_1_7' title='bbox 2453 568 2529 641; x_wconf 78' lang='lat' dir='ltr'>ace</span> 
     </span>
    </p>
   </div>
   <div class='ocr_carea' id='block_1_2' title="bbox 513 707 2526 1026">
    <p class='ocr_par' dir='ltr' id='par_1_2' title="bbox 513 707 2526 1026">
     <span class='ocr_line' id='line_1_2' title="bbox 516 707 2526 817; baseline 0.004 -22"><span class='ocrx_word' id='word_1_8' title='bbox 516 724 615 795; x_wconf 80' lang='lat' dir='ltr'>Talis</span> <span class='ocrx_word' id='word_1_9' title='bbox 635 723 757 813; x_wconf 91' lang='lat' dir='ltr'>lingua</span> <span class='ocrx_word' id='word_1_10' title='bbox 780 719 968 811; x_wconf 86' lang='lat' dir='ltr'>praecipue</span> <span class='ocrx_word' id='word_1_11' title='bbox 991 720 1030 790; x_wconf 92' lang='lat' dir='ltr'>in</span> <span class='ocrx_word' id='word_1_12' title='bbox 1045 717 1201 793; x_wconf 81' lang='lat' dir='ltr'><strong>Ecclesia</strong></span> <span class='ocrx_word' id='word_1_13' title='bbox 1218 719 1400 794; x_wconf 91' lang='lat' dir='ltr'>horribilis</span> <span class='ocrx_word' id='word_1_14' title='bbox 1416 750 1496 817; x_wconf 89' lang='lat' dir='ltr'>per·</span> <span class='ocrx_word' id='word_1_15' title='bbox 1549 707 1731 799; x_wconf 83' lang='lat' dir='ltr'>doctrinae</span> <span class='ocrx_word' id='word_1_16' title='bbox 1759 730 2019 817; x_wconf 89' lang='lat' dir='ltr'>cognoscendos</span> <span class='ocrx_word' id='word_1_17' title='bbox 2048 731 2244 812; x_wconf 88' lang='lat' dir='ltr'>vocaverit,</span> <span class='ocrx_word' id='word_1_18' title='bbox 2282 732 2389 802; x_wconf 81' lang='lat' dir='ltr'>officii</span> <span class='ocrx_word' id='word_1_19' title='bbox 2418 737 2526 804; x_wconf 90' lang='lat' dir='ltr'>vestri</span> 
     </span>
     <span class='ocr_line' id='line_1_3' title="bbox 513 821 2524 922; baseline 0.005 -28"><span class='ocrx_word' id='word_1_20' title='bbox 513 827 623 896; x_wconf 89' lang='lat' dir='ltr'>nicies</span> <span class='ocrx_word' id='word_1_21' title='bbox 638 837 700 907; x_wconf 90' lang='lat' dir='ltr'>est,</span> <span class='ocrx_word' id='word_1_22' title='bbox 715 822 789 891; x_wconf 89' lang='lat' dir='ltr'>sive</span> <span class='ocrx_word' id='word_1_23' title='bbox 804 822 962 891; x_wconf 91' lang='lat' dir='ltr'>consulto</span> <span class='ocrx_word' id='word_1_24' title='bbox 978 821 1076 893; x_wconf 92' lang='lat' dir='ltr'>ludat</span> <span class='ocrx_word' id='word_1_25' title='bbox 1090 825 1286 915; x_wconf 82' lang='lat' dir='ltr'>praestigiis</span> <span class='ocrx_word' id='word_1_26' title='bbox 1300 823 1495 917; x_wconf 89' lang='lat' dir='ltr'>sophisma·</span> <span class='ocrx_word' id='word_1_27' title='bbox 1546 852 1719 897; x_wconf 83' lang='lat' dir='ltr'>memores</span> <span class='ocrx_word' id='word_1_28' title='bbox 1735 827 1820 913; x_wconf 87' lang='lat' dir='ltr'>sitis,</span> <span class='ocrx_word' id='word_1_29' title='bbox 1846 843 1880 900; x_wconf 91' lang='lat' dir='ltr'>et</span> <span class='ocrx_word' id='word_1_30' title='bbox 1892 828 1997 901; x_wconf 83' lang='lat' dir='ltr'>infixa</span> <span class='ocrx_word' id='word_1_31' title='bbox 2011 831 2056 901; x_wconf 93' lang='lat' dir='ltr'>sit</span> <span class='ocrx_word' id='word_1_32' title='bbox 2071 832 2206 922; x_wconf 89' lang='lat' dir='ltr'>pectori</span> <span class='ocrx_word' id='word_1_33' title='bbox 2221 846 2255 903; x_wconf 89' lang='lat' dir='ltr'>et</span> <span class='ocrx_word' id='word_1_34' title='bbox 2271 834 2380 905; x_wconf 91' lang='lat' dir='ltr'>menti</span> <span class='ocrx_word' id='word_1_35' title='bbox 2394 834 2524 907; x_wconf 86' lang='lat' dir='ltr'>tristis-</span> 
     </span>
     <span class='ocr_line' id='line_1_4' title="bbox 513 921 2306 1026; baseline 0.004 -31"><span class='ocrx_word' id='word_1_36' title='bbox 513 941 611 1011; x_wconf 90' lang='lat' dir='ltr'>tum,</span> <span class='ocrx_word' id='word_1_37' title='bbox 633 938 672 994; x_wconf 92' lang='lat' dir='ltr'>ut</span> <span class='ocrx_word' id='word_1_38' title='bbox 690 924 851 992; x_wconf 83' lang='lat' dir='ltr'>iecerunt</span> <span class='ocrx_word' id='word_1_39' title='bbox 865 932 899 989; x_wconf 89' lang='lat' dir='ltr'>et</span> <span class='ocrx_word' id='word_1_40' title='bbox 914 921 1050 993; x_wconf 84' lang='lat' dir='ltr'>faciunt</span> <span class='ocrx_word' id='word_1_41' title='bbox 1066 925 1171 1003; x_wconf 83' lang='lat' dir='ltr'>multi</span> <span class='ocrx_word' id='word_1_42' title='bbox 1186 922 1396 1018; x_wconf 77' lang='lat' dir='ltr'>blasphemi,</span> <span class='ocrx_word' id='word_1_43' title='bbox 1421 928 1494 997; x_wconf 88' lang='lat' dir='ltr'>sive</span> <span class='ocrx_word' id='word_1_44' title='bbox 1546 929 1635 999; x_wconf 86' lang='lat' dir='ltr'>sima</span> <span class='ocrx_word' id='word_1_45' title='bbox 1653 929 1898 1015; x_wconf 91' lang='lat' dir='ltr'>comminatio,</span> <span class='ocrx_word' id='word_1_46' title='bbox 1922 930 1962 998; x_wconf 95' lang='lat' dir='ltr'>in</span> <span class='ocrx_word' id='word_1_47' title='bbox 1976 955 2046 1023; x_wconf 92' lang='lat' dir='ltr'>qua</span> <span class='ocrx_word' id='word_1_48' title='bbox 2060 931 2157 1002; x_wconf 88' lang='lat' dir='ltr'>Deus</span> <span class='ocrx_word' id='word_1_49' title='bbox 2172 934 2306 1026; x_wconf 90' lang='lat' dir='ltr'>inquit:</span> 
     </span>
    </p>
   </div>
   <div class='ocr_carea' id='block_1_3' title="bbox 513 1023 2523 1141">
    <p class='ocr_par' dir='ltr' id='par_1_3' title="bbox 513 1023 2523 1141">
     <span class='ocr_line' id='line_1_5' title="bbox 513 1023 2523 1141; baseline 0.003 -46"><span class='ocrx_word' id='word_1_50' title='bbox 513 1027 657 1095; x_wconf 72' lang='lat' dir='ltr'>inscitia</span> <span class='ocrx_word' id='word_1_51' title='bbox 682 1035 819 1115; x_wconf 80' lang='lat' dir='ltr'>spargat</span> <span class='ocrx_word' id='word_1_52' title='bbox 842 1023 1034 1112; x_wconf 88' lang='lat' dir='ltr'>improprie</span> <span class='ocrx_word' id='word_1_53' title='bbox 1057 1025 1170 1112; x_wconf 89' lang='lat' dir='ltr'>dicta,</span> <span class='ocrx_word' id='word_1_54' title='bbox 1195 1052 1284 1120; x_wconf 92' lang='lat' dir='ltr'>quae</span> <span class='ocrx_word' id='word_1_55' title='bbox 1305 1029 1493 1099; x_wconf 87' lang='lat' dir='ltr'>dissimiles</span> <span class='ocrx_word' id='word_1_56' title='bbox 1596 1043 1691 1134; x_wconf 59' lang='lat' dir='ltr'><strong>Quia</strong></span> <span class='ocrx_word' id='word_1_57' title='bbox 1715 1045 1896 1141; x_wconf 48' lang='lat' dir='ltr'>,pientiam</span> <span class='ocrx_word' id='word_1_58' title='bbox 1921 1046 2098 1138; x_wconf 61' lang='lat' dir='ltr'>repulisti,</span> <span class='ocrx_word' id='word_1_59' title='bbox 2123 1048 2289 1137; x_wconf 58' lang='lat' dir='ltr'>repellam</span> <span class='ocrx_word' id='word_1_60' title='bbox 2311 1062 2364 1134; x_wconf 53' lang='grc' dir='ltr'>[θ’</span> <span class='ocrx_word' id='word_1_61' title='bbox 2389 1072 2434 1119; x_wconf 62' lang='lat' dir='ltr'>ne</span> <span class='ocrx_word' id='word_1_62' title='bbox 2457 1047 2523 1121; x_wconf 62' lang='lat' dir='ltr'>sa.</span> 
     </span>
    </p>
   </div>
   <div class='ocr_carea' id='block_1_4' title="bbox 517 1120 1493 1718">
    <p class='ocr_par' dir='ltr' id='par_1_4' title="bbox 517 1120 1493 1718">
     <span class='ocr_line' id='line_1_6' title="bbox 517 1120 1493 1217; baseline 0.002 -21"><span class='ocrx_word' id='word_1_63' title='bbox 517 1127 702 1217; x_wconf 84' lang='lat' dir='ltr'>opiniones</span> <span class='ocrx_word' id='word_1_64' title='bbox 725 1124 762 1190; x_wconf 93' lang='lat' dir='ltr'>in</span> <span class='ocrx_word' id='word_1_65' title='bbox 781 1120 908 1190; x_wconf 92' lang='lat' dir='ltr'>animis</span> <span class='ocrx_word' id='word_1_66' title='bbox 922 1122 1140 1193; x_wconf 89' lang='lat' dir='ltr'>audientium</span> <span class='ocrx_word' id='word_1_67' title='bbox 1156 1128 1309 1215; x_wconf 90' lang='lat' dir='ltr'>pariunt.</span> <span class='ocrx_word' id='word_1_68' title='bbox 1360 1127 1493 1197; x_wconf 92' lang='lat' dir='ltr'>Memi-</span> 
     </span>
     <span class='ocr_line' id='line_1_7' title="bbox 517 1222 1492 1320; baseline 0.004 -26"><span class='ocrx_word' id='word_1_69' title='bbox 517 1228 635 1296; x_wconf 83' lang='lat' dir='ltr'>nimus</span> <span class='ocrx_word' id='word_1_70' title='bbox 655 1236 687 1292; x_wconf 89' lang='lat' dir='ltr'>et</span> <span class='ocrx_word' id='word_1_71' title='bbox 708 1222 853 1290; x_wconf 89' lang='lat' dir='ltr'>dissidia</span> <span class='ocrx_word' id='word_1_72' title='bbox 878 1235 913 1292; x_wconf 91' lang='lat' dir='ltr'>et</span> <span class='ocrx_word' id='word_1_73' title='bbox 927 1224 1139 1294; x_wconf 86' lang='lat' dir='ltr'>laxationem</span> <span class='ocrx_word' id='word_1_74' title='bbox 1154 1228 1362 1320; x_wconf 88' lang='lat' dir='ltr'>discipliuae</span> <span class='ocrx_word' id='word_1_75' title='bbox 1378 1253 1418 1300; x_wconf 85' lang='lat' dir='ltr'>cx</span> <span class='ocrx_word' id='word_1_76' title='bbox 1436 1226 1492 1299; x_wconf 93' lang='lat' dir='ltr'>his</span> 
     </span>
     <span class='ocr_line' id='line_1_8' title="bbox 518 1323 936 1419; baseline -0.012 -24"><span class='ocrx_word' id='word_1_77' title='bbox 518 1323 703 1419; x_wconf 79' lang='lat' dir='ltr'>paradoxis</span> <span class='ocrx_word' id='word_1_78' title='bbox 715 1335 829 1391; x_wconf 88' lang='lat' dir='ltr'>ortam</span> <span class='ocrx_word' id='word_1_79' title='bbox 846 1345 936 1392; x_wconf 88' lang='lat' dir='ltr'>esse:</span> 
     </span>
     <span class='ocr_line' id='line_1_9' title="bbox 564 1422 1030 1497; baseline 0.006 -4"><span class='ocrx_word' id='word_1_80' title='bbox 564 1422 696 1493; x_wconf 91' lang='lat' dir='ltr'>Omnia</span> <span class='ocrx_word' id='word_1_81' title='bbox 717 1423 808 1492; x_wconf 87' lang='lat' dir='ltr'>fiunt</span> <span class='ocrx_word' id='word_1_82' title='bbox 824 1424 1030 1497; x_wconf 87' lang='lat' dir='ltr'>necessario.</span> 
     </span>
     <span class='ocr_line' id='line_1_10' title="bbox 563 1518 1490 1620; baseline 0.005 -26"><span class='ocrx_word' id='word_1_83' title='bbox 563 1522 737 1594; x_wconf 75' lang='lat' dir='ltr'>Voluntas</span> <span class='ocrx_word' id='word_1_84' title='bbox 758 1518 852 1592; x_wconf 89' lang='lat' dir='ltr'>nihil</span> <span class='ocrx_word' id='word_1_85' title='bbox 875 1526 966 1613; x_wconf 83' lang='lat' dir='ltr'>agit,</span> <span class='ocrx_word' id='word_1_86' title='bbox 1007 1527 1068 1593; x_wconf 89' lang='lat' dir='ltr'>sed</span> <span class='ocrx_word' id='word_1_87' title='bbox 1095 1538 1232 1597; x_wconf 90' lang='lat' dir='ltr'>tantum</span> <span class='ocrx_word' id='word_1_88' title='bbox 1256 1530 1394 1620; x_wconf 80' lang='lat' dir='ltr'>rapitur</span> <span class='ocrx_word' id='word_1_89' title='bbox 1416 1554 1490 1601; x_wconf 92' lang='lat' dir='ltr'>non</span> 
     </span>
     <span class='ocr_line' id='line_1_11' title="bbox 611 1624 1489 1718; baseline 0.01 -25"><span class='ocrx_word' id='word_1_90' title='bbox 611 1626 725 1693; x_wconf 91' lang='lat' dir='ltr'>solum</span> <span class='ocrx_word' id='word_1_91' title='bbox 741 1624 778 1691; x_wconf 94' lang='lat' dir='ltr'>in</span> <span class='ocrx_word' id='word_1_92' title='bbox 797 1625 902 1693; x_wconf 92' lang='lat' dir='ltr'>bonis</span> <span class='ocrx_word' id='word_1_93' title='bbox 919 1626 1126 1711; x_wconf 70' lang='lat' dir='ltr'>actionibus,</span> <span class='ocrx_word' id='word_1_94' title='bbox 1145 1631 1203 1718; x_wconf 82' lang='lat' dir='ltr'>sed</span> <span class='ocrx_word' id='word_1_95' title='bbox 1216 1629 1370 1701; x_wconf 91' lang='lat' dir='ltr'>etiamin</span> <span class='ocrx_word' id='word_1_96' title='bbox 1378 1633 1489 1703; x_wconf 88' lang='lat' dir='ltr'>malis.</span> 
     </span>
    </p>
   </div>
   <div class='ocr_carea' id='block_1_5' title="bbox 1646 1145 2086 1235">
    <p class='ocr_par' dir='ltr' id='par_1_5' title="bbox 1646 1145 2086 1235">
     <span class='ocr_line' id='line_1_12' title="bbox 1646 1145 2086 1235; baseline 0.007 -20"><span class='ocrx_word' id='word_1_97' title='bbox 1646 1145 1802 1215; x_wconf 89' lang='lat' dir='ltr'>cerdotio</span> <span class='ocrx_word' id='word_1_98' title='bbox 1816 1169 1896 1215; x_wconf 89' lang='lat' dir='ltr'>meo</span> <span class='ocrx_word' id='word_1_99' title='bbox 1920 1147 2086 1235; x_wconf 84' lang='lat' dir='ltr'>fungaris.</span> 
     </span>
    </p>
   </div>
   <div class='ocr_carea' id='block_1_6' title="bbox 1543 1262 2521 1555">
    <p class='ocr_par' dir='ltr' id='par_1_6' title="bbox 1543 1262 2521 1555">
     <span class='ocr_line' id='line_1_13' title="bbox 1544 1262 2521 1355; baseline 0.004 -22"><span class='ocrx_word' id='word_1_100' title='bbox 1544 1262 1636 1334; x_wconf 89' lang='lat' dir='ltr'>Volo</span> <span class='ocrx_word' id='word_1_101' title='bbox 1652 1274 1767 1332; x_wconf 89' lang='lat' dir='ltr'>autem</span> <span class='ocrx_word' id='word_1_102' title='bbox 1784 1263 1830 1332; x_wconf 91' lang='lat' dir='ltr'>ad</span> <span class='ocrx_word' id='word_1_103' title='bbox 1847 1286 1964 1332; x_wconf 88' lang='lat' dir='ltr'>veram</span> <span class='ocrx_word' id='word_1_104' title='bbox 1981 1262 2216 1351; x_wconf 81' lang='lat' dir='ltr'>cognitionem</span> <span class='ocrx_word' id='word_1_105' title='bbox 2232 1264 2376 1355; x_wconf 91' lang='lat' dir='ltr'>adiungi</span> <span class='ocrx_word' id='word_1_106' title='bbox 2401 1288 2521 1337; x_wconf 89' lang='lat' dir='ltr'>curam</span> 
     </span>
     <span class='ocr_line' id='line_1_14' title="bbox 1543 1364 2519 1459; baseline 0.004 -26"><span class='ocrx_word' id='word_1_107' title='bbox 1543 1378 1577 1435; x_wconf 87' lang='lat' dir='ltr'>et</span> <span class='ocrx_word' id='word_1_108' title='bbox 1592 1364 1750 1435; x_wconf 91' lang='lat' dir='ltr'>studium</span> <span class='ocrx_word' id='word_1_109' title='bbox 1765 1376 1858 1433; x_wconf 87' lang='lat' dir='ltr'>recte</span> <span class='ocrx_word' id='word_1_110' title='bbox 1872 1364 2063 1456; x_wconf 90' lang='lat' dir='ltr'>loquendi,</span> <span class='ocrx_word' id='word_1_111' title='bbox 2085 1376 2126 1432; x_wconf 94' lang='lat' dir='ltr'>ut</span> <span class='ocrx_word' id='word_1_112' title='bbox 2147 1386 2265 1434; x_wconf 89' lang='lat' dir='ltr'>rerum</span> <span class='ocrx_word' id='word_1_113' title='bbox 2280 1367 2448 1459; x_wconf 86' lang='lat' dir='ltr'>expositio</span> <span class='ocrx_word' id='word_1_114' title='bbox 2463 1368 2519 1437; x_wconf 91' lang='lat' dir='ltr'>lu-</span> 
     </span>
     <span class='ocr_line' id='line_1_15' title="bbox 1543 1460 2244 1555; baseline 0.004 -21"><span class='ocrx_word' id='word_1_115' title='bbox 1543 1489 1624 1535; x_wconf 85' lang='lat' dir='ltr'>men</span> <span class='ocrx_word' id='word_1_116' title='bbox 1644 1460 1770 1535; x_wconf 88' lang='lat' dir='ltr'>habeat</span> <span class='ocrx_word' id='word_1_117' title='bbox 1790 1478 1824 1535; x_wconf 89' lang='lat' dir='ltr'>et</span> <span class='ocrx_word' id='word_1_118' title='bbox 1841 1478 1935 1535; x_wconf 87' lang='lat' dir='ltr'>recte</span> <span class='ocrx_word' id='word_1_119' title='bbox 1950 1463 2100 1553; x_wconf 87' lang='lat' dir='ltr'>intelligi</span> <span class='ocrx_word' id='word_1_120' title='bbox 2122 1464 2244 1555; x_wconf 90' lang='lat' dir='ltr'>possit.</span> 
     </span>
    </p>
   </div>
   <div class='ocr_carea' id='block_1_7' title="bbox 1613 1599 2518 1693">
    <p class='ocr_par' dir='ltr' id='par_1_7' title="bbox 1613 1599 2518 1693">
     <span class='ocr_line' id='line_1_16' title="bbox 1613 1599 2518 1693; baseline 0.019 -23"><span class='ocrx_word' id='word_1_121' title='bbox 1613 1630 1617 1637; x_wconf 91' lang='lat'><strong>·</strong></span> <span class='ocrx_word' id='word_1_122' title='bbox 1644 1599 1741 1689; x_wconf 86' lang='lat' dir='ltr'>Quid</span> <span class='ocrx_word' id='word_1_123' title='bbox 1764 1602 1894 1671; x_wconf 81' lang='lat' dir='ltr'>refert?</span> <span class='ocrx_word' id='word_1_124' title='bbox 1918 1600 2078 1692; x_wconf 88' lang='lat' dir='ltr'>inquies,</span> <span class='ocrx_word' id='word_1_125' title='bbox 2104 1624 2174 1693; x_wconf 87' lang='lat' dir='ltr'>quo</span> <span class='ocrx_word' id='word_1_126' title='bbox 2196 1621 2324 1689; x_wconf 72' lang='lat' dir='ltr'>genere</span> <span class='ocrx_word' id='word_1_127' title='bbox 2349 1606 2518 1673; x_wconf 68' lang='grc' dir='ltr'>δθῐῐῦθΰῐδ</span> 
     </span>
    </p>
   </div>
   <div class='ocr_carea' id='block_1_8' title="bbox 560 1695 2519 1905">
    <p class='ocr_par' dir='ltr' id='par_1_8' title="bbox 560 1695 2519 1905">
     <span class='ocr_line' id='line_1_17' title="bbox 560 1695 2519 1822; baseline -0.001 -49"><span class='ocrx_word' id='word_1_128' title='bbox 560 1724 706 1796; x_wconf 68' lang='lat' dir='ltr'>summa</span> <span class='ocrx_word' id='word_1_129' title='bbox 724 1746 779 1793; x_wconf 64' lang='lat' dir='ltr'>a„</span> <span class='ocrx_word' id='word_1_130' title='bbox 797 1720 1162 1813; x_wconf 45' lang='lat' dir='ltr'>,stehffsfianomm</span> <span class='ocrx_word' id='word_1_131' title='bbox 1187 1731 1321 1799; x_wconf 49' lang='lat' dir='ltr'>nesci„</span> <span class='ocrx_word' id='word_1_132' title='bbox 1341 1733 1463 1822; x_wconf 48' lang='lat' dir='ltr'><strong>legem·</strong></span> <span class='ocrx_word' id='word_1_133' title='bbox 1522 1783 1524 1786; x_wconf 17' lang='lat'>¹</span> <span class='ocrx_word' id='word_1_134' title='bbox 1541 1714 1701 1787; x_wconf 89' lang='lat' dir='ltr'>utamur,</span> <span class='ocrx_word' id='word_1_135' title='bbox 1721 1715 1853 1816; x_wconf 36' lang='lat' dir='ltr'>&#39;potest</span> <span class='ocrx_word' id='word_1_136' title='bbox 1877 1704 1997 1771; x_wconf 90' lang='lat' dir='ltr'>eade&#39;m</span> <span class='ocrx_word' id='word_1_137' title='bbox 2019 1703 2191 1772; x_wconf 90' lang='lat' dir='ltr'>sententia</span> <span class='ocrx_word' id='word_1_138' title='bbox 2217 1714 2251 1771; x_wconf 92' lang='lat' dir='ltr'>et</span> <span class='ocrx_word' id='word_1_139' title='bbox 2271 1701 2365 1768; x_wconf 86' lang='lat' dir='ltr'>bona</span> <span class='ocrx_word' id='word_1_140' title='bbox 2389 1695 2519 1791; x_wconf 87' lang='lat' dir='ltr'>phrasi,</span> 
     </span>
     <span class='ocr_line' id='line_1_18' title="bbox 561 1800 2518 1905; baseline -0.002 -30"><span class='ocrx_word' id='word_1_141' title='bbox 561 1824 658 1896; x_wconf 65' lang='lat' dir='ltr'><strong>Deus</strong></span> <span class='ocrx_word' id='word_1_142' title='bbox 675 1849 710 1893; x_wconf 54' lang='grc' dir='ltr'>δε</span> <span class='ocrx_word' id='word_1_143' title='bbox 725 1825 924 1894; x_wconf 53' lang='lat' dir='ltr'>immediate</span> <span class='ocrx_word' id='word_1_144' title='bbox 948 1829 1193 1905; x_wconf 51' lang='lat' dir='ltr'>communicat·</span> <span class='ocrx_word' id='word_1_145' title='bbox 1542 1816 1577 1873; x_wconf 89' lang='lat' dir='ltr'>et</span> <span class='ocrx_word' id='word_1_146' title='bbox 1602 1803 1816 1872; x_wconf 76' lang='lat' dir='ltr'>soloecismis</span> <span class='ocrx_word' id='word_1_147' title='bbox 1845 1802 1982 1886; x_wconf 87' lang='lat' dir='ltr'>efferri,</span> <span class='ocrx_word' id='word_1_148' title='bbox 1999 1871 2003 1879; x_wconf 80' lang='grc'>,</span> <span class='ocrx_word' id='word_1_149' title='bbox 2021 1815 2055 1870; x_wconf 89' lang='lat' dir='ltr'>et</span> <span class='ocrx_word' id='word_1_150' title='bbox 2077 1814 2200 1871; x_wconf 91' lang='lat' dir='ltr'>notum</span> <span class='ocrx_word' id='word_1_151' title='bbox 2222 1815 2274 1872; x_wconf 89' lang='lat' dir='ltr'>est</span> <span class='ocrx_word' id='word_1_152' title='bbox 2296 1800 2386 1869; x_wconf 92' lang='lat' dir='ltr'>illud</span> <span class='ocrx_word' id='word_1_153' title='bbox 2409 1813 2518 1885; x_wconf 88' lang='lat' dir='ltr'>vetus,</span> 
     </span>
    </p>
   </div>
   <div class='ocr_carea' id='block_1_9' title="bbox 500 1895 2522 3123">
    <p class='ocr_par' dir='ltr' id='par_1_9' title="bbox 500 1895 2522 3123">
     <span class='ocr_line' id='line_1_19' title="bbox 561 1895 2518 2017; baseline -0.001 -43"><span class='ocrx_word' id='word_1_154' title='bbox 561 1922 724 1996; x_wconf 50' lang='lat' dir='ltr'>chrissus</span> <span class='ocrx_word' id='word_1_155' title='bbox 742 1925 905 1995; x_wconf 56' lang='lat' dir='ltr'><strong>iustificat</strong></span> <span class='ocrx_word' id='word_1_156' title='bbox 917 1950 981 2017; x_wconf 59' lang='lat' dir='ltr'>per</span> <span class='ocrx_word' id='word_1_157' title='bbox 998 1928 1170 1999; x_wconf 54' lang='lat' dir='ltr'>accidens,</span> <span class='ocrx_word' id='word_1_158' title='bbox 1540 1897 1753 1974; x_wconf 80' lang='lat' dir='ltr'>Anacharsis</span> <span class='ocrx_word' id='word_1_159' title='bbox 1774 1903 1958 1972; x_wconf 84' lang='lat' dir='ltr'>soloecizet</span> <span class='ocrx_word' id='word_1_160' title='bbox 1980 1896 2151 1986; x_wconf 87' lang='lat' dir='ltr'>Athenis,</span> <span class='ocrx_word' id='word_1_161' title='bbox 2177 1902 2289 1974; x_wconf 88' lang='lat' dir='ltr'>Solon</span> <span class='ocrx_word' id='word_1_162' title='bbox 2310 1902 2348 1968; x_wconf 94' lang='lat' dir='ltr'>in</span> <span class='ocrx_word' id='word_1_163' title='bbox 2364 1895 2518 1993; x_wconf 86' lang='lat' dir='ltr'>Scythia.</span> 
     </span>
     <span class='ocr_line' id='line_1_20' title="bbox 558 2002 2519 2119; baseline -0.002 -45"><span class='ocrx_word' id='word_1_164' title='bbox 558 2025 664 2099; x_wconf 62' lang='lat' dir='ltr'><strong>Unde</strong></span> <span class='ocrx_word' id='word_1_165' title='bbox 688 2039 927 2119; x_wconf 57' lang='lat' dir='ltr'>contemptum</span> <span class='ocrx_word' id='word_1_166' title='bbox 952 2030 1133 2101; x_wconf 50' lang='lat' dir='ltr'>doctrinae</span> <span class='ocrx_word' id='word_1_167' title='bbox 1157 2046 1325 2106; x_wconf 60' lang='lat' dir='ltr'>emunt</span> <span class='ocrx_word' id='word_1_168' title='bbox 1351 2031 1488 2106; x_wconf 48' lang='grc' dir='ltr'><strong><em>ἔνθου,</em></strong></span> <span class='ocrx_word' id='word_1_169' title='bbox 1540 2002 1621 2074; x_wconf 90' lang='lat' dir='ltr'>Scio</span> <span class='ocrx_word' id='word_1_170' title='bbox 1638 2016 1672 2073; x_wconf 93' lang='lat' dir='ltr'>et</span> <span class='ocrx_word' id='word_1_171' title='bbox 1688 2002 1790 2071; x_wconf 89' lang='lat' dir='ltr'>doleo</span> <span class='ocrx_word' id='word_1_172' title='bbox 1812 2003 1943 2070; x_wconf 89' lang='lat' dir='ltr'>multos</span> <span class='ocrx_word' id='word_1_173' title='bbox 1960 2002 2136 2091; x_wconf 88' lang='lat' dir='ltr'>ignaviam</span> <span class='ocrx_word' id='word_1_174' title='bbox 2157 2025 2255 2072; x_wconf 90' lang='lat' dir='ltr'>suam</span> <span class='ocrx_word' id='word_1_175' title='bbox 2279 2023 2459 2084; x_wconf 80' lang='lat' dir='ltr'>excusare,</span> <span class='ocrx_word' id='word_1_176' title='bbox 2485 2015 2519 2071; x_wconf 91' lang='lat' dir='ltr'>et</span> 
     </span>
     <span class='ocr_line' id='line_1_21' title="bbox 609 2097 2518 2200; baseline -0.003 -27"><span class='ocrx_word' id='word_1_177' title='bbox 609 2119 767 2200; x_wconf 56' lang='lat' dir='ltr'>motam„</span> <span class='ocrx_word' id='word_1_178' title='bbox 1231 2097 1239 2132; x_wconf 58' lang='lat'><em>³</em></span> <span class='ocrx_word' id='word_1_179' title='bbox 1420 2101 1425 2108; x_wconf 71' lang='grc'><em>’</em></span> <span class='ocrx_word' id='word_1_180' title='bbox 1539 2098 1745 2173; x_wconf 83' lang='lat' dir='ltr'>confirmare</span> <span class='ocrx_word' id='word_1_181' title='bbox 1767 2097 1832 2171; x_wconf 92' lang='lat' dir='ltr'>hac</span> <span class='ocrx_word' id='word_1_182' title='bbox 1853 2103 2034 2171; x_wconf 89' lang='lat' dir='ltr'>barbarica</span> <span class='ocrx_word' id='word_1_183' title='bbox 2056 2104 2301 2191; x_wconf 85' lang='lat' dir='ltr'>persuasione,</span> <span class='ocrx_word' id='word_1_184' title='bbox 2325 2103 2420 2193; x_wconf 92' lang='lat' dir='ltr'>quod</span> <span class='ocrx_word' id='word_1_185' title='bbox 2443 2124 2518 2169; x_wconf 92' lang='lat' dir='ltr'>non</span> 
     </span>
     <span class='ocr_line' id='line_1_22' title="bbox 559 2202 2267 2302; baseline 0 -2"><span class='ocrx_word' id='word_1_186' title='bbox 559 2227 653 2300; x_wconf 89' lang='lat' dir='ltr'>Sunt</span> <span class='ocrx_word' id='word_1_187' title='bbox 676 2227 759 2297; x_wconf 92' lang='lat' dir='ltr'>iusti</span> <span class='ocrx_word' id='word_1_188' title='bbox 780 2229 894 2300; x_wconf 87' lang='lat' dir='ltr'>renati</span> <span class='ocrx_word' id='word_1_189' title='bbox 918 2230 1023 2301; x_wconf 88' lang='lat' dir='ltr'>etiam</span> <span class='ocrx_word' id='word_1_190' title='bbox 1046 2255 1127 2302; x_wconf 91' lang='lat' dir='ltr'>cum</span> <span class='ocrx_word' id='word_1_191' title='bbox 1151 2233 1191 2301; x_wconf 91' lang='lat' dir='ltr'>in</span> <span class='ocrx_word' id='word_1_192' title='bbox 1212 2234 1341 2302; x_wconf 89' lang='lat' dir='ltr'>scelera</span> <span class='ocrx_word' id='word_1_193' title='bbox 1364 2244 1486 2302; x_wconf 89' lang='lat' dir='ltr'>contra</span> <span class='ocrx_word' id='word_1_194' title='bbox 1539 2217 1720 2275; x_wconf 56' lang='lat' dir='ltr'>mmmm?</span> <span class='ocrx_word' id='word_1_195' title='bbox 1741 2203 1935 2272; x_wconf 53' lang='lat' dir='ltr'><strong>‘mennae</strong></span> <span class='ocrx_word' id='word_1_196' title='bbox 1956 2202 2179 2271; x_wconf 61' lang='lat' dir='ltr'>⁸⁰¹⁰²⁰i⁸¹¹¹i⁸·</span> <span class='ocrx_word' id='word_1_197' title='bbox 2260 2207 2267 2220; x_wconf 44' lang='lat'><em>⁶</em></span> 
     </span>
     <span class='ocr_line' id='line_1_23' title="bbox 612 2329 2517 2424; baseline 0.003 -27"><span class='ocrx_word' id='word_1_198' title='bbox 612 2329 862 2400; x_wconf 86' lang='lat' dir='ltr'>conscientiam</span> <span class='ocrx_word' id='word_1_199' title='bbox 881 2346 1001 2403; x_wconf 86' lang='lat' dir='ltr'>ruunt.</span> <span class='ocrx_word' id='word_1_200' title='bbox 1616 2417 1618 2421; x_wconf 37' lang='lat'>.</span> <span class='ocrx_word' id='word_1_201' title='bbox 1639 2331 1715 2424; x_wconf 82' lang='lat' dir='ltr'>Ego</span> <span class='ocrx_word' id='word_1_202' title='bbox 1734 2357 1917 2405; x_wconf 83' lang='lat' dir='ltr'>verorum</span> <span class='ocrx_word' id='word_1_203' title='bbox 1939 2335 1984 2402; x_wconf 90' lang='lat' dir='ltr'>de</span> <span class='ocrx_word' id='word_1_204' title='bbox 2011 2357 2093 2402; x_wconf 89' lang='lat' dir='ltr'>rura</span> <span class='ocrx_word' id='word_1_205' title='bbox 2116 2347 2208 2402; x_wconf 88' lang='lat' dir='ltr'>recte</span> <span class='ocrx_word' id='word_1_206' title='bbox 2231 2332 2400 2424; x_wconf 91' lang='lat' dir='ltr'>loquendi</span> <span class='ocrx_word' id='word_1_207' title='bbox 2424 2334 2517 2417; x_wconf 93' lang='lat' dir='ltr'>dico,</span> 
     </span>
     <span class='ocr_line' id='line_1_24' title="bbox 507 2427 2516 2526; baseline 0.001 -26"><span class='ocrx_word' id='word_1_208' title='bbox 507 2428 578 2500; x_wconf 88' lang='lat' dir='ltr'>Sed</span> <span class='ocrx_word' id='word_1_209' title='bbox 593 2453 666 2500; x_wconf 92' lang='lat' dir='ltr'>non</span> <span class='ocrx_word' id='word_1_210' title='bbox 682 2431 837 2501; x_wconf 75' lang='lat' dir='ltr'>delector</span> <span class='ocrx_word' id='word_1_211' title='bbox 854 2427 918 2500; x_wconf 89' lang='lat' dir='ltr'>bac</span> <span class='ocrx_word' id='word_1_212' title='bbox 934 2430 1276 2503; x_wconf 83' lang='lat' dir='ltr'>commemoratione.</span> <span class='ocrx_word' id='word_1_213' title='bbox 1328 2430 1483 2502; x_wconf 91' lang='lat' dir='ltr'>Tantum</span> <span class='ocrx_word' id='word_1_214' title='bbox 1536 2460 1610 2506; x_wconf 91' lang='lat' dir='ltr'>non</span> <span class='ocrx_word' id='word_1_215' title='bbox 1625 2446 1762 2508; x_wconf 88' lang='lat' dir='ltr'>tantum</span> <span class='ocrx_word' id='word_1_216' title='bbox 1779 2436 2025 2526; x_wconf 89' lang='lat' dir='ltr'>proprietatem</span> <span class='ocrx_word' id='word_1_217' title='bbox 2042 2457 2180 2513; x_wconf 92' lang='lat' dir='ltr'>vocum,</span> <span class='ocrx_word' id='word_1_218' title='bbox 2208 2446 2241 2503; x_wconf 91' lang='lat' dir='ltr'>et</span> <span class='ocrx_word' id='word_1_219' title='bbox 2255 2434 2516 2521; x_wconf 87' lang='lat' dir='ltr'>grammaticam</span> 
     </span>
     <span class='ocr_line' id='line_1_25' title="bbox 505 2532 2516 2626; baseline -0.005 -13"><span class='ocrx_word' id='word_1_220' title='bbox 505 2553 615 2620; x_wconf 66' lang='lat' dir='ltr'>pauca</span> <span class='ocrx_word' id='word_1_221' title='bbox 640 2532 794 2623; x_wconf 69' lang='lat' dir='ltr'>exempla</span> <span class='ocrx_word' id='word_1_222' title='bbox 820 2533 948 2613; x_wconf 68' lang='lat' dir='ltr'>recito,</span> <span class='ocrx_word' id='word_1_223' title='bbox 973 2546 1015 2602; x_wconf 72' lang='lat'>1¹1</span> <span class='ocrx_word' id='word_1_224' title='bbox 1040 2532 1197 2620; x_wconf 73' lang='lat' dir='ltr'>cogitetis</span> <span class='ocrx_word' id='word_1_225' title='bbox 1212 2545 1383 2622; x_wconf 87' lang='lat' dir='ltr'>quantum</span> <span class='ocrx_word' id='word_1_226' title='bbox 1399 2532 1483 2600; x_wconf 87' lang='lat' dir='ltr'>mali</span> <span class='ocrx_word' id='word_1_227' title='bbox 1535 2540 1724 2608; x_wconf 89' lang='lat' dir='ltr'>verborum</span> <span class='ocrx_word' id='word_1_228' title='bbox 1751 2537 2047 2607; x_wconf 88' lang='lat' dir='ltr'>constructionem</span> <span class='ocrx_word' id='word_1_229' title='bbox 2071 2534 2230 2624; x_wconf 91' lang='lat' dir='ltr'>postulo,</span> <span class='ocrx_word' id='word_1_230' title='bbox 2257 2557 2457 2626; x_wconf 89' lang='lat' dir='ltr'>quanquam</span> <span class='ocrx_word' id='word_1_231' title='bbox 2482 2546 2516 2604; x_wconf 90' lang='lat' dir='ltr'>et</span> 
     </span>
     <span class='ocr_line' id='line_1_26' title="bbox 506 2631 2516 2727; baseline 0.002 -29"><span class='ocrx_word' id='word_1_232' title='bbox 506 2631 568 2713; x_wconf 88' lang='lat' dir='ltr'>sit,</span> <span class='ocrx_word' id='word_1_233' title='bbox 602 2654 763 2723; x_wconf 88' lang='lat' dir='ltr'>spargere</span> <span class='ocrx_word' id='word_1_234' title='bbox 790 2633 943 2702; x_wconf 89' lang='lat' dir='ltr'>absurda</span> <span class='ocrx_word' id='word_1_235' title='bbox 970 2644 1032 2701; x_wconf 87' lang='lat' dir='ltr'>aut</span> <span class='ocrx_word' id='word_1_236' title='bbox 1058 2632 1221 2721; x_wconf 86' lang='lat' dir='ltr'>ambigua</span> <span class='ocrx_word' id='word_1_237' title='bbox 1249 2633 1363 2718; x_wconf 90' lang='lat' dir='ltr'>dicta,</span> <span class='ocrx_word' id='word_1_238' title='bbox 1402 2657 1482 2703; x_wconf 91' lang='lat' dir='ltr'>cum</span> <span class='ocrx_word' id='word_1_239' title='bbox 1535 2633 1622 2708; x_wconf 90' lang='lat' dir='ltr'>haec</span> <span class='ocrx_word' id='word_1_240' title='bbox 1648 2661 1775 2727; x_wconf 91' lang='lat' dir='ltr'>magna</span> <span class='ocrx_word' id='word_1_241' title='bbox 1802 2651 1903 2721; x_wconf 91' lang='lat' dir='ltr'>sunt,</span> <span class='ocrx_word' id='word_1_242' title='bbox 1936 2637 1994 2704; x_wconf 91' lang='lat' dir='ltr'>sed</span> <span class='ocrx_word' id='word_1_243' title='bbox 2026 2634 2211 2704; x_wconf 91' lang='lat' dir='ltr'>consilium</span> <span class='ocrx_word' id='word_1_244' title='bbox 2234 2634 2273 2703; x_wconf 92' lang='lat' dir='ltr'>in</span> <span class='ocrx_word' id='word_1_245' title='bbox 2291 2634 2460 2723; x_wconf 88' lang='lat' dir='ltr'>eligendis</span> <span class='ocrx_word' id='word_1_246' title='bbox 2482 2647 2516 2703; x_wconf 94' lang='lat' dir='ltr'>et</span> 
     </span>
     <span class='ocr_line' id='line_1_27' title="bbox 500 2732 2522 2832; baseline 0.001 -33"><span class='ocrx_word' id='word_1_247' title='bbox 500 2733 646 2832; x_wconf 16' lang='lat' dir='ltr'>&#39;quidem</span> <span class='ocrx_word' id='word_1_248' title='bbox 669 2734 708 2801; x_wconf 94' lang='lat' dir='ltr'>in</span> <span class='ocrx_word' id='word_1_249' title='bbox 732 2732 866 2824; x_wconf 92' lang='lat' dir='ltr'>populo</span> <span class='ocrx_word' id='word_1_250' title='bbox 883 2732 987 2821; x_wconf 90' lang='lat' dir='ltr'>longe</span> <span class='ocrx_word' id='word_1_251' title='bbox 1001 2732 1149 2804; x_wconf 85' lang='lat' dir='ltr'>maiores</span> <span class='ocrx_word' id='word_1_252' title='bbox 1165 2734 1354 2825; x_wconf 88' lang='lat' dir='ltr'>adplausus</span> <span class='ocrx_word' id='word_1_253' title='bbox 1369 2735 1483 2803; x_wconf 91' lang='lat' dir='ltr'>cieant</span> <span class='ocrx_word' id='word_1_254' title='bbox 1535 2739 1790 2809; x_wconf 88' lang='lat' dir='ltr'>distribuendis</span> <span class='ocrx_word' id='word_1_255' title='bbox 1814 2738 1991 2820; x_wconf 87' lang='lat' dir='ltr'>materiis,</span> <span class='ocrx_word' id='word_1_256' title='bbox 2022 2750 2057 2806; x_wconf 90' lang='lat' dir='ltr'>et</span> <span class='ocrx_word' id='word_1_257' title='bbox 2081 2738 2120 2805; x_wconf 85' lang='lat' dir='ltr'>in</span> <span class='ocrx_word' id='word_1_258' title='bbox 2145 2737 2252 2806; x_wconf 87' lang='lat' dir='ltr'>totius</span> <span class='ocrx_word' id='word_1_259' title='bbox 2275 2734 2522 2826; x_wconf 82' lang='lat' dir='ltr'>explicationis·</span> 
     </span>
     <span class='ocr_line' id='line_1_28' title="bbox 502 2824 2516 2927; baseline 0.001 -27"><span class='ocrx_word' id='word_1_260' title='bbox 502 2833 564 2902; x_wconf 90' lang='lat' dir='ltr'>illa</span> <span class='ocrx_word' id='word_1_261' title='bbox 581 2828 764 2927; x_wconf 73' lang='grc' dir='ltr'><strong><em>θαύματα</em></strong></span> <span class='ocrx_word' id='word_1_262' title='bbox 786 2824 962 2924; x_wconf 76' lang='grc' dir='ltr'><em>ῥημάτων</em></span> <span class='ocrx_word' id='word_1_263' title='bbox 982 2855 1089 2927; x_wconf 84' lang='lat' dir='ltr'>quam</span> <span class='ocrx_word' id='word_1_264' title='bbox 1105 2848 1197 2907; x_wconf 86' lang='lat' dir='ltr'>recte</span> <span class='ocrx_word' id='word_1_265' title='bbox 1216 2847 1251 2904; x_wconf 89' lang='lat' dir='ltr'>et</span> <span class='ocrx_word' id='word_1_266' title='bbox 1267 2834 1409 2925; x_wconf 89' lang='lat' dir='ltr'>proprie</span> <span class='ocrx_word' id='word_1_267' title='bbox 1424 2834 1481 2902; x_wconf 89' lang='lat' dir='ltr'>di·</span> <span class='ocrx_word' id='word_1_268' title='bbox 1536 2839 1693 2906; x_wconf 87' lang='lat' dir='ltr'>aedificio</span> <span class='ocrx_word' id='word_1_269' title='bbox 1723 2863 1785 2907; x_wconf 89' lang='lat' dir='ltr'>seu</span> <span class='ocrx_word' id='word_1_270' title='bbox 1807 2841 1904 2918; x_wconf 89' lang='lat' dir='ltr'>idea,</span> <span class='ocrx_word' id='word_1_271' title='bbox 1938 2838 1976 2904; x_wconf 86' lang='lat' dir='ltr'>in</span> <span class='ocrx_word' id='word_1_272' title='bbox 2009 2837 2121 2905; x_wconf 85' lang='lat' dir='ltr'>forma</span> <span class='ocrx_word' id='word_1_273' title='bbox 2148 2837 2304 2926; x_wconf 87' lang='lat' dir='ltr'>integrae</span> <span class='ocrx_word' id='word_1_274' title='bbox 2333 2835 2516 2918; x_wconf 89' lang='lat' dir='ltr'>orationis,</span> 
     </span>
     <span class='ocr_line' id='line_1_29' title="bbox 502 2927 2515 3028; baseline -0.001 -24"><span class='ocrx_word' id='word_1_275' title='bbox 502 2947 574 3018; x_wconf 93' lang='lat' dir='ltr'>cta,</span> <span class='ocrx_word' id='word_1_276' title='bbox 595 2936 687 3004; x_wconf 89' lang='lat' dir='ltr'>sicut</span> <span class='ocrx_word' id='word_1_277' title='bbox 699 2945 733 3001; x_wconf 90' lang='lat' dir='ltr'>ct</span> <span class='ocrx_word' id='word_1_278' title='bbox 747 2927 974 3027; x_wconf 86' lang='lat' dir='ltr'>Thucydides</span> <span class='ocrx_word' id='word_1_279' title='bbox 989 2958 1070 3006; x_wconf 88' lang='lat' dir='ltr'>suos</span> <span class='ocrx_word' id='word_1_280' title='bbox 1086 2937 1180 3006; x_wconf 89' lang='lat' dir='ltr'>cives</span> <span class='ocrx_word' id='word_1_281' title='bbox 1194 2935 1376 3022; x_wconf 87' lang='lat' dir='ltr'>obiurgat,</span> <span class='ocrx_word' id='word_1_282' title='bbox 1401 2956 1481 3003; x_wconf 92' lang='lat' dir='ltr'>cum</span> <span class='ocrx_word' id='word_1_283' title='bbox 1535 2950 1570 3006; x_wconf 87' lang='lat' dir='ltr'>et</span> <span class='ocrx_word' id='word_1_284' title='bbox 1591 2937 1938 3024; x_wconf 87' lang='lat' dir='ltr'>circumspectionem</span> <span class='ocrx_word' id='word_1_285' title='bbox 1969 2936 2009 3003; x_wconf 92' lang='lat' dir='ltr'>in</span> <span class='ocrx_word' id='word_1_286' title='bbox 2031 2937 2184 3005; x_wconf 87' lang='lat' dir='ltr'>vitandis</span> <span class='ocrx_word' id='word_1_287' title='bbox 2208 2937 2392 3028; x_wconf 79' lang='lat' dir='ltr'>Syrtibus,</span> <span class='ocrx_word' id='word_1_288' title='bbox 2425 2957 2515 3025; x_wconf 90' lang='lat' dir='ltr'>quae</span> 
     </span>
     <span class='ocr_line' id='line_1_30' title="bbox 501 3031 2515 3123; baseline -0.002 -18"><span class='ocrx_word' id='word_1_289' title='bbox 501 3039 575 3117; x_wconf 89' lang='lat' dir='ltr'>ait,</span> <span class='ocrx_word' id='word_1_290' title='bbox 601 3057 660 3101; x_wconf 91' lang='lat' dir='ltr'>eos</span> <span class='ocrx_word' id='word_1_291' title='bbox 674 3032 829 3103; x_wconf 88' lang='lat' dir='ltr'>fastidire</span> <span class='ocrx_word' id='word_1_292' title='bbox 844 3037 989 3121; x_wconf 91' lang='lat' dir='ltr'>usitata,</span> <span class='ocrx_word' id='word_1_293' title='bbox 1012 3051 1046 3107; x_wconf 90' lang='lat' dir='ltr'>et</span> <span class='ocrx_word' id='word_1_294' title='bbox 1059 3036 1183 3106; x_wconf 89' lang='lat' dir='ltr'>mirari</span> <span class='ocrx_word' id='word_1_295' title='bbox 1197 3034 1361 3105; x_wconf 89' lang='lat' dir='ltr'>absurda.</span> <span class='ocrx_word' id='word_1_296' title='bbox 1411 3033 1482 3105; x_wconf 87' lang='lat' dir='ltr'>Sed</span> <span class='ocrx_word' id='word_1_297' title='bbox 1534 3036 1707 3105; x_wconf 90' lang='lat' dir='ltr'>discentes</span> <span class='ocrx_word' id='word_1_298' title='bbox 1727 3031 1960 3122; x_wconf 90' lang='lat' dir='ltr'>impediturae</span> <span class='ocrx_word' id='word_1_299' title='bbox 1980 3058 2066 3103; x_wconf 90' lang='lat' dir='ltr'>esse.</span> <span class='ocrx_word' id='word_1_300' title='bbox 2124 3034 2226 3102; x_wconf 87' lang='lat' dir='ltr'>Hanc</span> <span class='ocrx_word' id='word_1_301' title='bbox 2250 3054 2370 3102; x_wconf 87' lang='lat' dir='ltr'>curam</span> <span class='ocrx_word' id='word_1_302' title='bbox 2391 3035 2515 3123; x_wconf 87' lang='lat' dir='ltr'>quiin</span> 
     </span>
    </p>
   </div>
   <div class='ocr_carea' id='block_1_10' title="bbox 403 3138 1482 5736">
    <p class='ocr_par' dir='ltr' id='par_1_10' title="bbox 499 3138 1482 3619">
     <span class='ocr_line' id='line_1_31' title="bbox 603 3138 1294 3225; baseline 0.006 -26"><span class='ocrx_word' id='word_1_303' title='bbox 603 3138 728 3199; x_wconf 78' lang='lat' dir='ltr'>Fallitur</span> <span class='ocrx_word' id='word_1_304' title='bbox 741 3153 770 3202; x_wconf 88' lang='lat' dir='ltr'>et</span> <span class='ocrx_word' id='word_1_305' title='bbox 783 3142 862 3203; x_wconf 74' lang='lat' dir='ltr'>{altit</span> <span class='ocrx_word' id='word_1_306' title='bbox 876 3148 960 3223; x_wconf 89' lang='lat' dir='ltr'>vulgi</span> <span class='ocrx_word' id='word_1_307' title='bbox 976 3150 1029 3225; x_wconf 90' lang='lat' dir='ltr'>qui</span> <span class='ocrx_word' id='word_1_308' title='bbox 1043 3146 1153 3224; x_wconf 84' lang='lat' dir='ltr'>pendet</span> <span class='ocrx_word' id='word_1_309' title='bbox 1169 3146 1205 3204; x_wconf 85' lang='lat' dir='ltr'>ab</span> <span class='ocrx_word' id='word_1_310' title='bbox 1230 3166 1294 3219; x_wconf 68' lang='lat' dir='ltr'>carce.¹</span> 
     </span>
     <span class='ocr_line' id='line_1_32' title="bbox 502 3228 1482 3323; baseline 0.005 -29"><span class='ocrx_word' id='word_1_311' title='bbox 502 3231 577 3296; x_wconf 88' lang='lat' dir='ltr'>Vos</span> <span class='ocrx_word' id='word_1_312' title='bbox 592 3232 629 3295; x_wconf 92' lang='lat' dir='ltr'>in</span> <span class='ocrx_word' id='word_1_313' title='bbox 645 3228 772 3298; x_wconf 88' lang='lat' dir='ltr'>scholis</span> <span class='ocrx_word' id='word_1_314' title='bbox 792 3238 978 3323; x_wconf 88' lang='lat' dir='ltr'>praecipue</span> <span class='ocrx_word' id='word_1_315' title='bbox 994 3237 1092 3304; x_wconf 92' lang='lat' dir='ltr'>decet</span> <span class='ocrx_word' id='word_1_316' title='bbox 1111 3238 1274 3305; x_wconf 88' lang='lat' dir='ltr'>custodes</span> <span class='ocrx_word' id='word_1_317' title='bbox 1298 3255 1372 3301; x_wconf 84' lang='lat' dir='ltr'>esse</span> <span class='ocrx_word' id='word_1_318' title='bbox 1388 3233 1482 3302; x_wconf 88' lang='lat' dir='ltr'>veri·</span> 
     </span>
     <span class='ocr_line' id='line_1_33' title="bbox 501 3328 1482 3423; baseline 0.002 -25"><span class='ocrx_word' id='word_1_319' title='bbox 501 3328 594 3401; x_wconf 87' lang='lat' dir='ltr'>tatis.</span> <span class='ocrx_word' id='word_1_320' title='bbox 646 3328 678 3397; x_wconf 85' lang='lat' dir='ltr'>T</span> <span class='ocrx_word' id='word_1_321' title='bbox 681 3329 752 3399; x_wconf 88' lang='lat' dir='ltr'>ales</span> <span class='ocrx_word' id='word_1_322' title='bbox 764 3344 805 3402; x_wconf 93' lang='lat' dir='ltr'>ut</span> <span class='ocrx_word' id='word_1_323' title='bbox 819 3330 915 3416; x_wconf 91' lang='lat' dir='ltr'>sitis,</span> <span class='ocrx_word' id='word_1_324' title='bbox 938 3355 1078 3401; x_wconf 87' lang='lat' dir='ltr'>necesse</span> <span class='ocrx_word' id='word_1_325' title='bbox 1094 3347 1144 3402; x_wconf 87' lang='lat' dir='ltr'>est</span> <span class='ocrx_word' id='word_1_326' title='bbox 1161 3356 1223 3402; x_wconf 90' lang='lat' dir='ltr'>vos</span> <span class='ocrx_word' id='word_1_327' title='bbox 1242 3333 1401 3423; x_wconf 92' lang='lat' dir='ltr'>primum</span> <span class='ocrx_word' id='word_1_328' title='bbox 1427 3355 1482 3400; x_wconf 89' lang='lat' dir='ltr'>res</span> 
     </span>
     <span class='ocr_line' id='line_1_34' title="bbox 501 3428 1480 3523; baseline 0.004 -28"><span class='ocrx_word' id='word_1_329' title='bbox 501 3442 592 3497; x_wconf 91' lang='lat' dir='ltr'>recte</span> <span class='ocrx_word' id='word_1_330' title='bbox 608 3430 759 3515; x_wconf 86' lang='lat' dir='ltr'>discere,</span> <span class='ocrx_word' id='word_1_331' title='bbox 783 3433 915 3510; x_wconf 86' lang='lat' dir='ltr'>deinde</span> <span class='ocrx_word' id='word_1_332' title='bbox 930 3428 1099 3504; x_wconf 88' lang='lat' dir='ltr'>adhibere</span> <span class='ocrx_word' id='word_1_333' title='bbox 1112 3436 1263 3502; x_wconf 85' lang='lat' dir='ltr'>formam</span> <span class='ocrx_word' id='word_1_334' title='bbox 1280 3433 1480 3523; x_wconf 82' lang='lat' dir='ltr'>exponendi</span> 
     </span>
     <span class='ocr_line' id='line_1_35' title="bbox 499 3529 877 3619; baseline 0.016 -25"><span class='ocrx_word' id='word_1_335' title='bbox 499 3529 664 3598; x_wconf 90' lang='lat' dir='ltr'>idoneam</span> <span class='ocrx_word' id='word_1_336' title='bbox 681 3543 714 3600; x_wconf 86' lang='lat' dir='ltr'>ct</span> <span class='ocrx_word' id='word_1_337' title='bbox 728 3533 877 3619; x_wconf 62' lang='lat' dir='ltr'>utilem,</span> 
     </span>
    </p>

    <p class='ocr_par' dir='ltr' id='par_1_11' title="bbox 497 3629 1479 3902">
     <span class='ocr_line' id='line_1_36' title="bbox 600 3629 1477 3722; baseline 0 -23"><span class='ocrx_word' id='word_1_338' title='bbox 600 3629 670 3699; x_wconf 90' lang='lat' dir='ltr'>Nec</span> <span class='ocrx_word' id='word_1_339' title='bbox 692 3631 796 3718; x_wconf 88' lang='lat' dir='ltr'>longa</span> <span class='ocrx_word' id='word_1_340' title='bbox 822 3633 1061 3719; x_wconf 88' lang='lat' dir='ltr'>disputatione</span> <span class='ocrx_word' id='word_1_341' title='bbox 1092 3655 1182 3722; x_wconf 92' lang='lat' dir='ltr'>opus</span> <span class='ocrx_word' id='word_1_342' title='bbox 1198 3633 1251 3700; x_wconf 84' lang='lat' dir='ltr'>&#39;de</span> <span class='ocrx_word' id='word_1_343' title='bbox 1272 3631 1410 3701; x_wconf 90' lang='lat' dir='ltr'>delectu</span> <span class='ocrx_word' id='word_1_344' title='bbox 1425 3633 1477 3699; x_wconf 90' lang='lat' dir='ltr'>.&#39;in</span> 
     </span>
     <span class='ocr_line' id='line_1_37' title="bbox 498 3729 1479 3802; baseline 0.002 -3"><span class='ocrx_word' id='word_1_345' title='bbox 498 3731 604 3800; x_wconf 88' lang='lat' dir='ltr'>rebus</span> <span class='ocrx_word' id='word_1_346' title='bbox 626 3731 812 3799; x_wconf 88' lang='lat' dir='ltr'>discendis.</span> <span class='ocrx_word' id='word_1_347' title='bbox 862 3729 955 3799; x_wconf 90' lang='lat' dir='ltr'>Nota</span> <span class='ocrx_word' id='word_1_348' title='bbox 975 3732 1070 3799; x_wconf 91' lang='lat' dir='ltr'>enim</span> <span class='ocrx_word' id='word_1_349' title='bbox 1091 3742 1173 3799; x_wconf 91' lang='lat' dir='ltr'>sunt</span> <span class='ocrx_word' id='word_1_350' title='bbox 1187 3730 1249 3799; x_wconf 89' lang='lat' dir='ltr'>illa</span> <span class='ocrx_word' id='word_1_351' title='bbox 1266 3745 1383 3802; x_wconf 88' lang='lat' dir='ltr'>vetera</span> <span class='ocrx_word' id='word_1_352' title='bbox 1397 3754 1479 3801; x_wconf 89' lang='lat' dir='ltr'>ora·</span> 
     </span>
     <span class='ocr_line' id='line_1_38' title="bbox 497 3833 594 3902; baseline -0.031 0"><span class='ocrx_word' id='word_1_353' title='bbox 497 3833 594 3902; x_wconf 84' lang='lat' dir='ltr'>cula:</span> 
     </span>
    </p>

    <p class='ocr_par' dir='ltr' id='par_1_12' title="bbox 547 3928 1428 4024">
     <span class='ocr_line' id='line_1_39' title="bbox 547 3928 1428 4024; baseline -0.003 -23"><span class='ocrx_word' id='word_1_354' title='bbox 547 3934 662 4001; x_wconf 93' lang='lat' dir='ltr'>Nemo</span> <span class='ocrx_word' id='word_1_355' title='bbox 676 3931 843 4024; x_wconf 91' lang='lat' dir='ltr'>eloquens</span> <span class='ocrx_word' id='word_1_356' title='bbox 860 3953 932 4000; x_wconf 89' lang='lat' dir='ltr'>esse</span> <span class='ocrx_word' id='word_1_357' title='bbox 949 3942 1064 4021; x_wconf 89' lang='lat' dir='ltr'>potest</span> <span class='ocrx_word' id='word_1_358' title='bbox 1085 3928 1180 3999; x_wconf 92' lang='lat' dir='ltr'>ineo</span> <span class='ocrx_word' id='word_1_359' title='bbox 1196 3931 1291 4022; x_wconf 88' lang='lat' dir='ltr'>qnod</span> <span class='ocrx_word' id='word_1_360' title='bbox 1307 3930 1428 4015; x_wconf 90' lang='lat' dir='ltr'>nescit,</span> 
     </span>
    </p>

    <p class='ocr_par' dir='ltr' id='par_1_13' title="bbox 548 4032 1386 4125">
     <span class='ocr_line' id='line_1_40' title="bbox 548 4032 1386 4125; baseline -0.004 -24"><span class='ocrx_word' id='word_1_361' title='bbox 548 4033 725 4125; x_wconf 87' lang='lat' dir='ltr'>Quodque</span> <span class='ocrx_word' id='word_1_362' title='bbox 740 4055 864 4123; x_wconf 90' lang='lat' dir='ltr'>parum</span> <span class='ocrx_word' id='word_1_363' title='bbox 881 4034 982 4102; x_wconf 91' lang='lat' dir='ltr'>novit</span> <span class='ocrx_word' id='word_1_364' title='bbox 996 4053 1101 4100; x_wconf 88' lang='lat' dir='ltr'>nemo</span> <span class='ocrx_word' id='word_1_365' title='bbox 1118 4032 1243 4099; x_wconf 90' lang='lat' dir='ltr'>docere</span> <span class='ocrx_word' id='word_1_366' title='bbox 1260 4043 1386 4120; x_wconf 90' lang='lat' dir='ltr'>potest.</span> 
     </span>
    </p>

    <p class='ocr_par' dir='ltr' id='par_1_14' title="bbox 403 4129 1477 5433">
     <span class='ocr_line' id='line_1_41' title="bbox 547 4129 1453 4226; baseline 0 -25"><span class='ocrx_word' id='word_1_367' title='bbox 547 4134 733 4226; x_wconf 80' lang='lat' dir='ltr'>Verbaque</span> <span class='ocrx_word' id='word_1_368' title='bbox 747 4133 943 4224; x_wconf 90' lang='lat' dir='ltr'>praevisam</span> <span class='ocrx_word' id='word_1_369' title='bbox 962 4155 1037 4200; x_wconf 86' lang='lat' dir='ltr'>rem</span> <span class='ocrx_word' id='word_1_370' title='bbox 1054 4155 1128 4199; x_wconf 92' lang='lat' dir='ltr'>non</span> <span class='ocrx_word' id='word_1_371' title='bbox 1145 4131 1256 4198; x_wconf 89' lang='lat' dir='ltr'>invita</span> <span class='ocrx_word' id='word_1_372' title='bbox 1286 4129 1453 4221; x_wconf 89' lang='lat' dir='ltr'>sequitur.</span> 
     </span>
     <span class='ocr_line' id='line_1_42' title="bbox 494 4227 1477 4326; baseline -0.009 -21"><span class='ocrx_word' id='word_1_373' title='bbox 494 4232 572 4305; x_wconf 86' lang='lat' dir='ltr'>Etsi</span> <span class='ocrx_word' id='word_1_374' title='bbox 596 4230 828 4326; x_wconf 88' lang='lat' dir='ltr'>prohdolor,</span> <span class='ocrx_word' id='word_1_375' title='bbox 858 4235 1051 4303; x_wconf 92' lang='lat' dir='ltr'>multorum</span> <span class='ocrx_word' id='word_1_376' title='bbox 1077 4227 1161 4301; x_wconf 89' lang='lat' dir='ltr'>haec</span> <span class='ocrx_word' id='word_1_377' title='bbox 1183 4244 1235 4300; x_wconf 89' lang='lat' dir='ltr'>est</span> <span class='ocrx_word' id='word_1_378' title='bbox 1255 4230 1477 4299; x_wconf 90' lang='lat' dir='ltr'>audacia·vel</span> 
     </span>
     <span class='ocr_line' id='line_1_43' title="bbox 496 4329 1477 4425; baseline -0.008 -21"><span class='ocrx_word' id='word_1_379' title='bbox 496 4338 631 4406; x_wconf 83' lang='lat' dir='ltr'>insania</span> <span class='ocrx_word' id='word_1_380' title='bbox 649 4335 782 4425; x_wconf 88' lang='lat' dir='ltr'>potius,</span> <span class='ocrx_word' id='word_1_381' title='bbox 809 4335 893 4403; x_wconf 89' lang='lat' dir='ltr'>etin</span> <span class='ocrx_word' id='word_1_382' title='bbox 911 4331 1078 4404; x_wconf 82' lang='lat' dir='ltr'>Ecclesiis</span> <span class='ocrx_word' id='word_1_383' title='bbox 1094 4333 1179 4402; x_wconf 90' lang='lat' dir='ltr'>etin</span> <span class='ocrx_word' id='word_1_384' title='bbox 1201 4331 1310 4415; x_wconf 92' lang='lat' dir='ltr'>aulis,</span> <span class='ocrx_word' id='word_1_385' title='bbox 1334 4329 1477 4420; x_wconf 86' lang='lat' dir='ltr'>profite-</span> 
     </span>
     <span class='ocr_line' id='line_1_44' title="bbox 403 4430 1477 4521; baseline -0.01 -13"><span class='ocrx_word' id='word_1_386' title='bbox 403 4514 407 4521; x_wconf 58' lang='grc'><em>,</em></span> <span class='ocrx_word' id='word_1_387' title='bbox 495 4440 525 4508; x_wconf 92' lang='lat' dir='ltr'>ri</span> <span class='ocrx_word' id='word_1_388' title='bbox 558 4463 593 4507; x_wconf 84' lang='lat' dir='ltr'>se</span> <span class='ocrx_word' id='word_1_389' title='bbox 614 4437 806 4515; x_wconf 90' lang='lat' dir='ltr'>Doctores,</span> <span class='ocrx_word' id='word_1_390' title='bbox 844 4433 998 4520; x_wconf 87' lang='lat' dir='ltr'>ludices,</span> <span class='ocrx_word' id='word_1_391' title='bbox 1025 4431 1196 4503; x_wconf 89' lang='lat' dir='ltr'>Censores</span> <span class='ocrx_word' id='word_1_392' title='bbox 1222 4433 1264 4499; x_wconf 91' lang='lat' dir='ltr'>iis</span> <span class='ocrx_word' id='word_1_393' title='bbox 1291 4434 1335 4499; x_wconf 90' lang='lat' dir='ltr'>de</span> <span class='ocrx_word' id='word_1_394' title='bbox 1362 4430 1477 4513; x_wconf 90' lang='lat' dir='ltr'>rebus,</span> 
     </span>
     <span class='ocr_line' id='line_1_45' title="bbox 495 4530 1476 4632; baseline -0.013 -24"><span class='ocrx_word' id='word_1_395' title='bbox 495 4564 583 4632; x_wconf 89' lang='lat' dir='ltr'>quae</span> <span class='ocrx_word' id='word_1_396' title='bbox 600 4562 780 4630; x_wconf 89' lang='lat' dir='ltr'>nunquam</span> <span class='ocrx_word' id='word_1_397' title='bbox 798 4536 1070 4628; x_wconf 86' lang='lat' dir='ltr'>inquisiverunt.</span> <span class='ocrx_word' id='word_1_398' title='bbox 1122 4530 1196 4603; x_wconf 84' lang='lat' dir='ltr'>Atii</span> <span class='ocrx_word' id='word_1_399' title='bbox 1211 4532 1371 4601; x_wconf 81' lang='lat' dir='ltr'>fascinati</span> <span class='ocrx_word' id='word_1_400' title='bbox 1389 4545 1476 4601; x_wconf 89' lang='lat' dir='ltr'>tem-</span> 
     </span>
     <span class='ocr_line' id='line_1_46' title="bbox 494 4630 1475 4731; baseline -0.011 -22"><span class='ocrx_word' id='word_1_401' title='bbox 494 4665 621 4731; x_wconf 88' lang='lat' dir='ltr'>porum</span> <span class='ocrx_word' id='word_1_402' title='bbox 646 4653 707 4708; x_wconf 90' lang='lat' dir='ltr'>aut</span> <span class='ocrx_word' id='word_1_403' title='bbox 731 4637 974 4708; x_wconf 89' lang='lat' dir='ltr'>multitudinis</span> <span class='ocrx_word' id='word_1_404' title='bbox 994 4657 1187 4718; x_wconf 91' lang='lat' dir='ltr'>consensu,</span> <span class='ocrx_word' id='word_1_405' title='bbox 1219 4630 1286 4702; x_wconf 91' lang='lat' dir='ltr'>hoc</span> <span class='ocrx_word' id='word_1_406' title='bbox 1309 4630 1475 4727; x_wconf 88' lang='lat' dir='ltr'>magistro</span> 
     </span>
     <span class='ocr_line' id='line_1_47' title="bbox 494 4728 1476 4832; baseline -0.01 -22"><span class='ocrx_word' id='word_1_407' title='bbox 494 4743 648 4811; x_wconf 91' lang='lat' dir='ltr'>contenti</span> <span class='ocrx_word' id='word_1_408' title='bbox 669 4736 864 4832; x_wconf 71' lang='grc' dir='ltr'><strong><em>τρέπονται</em></strong></span> <span class='ocrx_word' id='word_1_409' title='bbox 882 4734 940 4808; x_wconf 80' lang='grc' dir='ltr'>ἐπὶ</span> <span class='ocrx_word' id='word_1_410' title='bbox 957 4730 1005 4806; x_wconf 84' lang='grc' dir='ltr'>τὰ</span> <span class='ocrx_word' id='word_1_411' title='bbox 1030 4728 1175 4827; x_wconf 78' lang='grc' dir='ltr'><strong><em>ἑτοιμὰ,</em></strong></span> <span class='ocrx_word' id='word_1_412' title='bbox 1203 4748 1243 4804; x_wconf 89' lang='lat' dir='ltr'>ut</span> <span class='ocrx_word' id='word_1_413' title='bbox 1259 4728 1476 4802; x_wconf 86' lang='lat' dir='ltr'>Thucidides</span> 
     </span>
     <span class='ocr_line' id='line_1_48' title="bbox 496 4833 1477 4932; baseline -0.006 -25"><span class='ocrx_word' id='word_1_414' title='bbox 496 4844 627 4932; x_wconf 90' lang='lat' dir='ltr'>inquit,</span> <span class='ocrx_word' id='word_1_415' title='bbox 651 4842 712 4911; x_wconf 91' lang='lat' dir='ltr'>alii</span> <span class='ocrx_word' id='word_1_416' title='bbox 725 4841 870 4911; x_wconf 85' lang='lat' dir='ltr'>scientes</span> <span class='ocrx_word' id='word_1_417' title='bbox 885 4842 1119 4908; x_wconf 87' lang='lat' dir='ltr'>adsentantur</span> <span class='ocrx_word' id='word_1_418' title='bbox 1135 4857 1195 4904; x_wconf 91' lang='lat' dir='ltr'>seu</span> <span class='ocrx_word' id='word_1_419' title='bbox 1218 4833 1400 4928; x_wconf 83' lang='lat' dir='ltr'>gynaeceis</span> <span class='ocrx_word' id='word_1_420' title='bbox 1416 4856 1477 4901; x_wconf 91' lang='lat' dir='ltr'>seu</span> 
     </span>
     <span class='ocr_line' id='line_1_49' title="bbox 500 4934 1476 5033; baseline -0.005 -28"><span class='ocrx_word' id='word_1_421' title='bbox 500 4940 593 5024; x_wconf 89' lang='lat' dir='ltr'>aliis,</span> <span class='ocrx_word' id='word_1_422' title='bbox 618 4967 767 5033; x_wconf 90' lang='lat' dir='ltr'>quorum</span> <span class='ocrx_word' id='word_1_423' title='bbox 792 4941 950 5011; x_wconf 87' lang='lat' dir='ltr'>serviunt</span> <span class='ocrx_word' id='word_1_424' title='bbox 972 4937 1184 5018; x_wconf 89' lang='lat' dir='ltr'>adfectibus,</span> <span class='ocrx_word' id='word_1_425' title='bbox 1208 4948 1248 5005; x_wconf 89' lang='lat' dir='ltr'>ut</span> <span class='ocrx_word' id='word_1_426' title='bbox 1271 4934 1476 5025; x_wconf 87' lang='lat' dir='ltr'>potentiam,</span> 
     </span>
     <span class='ocr_line' id='line_1_50' title="bbox 499 5030 1476 5132; baseline -0.008 -24"><span class='ocrx_word' id='word_1_427' title='bbox 499 5062 582 5129; x_wconf 92' lang='lat' dir='ltr'>opes</span> <span class='ocrx_word' id='word_1_428' title='bbox 599 5054 631 5108; x_wconf 85' lang='lat' dir='ltr'>et</span> <span class='ocrx_word' id='word_1_429' title='bbox 648 5043 841 5132; x_wconf 89' lang='lat' dir='ltr'>voluptates</span> <span class='ocrx_word' id='word_1_430' title='bbox 854 5065 932 5111; x_wconf 89' lang='lat' dir='ltr'>suas</span> <span class='ocrx_word' id='word_1_431' title='bbox 950 5051 1108 5129; x_wconf 88' lang='lat' dir='ltr'>augeant,</span> <span class='ocrx_word' id='word_1_432' title='bbox 1134 5030 1171 5104; x_wconf 92' lang='lat' dir='ltr'>hi</span> <span class='ocrx_word' id='word_1_433' title='bbox 1188 5044 1261 5105; x_wconf 86' lang='lat' dir='ltr'>non</span> <span class='ocrx_word' id='word_1_434' title='bbox 1280 5048 1405 5124; x_wconf 90' lang='lat' dir='ltr'>petunt</span> <span class='ocrx_word' id='word_1_435' title='bbox 1421 5058 1476 5101; x_wconf 92' lang='lat' dir='ltr'>re-</span> 
     </span>
     <span class='ocr_line' id='line_1_51' title="bbox 495 5129 1476 5212; baseline -0.009 -2"><span class='ocrx_word' id='word_1_436' title='bbox 495 5165 575 5210; x_wconf 90' lang='lat' dir='ltr'>rum</span> <span class='ocrx_word' id='word_1_437' title='bbox 594 5141 786 5210; x_wconf 89' lang='lat' dir='ltr'>doctrinam</span> <span class='ocrx_word' id='word_1_438' title='bbox 803 5168 843 5212; x_wconf 87' lang='lat' dir='ltr'>ex</span> <span class='ocrx_word' id='word_1_439' title='bbox 864 5144 955 5211; x_wconf 90' lang='lat' dir='ltr'>veris</span> <span class='ocrx_word' id='word_1_440' title='bbox 979 5140 1149 5210; x_wconf 84' lang='lat' dir='ltr'>lontibus.</span> <span class='ocrx_word' id='word_1_441' title='bbox 1201 5139 1270 5207; x_wconf 72' lang='lat' dir='ltr'>Sed</span> <span class='ocrx_word' id='word_1_442' title='bbox 1288 5159 1396 5205; x_wconf 92' lang='lat' dir='ltr'>unam</span> <span class='ocrx_word' id='word_1_443' title='bbox 1411 5129 1476 5202; x_wconf 92' lang='lat' dir='ltr'>ha-</span> 
     </span>
     <span class='ocr_line' id='line_1_52' title="bbox 493 5242 1474 5332; baseline -0.012 -20"><span class='ocrx_word' id='word_1_444' title='bbox 493 5245 573 5312; x_wconf 87' lang='lat' dir='ltr'>beat</span> <span class='ocrx_word' id='word_1_445' title='bbox 604 5266 645 5310; x_wconf 85' lang='lat' dir='ltr'>ex</span> <span class='ocrx_word' id='word_1_446' title='bbox 678 5242 803 5310; x_wconf 89' lang='lat' dir='ltr'>culinis</span> <span class='ocrx_word' id='word_1_447' title='bbox 832 5245 1060 5324; x_wconf 91' lang='lat' dir='ltr'>sententiam,</span> <span class='ocrx_word' id='word_1_448' title='bbox 1092 5263 1182 5332; x_wconf 89' lang='lat' dir='ltr'>quae</span> <span class='ocrx_word' id='word_1_449' title='bbox 1212 5251 1321 5308; x_wconf 89' lang='lat' dir='ltr'>totam</span> <span class='ocrx_word' id='word_1_450' title='bbox 1352 5259 1474 5305; x_wconf 90' lang='lat' dir='ltr'>eorum</span> 
     </span>
     <span class='ocr_line' id='line_1_53' title="bbox 491 5337 1234 5433; baseline -0.009 -20"><span class='ocrx_word' id='word_1_451' title='bbox 491 5337 759 5433; x_wconf 88' lang='lat' dir='ltr'>Philosophiam</span> <span class='ocrx_word' id='word_1_452' title='bbox 779 5344 1029 5428; x_wconf 84' lang='lat' dir='ltr'>complectitur.</span> <span class='ocrx_word' id='word_1_453' title='bbox 1083 5338 1234 5429; x_wconf 88' lang='lat' dir='ltr'>Nempe:</span> 
     </span>
    </p>

    <p class='ocr_par' dir='ltr' id='par_1_15' title="bbox 594 5447 1184 5531">
     <span class='ocr_line' id='line_1_54' title="bbox 594 5447 1184 5531; baseline -0.015 -16"><span class='ocrx_word' id='word_1_454' title='bbox 594 5453 694 5517; x_wconf 82' lang='lat' dir='ltr'>Cocus</span> <span class='ocrx_word' id='word_1_455' title='bbox 710 5449 828 5510; x_wconf 90' lang='lat' dir='ltr'>domini</span> <span class='ocrx_word' id='word_1_456' title='bbox 842 5447 925 5510; x_wconf 82' lang='lat' dir='ltr'>debet</span> <span class='ocrx_word' id='word_1_457' title='bbox 945 5451 1052 5512; x_wconf 84' lang='lat' dir='ltr'>habere</span> <span class='ocrx_word' id='word_1_458' title='bbox 1072 5452 1184 5531; x_wconf 89' lang='lat' dir='ltr'>gulam.</span> 
     </span>
    </p>

    <p class='ocr_par' dir='ltr' id='par_1_16' title="bbox 492 5539 1474 5736">
     <span class='ocr_line' id='line_1_55' title="bbox 492 5539 1474 5637; baseline -0.01 -22"><span class='ocrx_word' id='word_1_459' title='bbox 492 5542 535 5615; x_wconf 86' lang='lat' dir='ltr'>Et</span> <span class='ocrx_word' id='word_1_460' title='bbox 561 5548 760 5637; x_wconf 88' lang='lat' dir='ltr'>plerunque</span> <span class='ocrx_word' id='word_1_461' title='bbox 781 5542 913 5611; x_wconf 89' lang='lat' dir='ltr'>indocti</span> <span class='ocrx_word' id='word_1_462' title='bbox 937 5547 981 5611; x_wconf 89' lang='lat' dir='ltr'>ad</span> <span class='ocrx_word' id='word_1_463' title='bbox 1002 5539 1093 5613; x_wconf 91' lang='lat' dir='ltr'>hanc</span> <span class='ocrx_word' id='word_1_464' title='bbox 1120 5565 1229 5612; x_wconf 90' lang='lat' dir='ltr'>unam</span> <span class='ocrx_word' id='word_1_465' title='bbox 1258 5563 1370 5609; x_wconf 88' lang='lat' dir='ltr'>arcem</span> <span class='ocrx_word' id='word_1_466' title='bbox 1388 5562 1474 5608; x_wconf 87' lang='lat' dir='ltr'>con-</span> 
     </span>
     <span class='ocr_line' id='line_1_56' title="bbox 492 5639 1474 5736; baseline -0.007 -20"><span class='ocrx_word' id='word_1_467' title='bbox 492 5649 642 5736; x_wconf 83' lang='lat' dir='ltr'>fugiunt.</span> <span class='ocrx_word' id='word_1_468' title='bbox 693 5646 783 5715; x_wconf 89' lang='lat' dir='ltr'>Cum</span> <span class='ocrx_word' id='word_1_469' title='bbox 807 5655 922 5712; x_wconf 78' lang='lat' dir='ltr'>atatem</span> <span class='ocrx_word' id='word_1_470' title='bbox 948 5639 1044 5713; x_wconf 88' lang='lat' dir='ltr'>Deus</span> <span class='ocrx_word' id='word_1_471' title='bbox 1074 5667 1135 5713; x_wconf 89' lang='lat' dir='ltr'>vos</span> <span class='ocrx_word' id='word_1_472' title='bbox 1166 5645 1209 5713; x_wconf 92' lang='lat' dir='ltr'>ad</span> <span class='ocrx_word' id='word_1_473' title='bbox 1234 5664 1334 5711; x_wconf 89' lang='lat' dir='ltr'>veros</span> <span class='ocrx_word' id='word_1_474' title='bbox 1358 5640 1474 5712; x_wconf 86' lang='lat' dir='ltr'>fontes</span> 
     </span>
    </p>
   </div>
   <div class='ocr_carea' id='block_1_11' title="bbox 1531 3127 2515 4125">
    <p class='ocr_par' dir='ltr' id='par_1_17' title="bbox 1531 3127 2515 4125">
     <span class='ocr_line' id='line_1_57' title="bbox 1534 3127 2514 3212; baseline -0.006 -5"><span class='ocrx_word' id='word_1_475' title='bbox 1534 3136 1693 3207; x_wconf 90' lang='lat' dir='ltr'>docendo</span> <span class='ocrx_word' id='word_1_476' title='bbox 1708 3156 1782 3202; x_wconf 93' lang='lat' dir='ltr'>non</span> <span class='ocrx_word' id='word_1_477' title='bbox 1797 3127 1979 3212; x_wconf 87' lang='lat' dir='ltr'>adhibent,</span> <span class='ocrx_word' id='word_1_478' title='bbox 2003 3134 2064 3198; x_wconf 90' lang='lat' dir='ltr'>sed</span> <span class='ocrx_word' id='word_1_479' title='bbox 2079 3145 2210 3200; x_wconf 87' lang='lat' dir='ltr'>temere</span> <span class='ocrx_word' id='word_1_480' title='bbox 2223 3132 2299 3199; x_wconf 89' lang='lat' dir='ltr'>sinc</span> <span class='ocrx_word' id='word_1_481' title='bbox 2316 3131 2514 3201; x_wconf 89' lang='lat' dir='ltr'>distinctio-</span> 
     </span>
     <span class='ocr_line' id='line_1_58' title="bbox 1534 3229 2515 3321; baseline -0.002 -18"><span class='ocrx_word' id='word_1_482' title='bbox 1534 3261 1596 3319; x_wconf 88' lang='lat' dir='ltr'>ne,</span> <span class='ocrx_word' id='word_1_483' title='bbox 1622 3238 1700 3303; x_wconf 91' lang='lat' dir='ltr'>sine</span> <span class='ocrx_word' id='word_1_484' title='bbox 1720 3233 1846 3302; x_wconf 88' lang='lat' dir='ltr'>ordine</span> <span class='ocrx_word' id='word_1_485' title='bbox 1872 3230 2060 3299; x_wconf 87' lang='lat' dir='ltr'>effundunt</span> <span class='ocrx_word' id='word_1_486' title='bbox 2086 3229 2259 3321; x_wconf 91' lang='lat' dir='ltr'>quidquid</span> <span class='ocrx_word' id='word_1_487' title='bbox 2283 3252 2319 3296; x_wconf 89' lang='lat' dir='ltr'>se</span> <span class='ocrx_word' id='word_1_488' title='bbox 2335 3229 2454 3309; x_wconf 88' lang='lat' dir='ltr'>offert,</span> <span class='ocrx_word' id='word_1_489' title='bbox 2481 3246 2515 3301; x_wconf 94' lang='lat' dir='ltr'>et</span> 
     </span>
     <span class='ocr_line' id='line_1_59' title="bbox 1535 3326 2515 3415; baseline -0.002 -13"><span class='ocrx_word' id='word_1_490' title='bbox 1535 3336 1682 3404; x_wconf 87' lang='lat' dir='ltr'>miscent</span> <span class='ocrx_word' id='word_1_491' title='bbox 1699 3333 1808 3403; x_wconf 88' lang='lat' dir='ltr'>multa</span> <span class='ocrx_word' id='word_1_492' title='bbox 1825 3333 1970 3415; x_wconf 86' lang='lat' dir='ltr'>soloeca,</span> <span class='ocrx_word' id='word_1_493' title='bbox 1996 3326 2124 3400; x_wconf 85' lang='lat' dir='ltr'>horum</span> <span class='ocrx_word' id='word_1_494' title='bbox 2141 3328 2255 3399; x_wconf 90' lang='lat' dir='ltr'>oratio</span> <span class='ocrx_word' id='word_1_495' title='bbox 2269 3352 2343 3398; x_wconf 92' lang='lat' dir='ltr'>nou</span> <span class='ocrx_word' id='word_1_496' title='bbox 2361 3330 2515 3401; x_wconf 89' lang='lat' dir='ltr'>ostendit</span> 
     </span>
     <span class='ocr_line' id='line_1_60' title="bbox 1536 3429 2514 3521; baseline -0.003 -18"><span class='ocrx_word' id='word_1_497' title='bbox 1536 3454 1613 3521; x_wconf 70' lang='lat' dir='ltr'>res,</span> <span class='ocrx_word' id='word_1_498' title='bbox 1638 3438 1699 3505; x_wconf 92' lang='lat' dir='ltr'>sed</span> <span class='ocrx_word' id='word_1_499' title='bbox 1715 3436 1897 3518; x_wconf 89' lang='lat' dir='ltr'>obscurat,</span> <span class='ocrx_word' id='word_1_500' title='bbox 1921 3432 2041 3501; x_wconf 90' lang='lat' dir='ltr'>obruit</span> <span class='ocrx_word' id='word_1_501' title='bbox 2057 3444 2091 3500; x_wconf 91' lang='lat' dir='ltr'>et</span> <span class='ocrx_word' id='word_1_502' title='bbox 2105 3430 2310 3521; x_wconf 89' lang='lat' dir='ltr'>corrumpit.</span> <span class='ocrx_word' id='word_1_503' title='bbox 2362 3429 2514 3500; x_wconf 84' lang='lat' dir='ltr'>Prodest</span> 
     </span>
     <span class='ocr_line' id='line_1_61' title="bbox 1534 3531 2514 3627; baseline -0.003 -23"><span class='ocrx_word' id='word_1_504' title='bbox 1534 3537 1676 3627; x_wconf 91' lang='lat' dir='ltr'>aliquis,</span> <span class='ocrx_word' id='word_1_505' title='bbox 1711 3535 1872 3626; x_wconf 88' lang='lat' dir='ltr'>quamvis</span> <span class='ocrx_word' id='word_1_506' title='bbox 1898 3534 2012 3602; x_wconf 86' lang='lat' dir='ltr'>audax</span> <span class='ocrx_word' id='word_1_507' title='bbox 2040 3544 2074 3600; x_wconf 91' lang='lat' dir='ltr'>et</span> <span class='ocrx_word' id='word_1_508' title='bbox 2100 3531 2304 3620; x_wconf 89' lang='lat' dir='ltr'>impudens,</span> <span class='ocrx_word' id='word_1_509' title='bbox 2339 3532 2400 3623; x_wconf 93' lang='lat' dir='ltr'>qui</span> <span class='ocrx_word' id='word_1_510' title='bbox 2421 3533 2514 3602; x_wconf 91' lang='lat' dir='ltr'>ausit</span> 
     </span>
     <span class='ocr_line' id='line_1_62' title="bbox 1534 3631 2513 3722; baseline -0.001 -21"><span class='ocrx_word' id='word_1_511' title='bbox 1534 3636 1660 3718; x_wconf 88' lang='lat' dir='ltr'>dicere,</span> <span class='ocrx_word' id='word_1_512' title='bbox 1686 3657 1723 3702; x_wconf 87' lang='lat' dir='ltr'>se</span> <span class='ocrx_word' id='word_1_513' title='bbox 1739 3634 1936 3722; x_wconf 88' lang='lat' dir='ltr'>intelligere</span> <span class='ocrx_word' id='word_1_514' title='bbox 1951 3631 2047 3702; x_wconf 84' lang='lat' dir='ltr'>Scoti</span> <span class='ocrx_word' id='word_1_515' title='bbox 2066 3644 2099 3700; x_wconf 89' lang='lat' dir='ltr'>et</span> <span class='ocrx_word' id='word_1_516' title='bbox 2113 3632 2282 3698; x_wconf 86' lang='lat' dir='ltr'>similium</span> <span class='ocrx_word' id='word_1_517' title='bbox 2299 3652 2513 3706; x_wconf 86' lang='lat' dir='ltr'>sermonum.</span> 
     </span>
     <span class='ocr_line' id='line_1_63' title="bbox 1532 3731 2514 3826; baseline -0.002 -24"><span class='ocrx_word' id='word_1_518' title='bbox 1532 3732 1668 3803; x_wconf 87' lang='lat' dir='ltr'>Deinde</span> <span class='ocrx_word' id='word_1_519' title='bbox 1684 3734 2033 3826; x_wconf 85' lang='lat' dir='ltr'>praeterquamquod</span> <span class='ocrx_word' id='word_1_520' title='bbox 2052 3755 2106 3800; x_wconf 92' lang='lat' dir='ltr'>res</span> <span class='ocrx_word' id='word_1_521' title='bbox 2120 3756 2193 3800; x_wconf 93' lang='lat' dir='ltr'>non</span> <span class='ocrx_word' id='word_1_522' title='bbox 2209 3731 2454 3819; x_wconf 91' lang='lat' dir='ltr'>intelliguntur</span> <span class='ocrx_word' id='word_1_523' title='bbox 2468 3734 2514 3801; x_wconf 92' lang='lat' dir='ltr'>ab</span> 
     </span>
     <span class='ocr_line' id='line_1_64' title="bbox 1532 3832 2513 3917; baseline -0.002 -15"><span class='ocrx_word' id='word_1_524' title='bbox 1532 3834 1765 3915; x_wconf 89' lang='lat' dir='ltr'>auditoribus,</span> <span class='ocrx_word' id='word_1_525' title='bbox 1788 3835 1826 3902; x_wconf 92' lang='lat' dir='ltr'>in</span> <span class='ocrx_word' id='word_1_526' title='bbox 1844 3833 1909 3902; x_wconf 91' lang='lat' dir='ltr'>illo</span> <span class='ocrx_word' id='word_1_527' title='bbox 1924 3845 2062 3902; x_wconf 87' lang='lat' dir='ltr'>oratore</span> <span class='ocrx_word' id='word_1_528' title='bbox 2078 3834 2187 3901; x_wconf 91' lang='lat' dir='ltr'>multa</span> <span class='ocrx_word' id='word_1_529' title='bbox 2205 3832 2294 3901; x_wconf 90' lang='lat' dir='ltr'>vicia</span> <span class='ocrx_word' id='word_1_530' title='bbox 2308 3845 2513 3917; x_wconf 89' lang='lat' dir='ltr'>nascuntur,</span> 
     </span>
     <span class='ocr_line' id='line_1_65' title="bbox 1531 3933 2513 4025; baseline -0.002 -22"><span class='ocrx_word' id='word_1_531' title='bbox 1531 3937 1745 4025; x_wconf 82' lang='lat' dir='ltr'>negligentia</span> <span class='ocrx_word' id='word_1_532' title='bbox 1761 3936 1799 4003; x_wconf 91' lang='lat' dir='ltr'>iu</span> <span class='ocrx_word' id='word_1_533' title='bbox 1817 3958 1935 4003; x_wconf 91' lang='lat' dir='ltr'>rerum</span> <span class='ocrx_word' id='word_1_534' title='bbox 1952 3933 2247 4016; x_wconf 88' lang='lat' dir='ltr'>consideratione,</span> <span class='ocrx_word' id='word_1_535' title='bbox 2272 3933 2429 4012; x_wconf 88' lang='lat' dir='ltr'>audacia,</span> <span class='ocrx_word' id='word_1_536' title='bbox 2454 3933 2513 4001; x_wconf 81' lang='lat' dir='ltr'>iu-</span> 
     </span>
     <span class='ocr_line' id='line_1_66' title="bbox 1531 4026 2512 4125; baseline -0.005 -19"><span class='ocrx_word' id='word_1_537' title='bbox 1531 4036 1660 4116; x_wconf 87' lang='lat' dir='ltr'>tilitas,</span> <span class='ocrx_word' id='word_1_538' title='bbox 1690 4035 1931 4125; x_wconf 90' lang='lat' dir='ltr'>impudentia:</span> <span class='ocrx_word' id='word_1_539' title='bbox 1956 4035 2094 4121; x_wconf 85' lang='lat' dir='ltr'>fingunt</span> <span class='ocrx_word' id='word_1_540' title='bbox 2116 4030 2172 4102; x_wconf 88' lang='lat' dir='ltr'>res</span> <span class='ocrx_word' id='word_1_541' title='bbox 2196 4054 2284 4125; x_wconf 88' lang='lat' dir='ltr'>quae</span> <span class='ocrx_word' id='word_1_542' title='bbox 2308 4026 2401 4100; x_wconf 93' lang='lat' dir='ltr'>nihil</span> <span class='ocrx_word' id='word_1_543' title='bbox 2417 4046 2512 4113; x_wconf 89' lang='lat' dir='ltr'>sunt,</span> 
     </span>
    </p>
   </div>
   <div class='ocr_carea' id='block_1_12' title="bbox 1531 4131 2638 4228">
    <p class='ocr_par' dir='ltr' id='par_1_18' title="bbox 1531 4131 2638 4228">
     <span class='ocr_line' id='line_1_67' title="bbox 1531 4131 2638 4228; baseline -0.004 -26"><span class='ocrx_word' id='word_1_544' title='bbox 1531 4149 1570 4203; x_wconf 93' lang='lat' dir='ltr'>nt</span> <span class='ocrx_word' id='word_1_545' title='bbox 1595 4137 1693 4223; x_wconf 85' lang='lat' dir='ltr'>fingit</span> <span class='ocrx_word' id='word_1_546' title='bbox 1718 4135 1844 4204; x_wconf 88' lang='lat' dir='ltr'>Scotus</span> <span class='ocrx_word' id='word_1_547' title='bbox 1866 4134 2079 4202; x_wconf 89' lang='lat' dir='ltr'>universalia</span> <span class='ocrx_word' id='word_1_548' title='bbox 2099 4134 2225 4213; x_wconf 85' lang='lat' dir='ltr'>realia,</span> <span class='ocrx_word' id='word_1_549' title='bbox 2259 4147 2319 4203; x_wconf 89' lang='lat' dir='ltr'>aut</span> <span class='ocrx_word' id='word_1_550' title='bbox 2342 4147 2381 4204; x_wconf 81' lang='lat' dir='ltr'>ut</span> <span class='ocrx_word' id='word_1_551' title='bbox 2401 4131 2511 4203; x_wconf 89' lang='lat' dir='ltr'>Stoici</span> <span class='ocrx_word' id='word_1_552' title='bbox 2634 4221 2638 4228; x_wconf 25' lang='grc' dir='ltr'>Ι</span> 
     </span>
    </p>
   </div>
   <div class='ocr_carea' id='block_1_13' title="bbox 1528 4229 2543 5028">
    <p class='ocr_par' dir='ltr' id='par_1_19' title="bbox 1528 4229 2543 5028">
     <span class='ocr_line' id='line_1_68' title="bbox 1532 4229 2511 4321; baseline -0.001 -21"><span class='ocrx_word' id='word_1_553' title='bbox 1532 4234 1688 4304; x_wconf 86' lang='lat' dir='ltr'>adfectus</span> <span class='ocrx_word' id='word_1_554' title='bbox 1702 4234 1842 4320; x_wconf 84' lang='lat' dir='ltr'>tingunt</span> <span class='ocrx_word' id='word_1_555' title='bbox 1857 4254 1930 4300; x_wconf 91' lang='lat' dir='ltr'>esse</span> <span class='ocrx_word' id='word_1_556' title='bbox 1948 4231 2153 4321; x_wconf 84' lang='lat' dir='ltr'>opiniones,</span> <span class='ocrx_word' id='word_1_557' title='bbox 2177 4229 2350 4303; x_wconf 88' lang='lat' dir='ltr'>Monachi</span> <span class='ocrx_word' id='word_1_558' title='bbox 2364 4245 2399 4301; x_wconf 89' lang='lat' dir='ltr'>et</span> <span class='ocrx_word' id='word_1_559' title='bbox 2414 4254 2511 4299; x_wconf 88' lang='lat' dir='ltr'>com-</span> 
     </span>
     <span class='ocr_line' id='line_1_69' title="bbox 1532 4330 2511 4417; baseline 0.001 -17"><span class='ocrx_word' id='word_1_560' title='bbox 1532 4334 1640 4402; x_wconf 90' lang='lat' dir='ltr'>menti</span> <span class='ocrx_word' id='word_1_561' title='bbox 1670 4345 1769 4416; x_wconf 88' lang='lat' dir='ltr'>sunt,</span> <span class='ocrx_word' id='word_1_562' title='bbox 1802 4347 1837 4403; x_wconf 90' lang='lat' dir='ltr'>et</span> <span class='ocrx_word' id='word_1_563' title='bbox 1861 4331 2045 4402; x_wconf 87' lang='lat' dir='ltr'>stabiliunt</span> <span class='ocrx_word' id='word_1_564' title='bbox 2072 4333 2189 4417; x_wconf 88' lang='lat' dir='ltr'>idola,</span> <span class='ocrx_word' id='word_1_565' title='bbox 2220 4356 2302 4402; x_wconf 88' lang='lat' dir='ltr'>cnm</span> <span class='ocrx_word' id='word_1_566' title='bbox 2332 4330 2511 4401; x_wconf 88' lang='lat' dir='ltr'>somniant</span> 
     </span>
     <span class='ocr_line' id='line_1_70' title="bbox 1531 4431 2511 4524; baseline -0.002 -23"><span class='ocrx_word' id='word_1_567' title='bbox 1531 4433 1724 4504; x_wconf 89' lang='lat' dir='ltr'>accidentia</span> <span class='ocrx_word' id='word_1_568' title='bbox 1747 4434 1824 4502; x_wconf 92' lang='lat' dir='ltr'>sine</span> <span class='ocrx_word' id='word_1_569' title='bbox 1845 4433 2021 4516; x_wconf 90' lang='lat' dir='ltr'>subiecto,</span> <span class='ocrx_word' id='word_1_570' title='bbox 2042 4456 2083 4501; x_wconf 85' lang='lat' dir='ltr'>ex</span> <span class='ocrx_word' id='word_1_571' title='bbox 2098 4456 2170 4524; x_wconf 93' lang='lat' dir='ltr'>quo</span> <span class='ocrx_word' id='word_1_572' title='bbox 2196 4433 2427 4500; x_wconf 91' lang='lat' dir='ltr'>deliramento</span> <span class='ocrx_word' id='word_1_573' title='bbox 2442 4431 2511 4499; x_wconf 91' lang='lat' dir='ltr'>alia</span> 
     </span>
     <span class='ocr_line' id='line_1_71' title="bbox 1531 4530 2509 4622; baseline -0.004 -20"><span class='ocrx_word' id='word_1_574' title='bbox 1531 4530 1716 4604; x_wconf 91' lang='lat' dir='ltr'>horribilia</span> <span class='ocrx_word' id='word_1_575' title='bbox 1739 4532 1923 4603; x_wconf 87' lang='lat' dir='ltr'>mendacia</span> <span class='ocrx_word' id='word_1_576' title='bbox 1948 4535 2058 4603; x_wconf 88' lang='lat' dir='ltr'>multa</span> <span class='ocrx_word' id='word_1_577' title='bbox 2082 4545 2197 4600; x_wconf 93' lang='lat' dir='ltr'>secuta</span> <span class='ocrx_word' id='word_1_578' title='bbox 2220 4544 2322 4615; x_wconf 91' lang='lat' dir='ltr'>sunt,</span> <span class='ocrx_word' id='word_1_579' title='bbox 2357 4554 2509 4622; x_wconf 89' lang='lat' dir='ltr'>quorum</span> 
     </span>
     <span class='ocr_line' id='line_1_72' title="bbox 1530 4627 2511 4719; baseline -0.005 -17"><span class='ocrx_word' id='word_1_580' title='bbox 1530 4635 1664 4703; x_wconf 89' lang='lat' dir='ltr'>semina</span> <span class='ocrx_word' id='word_1_581' title='bbox 1688 4648 1780 4705; x_wconf 89' lang='lat' dir='ltr'>certe</span> <span class='ocrx_word' id='word_1_582' title='bbox 1803 4636 1948 4704; x_wconf 83' lang='lat' dir='ltr'>fuerunt</span> <span class='ocrx_word' id='word_1_583' title='bbox 1970 4633 2139 4703; x_wconf 89' lang='lat' dir='ltr'>vocabula</span> <span class='ocrx_word' id='word_1_584' title='bbox 2154 4656 2246 4701; x_wconf 87' lang='lat' dir='ltr'>nova</span> <span class='ocrx_word' id='word_1_585' title='bbox 2262 4627 2356 4700; x_wconf 92' lang='lat' dir='ltr'>nibil</span> <span class='ocrx_word' id='word_1_586' title='bbox 2375 4630 2511 4719; x_wconf 87' lang='lat' dir='ltr'>siguifi-</span> 
     </span>
     <span class='ocr_line' id='line_1_73' title="bbox 1530 4731 2543 4826; baseline -0.004 -24"><span class='ocrx_word' id='word_1_587' title='bbox 1530 4736 1657 4805; x_wconf 89' lang='lat' dir='ltr'>cantia.</span> <span class='ocrx_word' id='word_1_588' title='bbox 1707 4733 1845 4805; x_wconf 89' lang='lat' dir='ltr'>Deinde</span> <span class='ocrx_word' id='word_1_589' title='bbox 1869 4747 1999 4826; x_wconf 89' lang='lat' dir='ltr'>quanta</span> <span class='ocrx_word' id='word_1_590' title='bbox 2020 4747 2071 4803; x_wconf 91' lang='lat' dir='ltr'>est</span> <span class='ocrx_word' id='word_1_591' title='bbox 2091 4755 2210 4802; x_wconf 89' lang='lat' dir='ltr'>rerum</span> <span class='ocrx_word' id='word_1_592' title='bbox 2232 4731 2392 4802; x_wconf 83' lang='lat' dir='ltr'>confusio</span> <span class='ocrx_word' id='word_1_593' title='bbox 2415 4731 2510 4820; x_wconf 91' lang='lat' dir='ltr'>apud</span> <span class='ocrx_word' id='word_1_594' title='bbox 2539 4758 2543 4765; x_wconf 91' lang='lat'><em>·</em></span> 
     </span>
     <span class='ocr_line' id='line_1_74' title="bbox 1528 4827 2510 4927; baseline -0.005 -22"><span class='ocrx_word' id='word_1_595' title='bbox 1528 4834 1707 4927; x_wconf 89' lang='lat' dir='ltr'>Papistas,</span> <span class='ocrx_word' id='word_1_596' title='bbox 1732 4861 1812 4906; x_wconf 91' lang='lat' dir='ltr'>cum</span> <span class='ocrx_word' id='word_1_597' title='bbox 1837 4858 1912 4904; x_wconf 92' lang='lat' dir='ltr'>non</span> <span class='ocrx_word' id='word_1_598' title='bbox 1933 4836 2139 4905; x_wconf 89' lang='lat' dir='ltr'>discernunt</span> <span class='ocrx_word' id='word_1_599' title='bbox 2161 4833 2273 4923; x_wconf 89' lang='lat' dir='ltr'>legem</span> <span class='ocrx_word' id='word_1_600' title='bbox 2295 4844 2330 4902; x_wconf 91' lang='lat' dir='ltr'>et</span> <span class='ocrx_word' id='word_1_601' title='bbox 2345 4827 2510 4920; x_wconf 85' lang='lat' dir='ltr'>Evange-</span> 
     </span>
     <span class='ocr_line' id='line_1_75' title="bbox 1530 4935 2510 5028; baseline -0.002 -27"><span class='ocrx_word' id='word_1_602' title='bbox 1530 4937 1636 5019; x_wconf 91' lang='lat' dir='ltr'>lium,</span> <span class='ocrx_word' id='word_1_603' title='bbox 1662 4938 1756 5028; x_wconf 92' lang='lat' dir='ltr'>apud</span> <span class='ocrx_word' id='word_1_604' title='bbox 1775 4935 1998 5020; x_wconf 85' lang='lat' dir='ltr'>Antinomos,</span> <span class='ocrx_word' id='word_1_605' title='bbox 2025 4959 2106 5005; x_wconf 92' lang='lat' dir='ltr'>cum</span> <span class='ocrx_word' id='word_1_606' title='bbox 2122 4957 2196 5003; x_wconf 93' lang='lat' dir='ltr'>non</span> <span class='ocrx_word' id='word_1_607' title='bbox 2210 4935 2416 5003; x_wconf 89' lang='lat' dir='ltr'>discernunt</span> <span class='ocrx_word' id='word_1_608' title='bbox 2428 4955 2510 5022; x_wconf 92' lang='lat' dir='ltr'>pec-</span> 
     </span>
    </p>
   </div>
   <div class='ocr_carea' id='block_1_14' title="bbox 1530 5032 2638 5123">
    <p class='ocr_par' dir='ltr' id='par_1_20' title="bbox 1530 5032 2638 5123">
     <span class='ocr_line' id='line_1_76' title="bbox 1530 5032 2638 5123; baseline -0.006 -18"><span class='ocrx_word' id='word_1_609' title='bbox 1530 5053 1603 5107; x_wconf 86' lang='lat' dir='ltr'>cata</span> <span class='ocrx_word' id='word_1_610' title='bbox 1621 5051 1742 5106; x_wconf 89' lang='lat' dir='ltr'>contra</span> <span class='ocrx_word' id='word_1_611' title='bbox 1758 5035 2005 5104; x_wconf 87' lang='lat' dir='ltr'>conscientiam</span> <span class='ocrx_word' id='word_1_612' title='bbox 2022 5036 2066 5104; x_wconf 89' lang='lat' dir='ltr'>ab</span> <span class='ocrx_word' id='word_1_613' title='bbox 2079 5036 2149 5104; x_wconf 91' lang='lat' dir='ltr'>alio</span> <span class='ocrx_word' id='word_1_614' title='bbox 2165 5057 2302 5123; x_wconf 85' lang='lat' dir='ltr'>genere.</span> <span class='ocrx_word' id='word_1_615' title='bbox 2329 5032 2379 5104; x_wconf 86' lang='lat' dir='ltr'>lta</span> <span class='ocrx_word' id='word_1_616' title='bbox 2396 5032 2513 5120; x_wconf 85' lang='lat' dir='ltr'>negli·</span> <span class='ocrx_word' id='word_1_617' title='bbox 2633 5062 2638 5069; x_wconf 91' lang='lat'>·</span> 
     </span>
    </p>
   </div>
   <div class='ocr_carea' id='block_1_15' title="bbox 1528 5133 2512 5711">
    <p class='ocr_par' dir='ltr' id='par_1_21' title="bbox 1528 5133 2512 5711">
     <span class='ocr_line' id='line_1_77' title="bbox 1529 5133 2509 5227; baseline -0.005 -23"><span class='ocrx_word' id='word_1_618' title='bbox 1529 5150 1650 5226; x_wconf 91' lang='lat' dir='ltr'>genter</span> <span class='ocrx_word' id='word_1_619' title='bbox 1672 5139 1873 5227; x_wconf 87' lang='lat' dir='ltr'>loquentes,</span> <span class='ocrx_word' id='word_1_620' title='bbox 1910 5158 2029 5204; x_wconf 92' lang='lat' dir='ltr'>rerum</span> <span class='ocrx_word' id='word_1_621' title='bbox 2057 5135 2372 5204; x_wconf 86' lang='lat' dir='ltr'>considerationem</span> <span class='ocrx_word' id='word_1_622' title='bbox 2405 5133 2509 5204; x_wconf 87' lang='lat' dir='ltr'>etiam</span> 
     </span>
     <span class='ocr_line' id='line_1_78' title="bbox 1529 5235 2510 5325; baseline -0.008 -20"><span class='ocrx_word' id='word_1_623' title='bbox 1529 5237 1721 5315; x_wconf 85' lang='lat' dir='ltr'>abiiciunt,</span> <span class='ocrx_word' id='word_1_624' title='bbox 1746 5248 1780 5304; x_wconf 90' lang='lat' dir='ltr'>et</span> <span class='ocrx_word' id='word_1_625' title='bbox 1802 5236 1891 5303; x_wconf 87' lang='lat' dir='ltr'>fiunt</span> <span class='ocrx_word' id='word_1_626' title='bbox 1912 5249 2069 5303; x_wconf 89' lang='lat' dir='ltr'>oratores</span> <span class='ocrx_word' id='word_1_627' title='bbox 2084 5235 2203 5302; x_wconf 81' lang='lat' dir='ltr'>sutiles</span> <span class='ocrx_word' id='word_1_628' title='bbox 2227 5248 2262 5304; x_wconf 89' lang='lat' dir='ltr'>et</span> <span class='ocrx_word' id='word_1_629' title='bbox 2279 5235 2510 5325; x_wconf 84' lang='lat' dir='ltr'>impudentes,</span> 
     </span>
     <span class='ocr_line' id='line_1_79' title="bbox 1530 5332 2510 5429; baseline -0.01 -23"><span class='ocrx_word' id='word_1_630' title='bbox 1530 5338 1589 5429; x_wconf 92' lang='lat' dir='ltr'>qui</span> <span class='ocrx_word' id='word_1_631' title='bbox 1616 5349 1701 5406; x_wconf 88' lang='lat' dir='ltr'>tunc</span> <span class='ocrx_word' id='word_1_632' title='bbox 1722 5337 1803 5426; x_wconf 93' lang='lat' dir='ltr'>plus</span> <span class='ocrx_word' id='word_1_633' title='bbox 1827 5347 1973 5418; x_wconf 89' lang='lat' dir='ltr'>nocent,</span> <span class='ocrx_word' id='word_1_634' title='bbox 1997 5358 2076 5403; x_wconf 90' lang='lat' dir='ltr'>cum</span> <span class='ocrx_word' id='word_1_635' title='bbox 2100 5349 2269 5423; x_wconf 88' lang='lat' dir='ltr'>appetunt</span> <span class='ocrx_word' id='word_1_636' title='bbox 2292 5332 2510 5426; x_wconf 88' lang='lat' dir='ltr'>eloquentiae</span> 
     </span>
     <span class='ocr_line' id='line_1_80' title="bbox 1528 5427 2511 5522; baseline -0.01 -17"><span class='ocrx_word' id='word_1_637' title='bbox 1528 5438 1681 5522; x_wconf 88' lang='lat' dir='ltr'>landem,</span> <span class='ocrx_word' id='word_1_638' title='bbox 1705 5449 1912 5506; x_wconf 88' lang='lat' dir='ltr'>scurrantur</span> <span class='ocrx_word' id='word_1_639' title='bbox 1929 5435 2222 5516; x_wconf 81' lang='lat' dir='ltr'>incensionibus,</span> <span class='ocrx_word' id='word_1_640' title='bbox 2246 5450 2280 5505; x_wconf 88' lang='lat' dir='ltr'>et</span> <span class='ocrx_word' id='word_1_641' title='bbox 2294 5436 2420 5505; x_wconf 72' lang='lat' dir='ltr'>lutitant</span> <span class='ocrx_word' id='word_1_642' title='bbox 2442 5427 2511 5521; x_wconf 88' lang='lat' dir='ltr'>hy·</span> 
     </span>
     <span class='ocr_line' id='line_1_81' title="bbox 1528 5530 2512 5629; baseline -0.007 -23"><span class='ocrx_word' id='word_1_643' title='bbox 1528 5539 1703 5628; x_wconf 91' lang='lat' dir='ltr'>perbolis,</span> <span class='ocrx_word' id='word_1_644' title='bbox 1731 5538 1876 5622; x_wconf 88' lang='lat' dir='ltr'>ironiis,</span> <span class='ocrx_word' id='word_1_645' title='bbox 1900 5550 1934 5607; x_wconf 90' lang='lat' dir='ltr'>et</span> <span class='ocrx_word' id='word_1_646' title='bbox 1955 5537 2033 5608; x_wconf 86' lang='lat' dir='ltr'>aliis</span> <span class='ocrx_word' id='word_1_647' title='bbox 2051 5537 2188 5629; x_wconf 82' lang='lat' dir='ltr'>figuris,</span> <span class='ocrx_word' id='word_1_648' title='bbox 2213 5537 2342 5628; x_wconf 89' lang='lat' dir='ltr'>quibus</span> <span class='ocrx_word' id='word_1_649' title='bbox 2359 5530 2512 5600; x_wconf 88' lang='lat' dir='ltr'>delecta·</span> 
     </span>
     <span class='ocr_line' id='line_1_82' title="bbox 1528 5639 1969 5711; baseline -0.002 -1"><span class='ocrx_word' id='word_1_650' title='bbox 1528 5653 1590 5711; x_wconf 89' lang='lat' dir='ltr'>tur</span> <span class='ocrx_word' id='word_1_651' title='bbox 1606 5640 1745 5711; x_wconf 86' lang='lat' dir='ltr'>indocta</span> <span class='ocrx_word' id='word_1_652' title='bbox 1761 5639 1969 5711; x_wconf 89' lang='lat' dir='ltr'>multitudo.</span> 
     </span>
    </p>
   </div>
   <div class='ocr_carea' id='block_1_16' title="bbox 0 0 3018 6775">
    <p class='ocr_par' dir='ltr' id='par_1_22' title="bbox 0 0 3018 6775">
     <span class='ocr_line' id='line_1_83' title="bbox 0 0 3018 6775; baseline 0 3"><span class='ocrx_word' id='word_1_653' title='bbox 0 0 3018 6775; x_wconf 95' lang='lat' dir='ltr'> </span> 
     </span>
    </p>
   </div>
  </div>
 </body>
</html>
