<?xml version="1.0" encoding="UTF-8"?>
<!DOCTYPE html PUBLIC "-//W3C//DTD XHTML 1.0 Transitional//EN"
    "http://www.w3.org/TR/xhtml1/DTD/xhtml1-transitional.dtd">
<html xmlns="http://www.w3.org/1999/xhtml" xml:lang="en" lang="en">
 <head>
  <title>
</title>
<meta http-equiv="Content-Type" content="text/html;charset=utf-8" />
  <meta name='ocr-system' content='tesseract 3.04.00' />
  <meta name='ocr-capabilities' content='ocr_page ocr_carea ocr_par ocr_line ocrx_word'/>
</head>
<body>
  <div class='ocr_page' id='page_1' title='image "./philippimelanth12melagoog/philippimelanth12melagoog_0101.png"; bbox 0 0 6025 6775; ppageno 0'>
   <div class='ocr_carea' id='block_1_1' title="bbox 419 633 2452 757">
    <p class='ocr_par' dir='ltr' id='par_1_1' title="bbox 419 633 2452 757">
     <span class='ocr_line' id='line_1_1' title="bbox 419 633 2452 757; baseline 0.008 -39"><span class='ocrx_word' id='word_1_1' title='bbox 419 647 489 722; x_wconf 78' lang='lat'><strong>181</strong></span> <span class='ocrx_word' id='word_1_2' title='bbox 889 633 1052 716; x_wconf 83' lang='lat' dir='ltr'><strong>DECL.</strong></span> <span class='ocrx_word' id='word_1_3' title='bbox 1084 637 1160 715; x_wconf 83' lang='lat' dir='ltr'><strong>DE</strong></span> <span class='ocrx_word' id='word_1_4' title='bbox 1193 640 1337 715; x_wconf 87' lang='lat' dir='ltr'><strong>VlTA</strong></span> <span class='ocrx_word' id='word_1_5' title='bbox 1369 642 1444 718; x_wconf 84' lang='lat' dir='ltr'><strong>ET</strong></span> <span class='ocrx_word' id='word_1_6' title='bbox 1484 646 1747 727; x_wconf 85' lang='lat' dir='ltr'><strong>SCRIPTlS</strong></span> <span class='ocrx_word' id='word_1_7' title='bbox 1787 653 1977 733; x_wconf 83' lang='lat' dir='ltr'><strong>PLINll.</strong></span> <span class='ocrx_word' id='word_1_8' title='bbox 2043 739 2047 748; x_wconf 64' lang='grc'><em>,</em></span> <span class='ocrx_word' id='word_1_9' title='bbox 2378 682 2452 757; x_wconf 73' lang='lat'><strong>132</strong></span> 
     </span>
    </p>
   </div>
   <div class='ocr_carea' id='block_1_2' title="bbox 420 808 2441 1007">
    <p class='ocr_par' dir='ltr' id='par_1_2' title="bbox 420 808 2441 1007">
     <span class='ocr_line' id='line_1_2' title="bbox 420 808 2433 921; baseline -0.005 -32"><span class='ocrx_word' id='word_1_10' title='bbox 420 821 469 889; x_wconf 88' lang='lat' dir='ltr'><strong>ita</strong></span> <span class='ocrx_word' id='word_1_11' title='bbox 483 836 608 887; x_wconf 85' lang='lat' dir='ltr'><strong>rursus</strong></span> <span class='ocrx_word' id='word_1_12' title='bbox 621 811 781 882; x_wconf 88' lang='lat' dir='ltr'><strong>defectus</strong></span> <span class='ocrx_word' id='word_1_13' title='bbox 795 808 920 879; x_wconf 90' lang='lat' dir='ltr'><strong>caloris</strong></span> <span class='ocrx_word' id='word_1_14' title='bbox 933 810 1114 883; x_wconf 87' lang='lat' dir='ltr'><strong>influentis</strong></span> <span class='ocrx_word' id='word_1_15' title='bbox 1131 813 1324 904; x_wconf 88' lang='lat' dir='ltr'><strong>privativa,</strong></span> <span class='ocrx_word' id='word_1_16' title='bbox 1349 840 1409 884; x_wconf 82' lang='lat' dir='ltr'><strong>ex·</strong></span> <span class='ocrx_word' id='word_1_17' title='bbox 1456 815 1524 886; x_wconf 85' lang='lat' dir='ltr'><strong>No.</strong></span> <span class='ocrx_word' id='word_1_18' title='bbox 1543 816 1628 893; x_wconf 84' lang='lat'><strong>15⁵.</strong></span> <span class='ocrx_word' id='word_1_19' title='bbox 2273 876 2320 917; x_wconf 42' lang='lat' dir='ltr'><strong>m·</strong></span> <span class='ocrx_word' id='word_1_20' title='bbox 2341 858 2433 921; x_wconf 40' lang='lat'><strong>1556·</strong></span> 
     </span>
     <span class='ocr_line' id='line_1_3' title="bbox 420 911 2441 1007; baseline -0.008 -16"><span class='ocrx_word' id='word_1_21' title='bbox 420 934 541 991; x_wconf 77' lang='lat' dir='ltr'><strong>terum</strong></span> <span class='ocrx_word' id='word_1_22' title='bbox 558 916 656 985; x_wconf 89' lang='lat' dir='ltr'><strong>calor</strong></span> <span class='ocrx_word' id='word_1_23' title='bbox 671 913 821 1001; x_wconf 84' lang='lat' dir='ltr'><strong>positiva</strong></span> <span class='ocrx_word' id='word_1_24' title='bbox 834 923 885 981; x_wconf 91' lang='lat' dir='ltr'><strong>est</strong></span> <span class='ocrx_word' id='word_1_25' title='bbox 908 935 1011 982; x_wconf 85' lang='lat' dir='ltr'><strong>causa</strong></span> <span class='ocrx_word' id='word_1_26' title='bbox 1037 914 1276 1007; x_wconf 74' lang='lat' dir='ltr'><strong>corruptionis</strong></span> <span class='ocrx_word' id='word_1_27' title='bbox 1296 917 1409 986; x_wconf 88' lang='lat' dir='ltr'><strong>nativi</strong></span> <span class='ocrx_word' id='word_1_28' title='bbox 1464 911 1636 941; x_wconf 54' lang='grc' dir='ltr'>Μ</span> <span class='ocrx_word' id='word_1_29' title='bbox 2269 943 2441 976; x_wconf 54' lang='lat' dir='ltr'><strong>»om</strong></span> 
     </span>
    </p>
   </div>
   <div class='ocr_carea' id='block_1_3' title="bbox 421 1010 2290 1144">
    <p class='ocr_par' dir='ltr' id='par_1_3' title="bbox 421 1010 2290 1144">
     <span class='ocr_line' id='line_1_4' title="bbox 421 1010 2290 1144; baseline -0.009 -52"><span class='ocrx_word' id='word_1_30' title='bbox 421 1021 564 1092; x_wconf 86' lang='lat' dir='ltr'><strong>caloris.</strong></span> <span class='ocrx_word' id='word_1_31' title='bbox 617 1012 750 1107; x_wconf 89' lang='lat' dir='ltr'><strong>Estque</strong></span> <span class='ocrx_word' id='word_1_32' title='bbox 764 1010 990 1095; x_wconf 87' lang='lat' dir='ltr'><strong>Aristotelica</strong></span> <span class='ocrx_word' id='word_1_33' title='bbox 1005 1016 1164 1088; x_wconf 78' lang='lat' dir='ltr'><strong>definitio</strong></span> <span class='ocrx_word' id='word_1_34' title='bbox 1180 1018 1347 1102; x_wconf 86' lang='lat' dir='ltr'><strong>causalis,</strong></span> <span class='ocrx_word' id='word_1_35' title='bbox 1373 1032 1409 1089; x_wconf 89' lang='lat' dir='ltr'><strong>et</strong></span> <span class='ocrx_word' id='word_1_36' title='bbox 1607 1020 1684 1106; x_wconf 72' lang='lat' dir='ltr'><strong>De</strong></span> <span class='ocrx_word' id='word_1_37' title='bbox 1715 1026 1813 1108; x_wconf 67' lang='lat' dir='ltr'><strong>viga</strong></span> <span class='ocrx_word' id='word_1_38' title='bbox 1841 1016 1887 1113; x_wconf 66' lang='lat' dir='ltr'><strong>ep</strong></span> <span class='ocrx_word' id='word_1_39' title='bbox 1915 1033 2100 1144; x_wconf 56' lang='lat' dir='ltr'><strong>mimi,</strong></span> <span class='ocrx_word' id='word_1_40' title='bbox 2126 1039 2290 1132; x_wconf 47' lang='lat' dir='ltr'><em>Plinii·</em></span> 
     </span>
    </p>
   </div>
   <div class='ocr_carea' id='block_1_4' title="bbox 420 1109 2445 1517">
    <p class='ocr_par' dir='ltr' id='par_1_4' title="bbox 421 1109 2082 1243">
     <span class='ocr_line' id='line_1_5' title="bbox 421 1109 2082 1243; baseline -0.017 -50"><span class='ocrx_word' id='word_1_41' title='bbox 421 1121 582 1202; x_wconf 84' lang='lat' dir='ltr'><strong>ostendit</strong></span> <span class='ocrx_word' id='word_1_42' title='bbox 605 1109 809 1209; x_wconf 74' lang='grc' dir='ltr'><em>ἀχώριστον</em></span> <span class='ocrx_word' id='word_1_43' title='bbox 833 1113 955 1185; x_wconf 78' lang='grc' dir='ltr'><strong><em>αἴτιον</em></strong></span> <span class='ocrx_word' id='word_1_44' title='bbox 974 1116 1182 1187; x_wconf 68' lang='lat' dir='ltr'>mutationis</span> <span class='ocrx_word' id='word_1_45' title='bbox 1203 1120 1407 1189; x_wconf 88' lang='lat' dir='ltr'><strong>deducentis</strong></span> <span class='ocrx_word' id='word_1_46' title='bbox 1526 1176 1645 1232; x_wconf 78' lang='lat' dir='ltr'><strong>Protin·</strong></span> <span class='ocrx_word' id='word_1_47' title='bbox 1697 1179 1737 1234; x_wconf 77' lang='lat' dir='ltr'><strong>De</strong></span> <span class='ocrx_word' id='word_1_48' title='bbox 1757 1181 1808 1235; x_wconf 75' lang='lat' dir='ltr'><strong>viu</strong></span> <span class='ocrx_word' id='word_1_49' title='bbox 1847 1195 1856 1237; x_wconf 52' lang='grc' dir='ltr'>ι</span> <span class='ocrx_word' id='word_1_50' title='bbox 1922 1186 1929 1201; x_wconf 39' lang='lat'>⁸</span> <span class='ocrx_word' id='word_1_51' title='bbox 1962 1189 2082 1243; x_wconf 72' lang='lat' dir='ltr'><strong>·p1···</strong></span> 
     </span>
    </p>

    <p class='ocr_par' dir='ltr' id='par_1_5' title="bbox 420 1199 2445 1517">
     <span class='ocr_line' id='line_1_6' title="bbox 420 1199 2445 1344; baseline -0.015 -50"><span class='ocrx_word' id='word_1_52' title='bbox 420 1224 574 1293; x_wconf 84' lang='lat' dir='ltr'><strong>mixtum</strong></span> <span class='ocrx_word' id='word_1_53' title='bbox 589 1222 630 1287; x_wconf 93' lang='lat' dir='ltr'><strong>ad</strong></span> <span class='ocrx_word' id='word_1_54' title='bbox 646 1217 839 1289; x_wconf 87' lang='lat' dir='ltr'><strong>interitum.</strong></span> <span class='ocrx_word' id='word_1_55' title='bbox 874 1214 1046 1287; x_wconf 87' lang='lat' dir='ltr'><strong>Galenica</strong></span> <span class='ocrx_word' id='word_1_56' title='bbox 1059 1219 1216 1288; x_wconf 88' lang='lat' dir='ltr'><strong>formalis</strong></span> <span class='ocrx_word' id='word_1_57' title='bbox 1235 1234 1296 1292; x_wconf 84' lang='lat' dir='ltr'><strong>est.</strong></span> <span class='ocrx_word' id='word_1_58' title='bbox 1336 1222 1406 1292; x_wconf 82' lang='lat' dir='ltr'><strong>sed</strong></span> <span class='ocrx_word' id='word_1_59' title='bbox 1520 1285 1541 1324; x_wconf 22' lang='grc' dir='ltr'><strong>,Ι</strong></span> <span class='ocrx_word' id='word_1_60' title='bbox 1559 1246 1624 1301; x_wconf 77' lang='grc' dir='ltr'><strong>ιοοο</strong></span> <span class='ocrx_word' id='word_1_61' title='bbox 1638 1216 1719 1304; x_wconf 59' lang='lat' dir='ltr'><strong>&#39;reiis</strong></span> <span class='ocrx_word' id='word_1_62' title='bbox 1736 1270 1751 1303; x_wconf 77' lang='lat' dir='ltr'><strong>s</strong></span> <span class='ocrx_word' id='word_1_63' title='bbox 1770 1253 1801 1304; x_wconf 83' lang='grc' dir='ltr'><strong>Ρ.</strong></span> <span class='ocrx_word' id='word_1_64' title='bbox 1819 1199 2157 1320; x_wconf 48' lang='lat' dir='ltr'><strong>Ebtiiil&#39;iquff&#39;llffi</strong></span> <span class='ocrx_word' id='word_1_65' title='bbox 2176 1270 2202 1325; x_wconf 82' lang='lat'><strong>8.</strong></span> <span class='ocrx_word' id='word_1_66' title='bbox 2224 1240 2298 1344; x_wconf 70' lang='lat' dir='ltr'><strong>s’pt.</strong></span> <span class='ocrx_word' id='word_1_67' title='bbox 2315 1309 2350 1322; x_wconf 60' lang='lat'>-</span> <span class='ocrx_word' id='word_1_68' title='bbox 2385 1279 2445 1335; x_wconf 49' lang='lat' dir='ltr'><strong>Re·</strong></span> 
     </span>
     <span class='ocr_line' id='line_1_7' title="bbox 423 1315 2443 1450; baseline -0.022 -55"><span class='ocrx_word' id='word_1_69' title='bbox 423 1350 474 1395; x_wconf 87' lang='lat' dir='ltr'><strong>an</strong></span> <span class='ocrx_word' id='word_1_70' title='bbox 489 1325 560 1394; x_wconf 90' lang='lat' dir='ltr'><strong>sola</strong></span> <span class='ocrx_word' id='word_1_71' title='bbox 575 1318 681 1388; x_wconf 88' lang='lat' dir='ltr'><strong>nativi</strong></span> <span class='ocrx_word' id='word_1_72' title='bbox 696 1318 825 1387; x_wconf 90' lang='lat' dir='ltr'><strong>caloris</strong></span> <span class='ocrx_word' id='word_1_73' title='bbox 839 1320 1021 1409; x_wconf 76' lang='lat' dir='ltr'><strong>corruptio</strong></span> <span class='ocrx_word' id='word_1_74' title='bbox 1036 1320 1163 1394; x_wconf 85' lang='lat' dir='ltr'><strong>efficiat</strong></span> <span class='ocrx_word' id='word_1_75' title='bbox 1179 1323 1405 1412; x_wconf 76' lang='lat' dir='ltr'><strong>putrefactio.</strong></span> <span class='ocrx_word' id='word_1_76' title='bbox 1560 1315 1664 1439; x_wconf 45' lang='lat' dir='ltr'><strong>0123}th</strong></span> <span class='ocrx_word' id='word_1_77' title='bbox 1677 1319 1871 1442; x_wconf 55' lang='lat' dir='ltr'><strong>spthpthnqet,</strong></span> <span class='ocrx_word' id='word_1_78' title='bbox 1886 1322 1919 1446; x_wconf 70' lang='lat' dir='ltr'><strong>p,</strong></span> <span class='ocrx_word' id='word_1_79' title='bbox 1933 1323 1978 1383; x_wconf 67' lang='lat' dir='ltr'><strong>tv,</strong></span> <span class='ocrx_word' id='word_1_80' title='bbox 1988 1347 2030 1450; x_wconf 61' lang='lat'><strong>²,</strong></span> <span class='ocrx_word' id='word_1_81' title='bbox 2042 1330 2096 1387; x_wconf 76' lang='lat'><strong>392</strong></span> <span class='ocrx_word' id='word_1_82' title='bbox 2106 1352 2182 1408; x_wconf 51' lang='grc' dir='ltr'><strong>Ἢ,</strong></span> <span class='ocrx_word' id='word_1_83' title='bbox 2210 1338 2329 1404; x_wconf 46' lang='lat' dir='ltr'><strong>sam·</strong></span> <span class='ocrx_word' id='word_1_84' title='bbox 2348 1346 2382 1403; x_wconf 34' lang='lat' dir='ltr'><strong>T·</strong></span> <span class='ocrx_word' id='word_1_85' title='bbox 2396 1348 2443 1406; x_wconf 42' lang='lat' dir='ltr'><strong>W,</strong></span> 
     </span>
     <span class='ocr_line' id='line_1_8' title="bbox 423 1403 2032 1517; baseline -0.027 -21"><span class='ocrx_word' id='word_1_86' title='bbox 423 1451 520 1509; x_wconf 89' lang='lat' dir='ltr'><strong>nem,</strong></span> <span class='ocrx_word' id='word_1_87' title='bbox 546 1445 615 1491; x_wconf 91' lang='lat' dir='ltr'><strong>non</strong></span> <span class='ocrx_word' id='word_1_88' title='bbox 631 1420 735 1510; x_wconf 92' lang='lat' dir='ltr'><strong>pauci</strong></span> <span class='ocrx_word' id='word_1_89' title='bbox 751 1420 930 1492; x_wconf 88' lang='lat' dir='ltr'><strong>dubitant.</strong></span> <span class='ocrx_word' id='word_1_90' title='bbox 969 1418 1157 1490; x_wconf 85' lang='lat' dir='ltr'><strong>Cernimus</strong></span> <span class='ocrx_word' id='word_1_91' title='bbox 1170 1423 1263 1491; x_wconf 88' lang='lat' dir='ltr'><strong>enim</strong></span> <span class='ocrx_word' id='word_1_92' title='bbox 1280 1418 1406 1517; x_wconf 80' lang='lat' dir='ltr'>hyeme</span> <span class='ocrx_word' id='word_1_93' title='bbox 1558 1403 1583 1455; x_wconf 67' lang='grc' dir='ltr'><strong>Ρ·</strong></span> <span class='ocrx_word' id='word_1_94' title='bbox 1646 1405 1687 1441; x_wconf 72' lang='lat'><strong>&#39;⁶</strong></span> <span class='ocrx_word' id='word_1_95' title='bbox 1745 1406 1810 1442; x_wconf 76' lang='lat'><strong>⁰⁸¹</strong></span> <span class='ocrx_word' id='word_1_96' title='bbox 1870 1427 1879 1445; x_wconf 91' lang='lat'><strong>·</strong></span> <span class='ocrx_word' id='word_1_97' title='bbox 1919 1412 1976 1465; x_wconf 68' lang='grc' dir='ltr'><strong>ορ.</strong></span> <span class='ocrx_word' id='word_1_98' title='bbox 2024 1435 2032 1452; x_wconf 94' lang='grc'><strong>.</strong></span> 
     </span>
    </p>
   </div>
   <div class='ocr_carea' id='block_1_5' title="bbox 420 1521 2443 1679">
    <p class='ocr_par' dir='ltr' id='par_1_6' title="bbox 420 1521 2443 1679">
     <span class='ocr_line' id='line_1_9' title="bbox 420 1521 2443 1679; baseline 0.035 -87"><span class='ocrx_word' id='word_1_99' title='bbox 420 1548 521 1621; x_wconf 88' lang='lat' dir='ltr'><strong>poma</strong></span> <span class='ocrx_word' id='word_1_100' title='bbox 538 1537 571 1594; x_wconf 90' lang='lat' dir='ltr'><strong>et</strong></span> <span class='ocrx_word' id='word_1_101' title='bbox 586 1522 655 1590; x_wconf 90' lang='lat' dir='ltr'><strong>alia</strong></span> <span class='ocrx_word' id='word_1_102' title='bbox 672 1521 708 1589; x_wconf 92' lang='lat' dir='ltr'><strong>id</strong></span> <span class='ocrx_word' id='word_1_103' title='bbox 728 1522 867 1610; x_wconf 86' lang='lat' dir='ltr'><strong>generis</strong></span> <span class='ocrx_word' id='word_1_104' title='bbox 882 1535 1100 1611; x_wconf 84' lang='lat' dir='ltr'><strong>putrescere,</strong></span> <span class='ocrx_word' id='word_1_105' title='bbox 1126 1548 1240 1615; x_wconf 90' lang='lat' dir='ltr'><strong>neque</strong></span> <span class='ocrx_word' id='word_1_106' title='bbox 1261 1537 1405 1594; x_wconf 81' lang='lat' dir='ltr'><strong>externo</strong></span> <span class='ocrx_word' id='word_1_107' title='bbox 1455 1559 1517 1628; x_wconf 66' lang='lat' dir='ltr'><strong>De</strong></span> <span class='ocrx_word' id='word_1_108' title='bbox 1545 1565 1625 1632; x_wconf 58' lang='lat' dir='ltr'><strong>,fga</strong></span> <span class='ocrx_word' id='word_1_109' title='bbox 1647 1569 1685 1631; x_wconf 64' lang='lat' dir='ltr'><strong>eg</strong></span> <span class='ocrx_word' id='word_1_110' title='bbox 1703 1565 1857 1654; x_wconf 58' lang='lat' dir='ltr'><strong>,criptis</strong></span> <span class='ocrx_word' id='word_1_111' title='bbox 1878 1567 1916 1638; x_wconf 83' lang='lat' dir='ltr'><strong>G.</strong></span> <span class='ocrx_word' id='word_1_112' title='bbox 1938 1570 2065 1644; x_wconf 80' lang='lat' dir='ltr'><strong>Plinii</strong></span> <span class='ocrx_word' id='word_1_113' title='bbox 2089 1578 2297 1674; x_wconf 78' lang='lat' dir='ltr'><strong>quaedam,</strong></span> <span class='ocrx_word' id='word_1_114' title='bbox 2328 1611 2443 1679; x_wconf 82' lang='lat' dir='ltr'><strong>prae·</strong></span> 
     </span>
    </p>
   </div>
   <div class='ocr_carea' id='block_1_6' title="bbox 419 1622 2444 1784">
    <p class='ocr_par' dir='ltr' id='par_1_7' title="bbox 419 1622 2444 1784">
     <span class='ocr_line' id='line_1_10' title="bbox 419 1622 2444 1784; baseline 0.031 -80"><span class='ocrx_word' id='word_1_115' title='bbox 419 1627 533 1698; x_wconf 86' lang='lat' dir='ltr'><strong>obsita</strong></span> <span class='ocrx_word' id='word_1_116' title='bbox 550 1625 684 1707; x_wconf 60' lang='lat' dir='ltr'><strong>calm,</strong></span> <span class='ocrx_word' id='word_1_117' title='bbox 710 1647 826 1716; x_wconf 60' lang='lat' dir='ltr'>”eque</span> <span class='ocrx_word' id='word_1_118' title='bbox 848 1622 1064 1693; x_wconf 84' lang='lat' dir='ltr'><strong>inflammata</strong></span> <span class='ocrx_word' id='word_1_119' title='bbox 1089 1624 1229 1695; x_wconf 68' lang='lat' dir='ltr'><strong>iss¹⁹¹¹¹⁰</strong></span> <span class='ocrx_word' id='word_1_120' title='bbox 1252 1651 1292 1695; x_wconf 71' lang='lat'><strong>‘¹</strong></span> <span class='ocrx_word' id='word_1_121' title='bbox 1314 1622 1406 1694; x_wconf 51' lang='grc' dir='ltr'><strong>ΜΗ·</strong></span> <span class='ocrx_word' id='word_1_122' title='bbox 1453 1656 1619 1753; x_wconf 68' lang='lat' dir='ltr'><strong>sotionis</strong></span> <span class='ocrx_word' id='word_1_123' title='bbox 1640 1666 1719 1736; x_wconf 89' lang='lat' dir='ltr'><strong>loco</strong></span> <span class='ocrx_word' id='word_1_124' title='bbox 1735 1670 1901 1740; x_wconf 81' lang='lat' dir='ltr'><strong>recitata</strong></span> <span class='ocrx_word' id='word_1_125' title='bbox 1917 1690 1941 1739; x_wconf 82' lang='lat' dir='ltr'><strong>a</strong></span> <span class='ocrx_word' id='word_1_126' title='bbox 1958 1676 2105 1747; x_wconf 81' lang='lat' dir='ltr'><strong>Paulo</strong></span> <span class='ocrx_word' id='word_1_127' title='bbox 2121 1678 2285 1774; x_wconf 70' lang='lat' dir='ltr'><strong>Blaeso,</strong></span> <span class='ocrx_word' id='word_1_128' title='bbox 2310 1700 2444 1784; x_wconf 78' lang='lat' dir='ltr'><strong>auspi·</strong></span> 
     </span>
    </p>
   </div>
   <div class='ocr_carea' id='block_1_7' title="bbox 416 1722 2415 1961">
    <p class='ocr_par' dir='ltr' id='par_1_8' title="bbox 416 1722 2415 1961">
     <span class='ocr_line' id='line_1_11' title="bbox 416 1722 2415 1867; baseline 0.034 -67"><span class='ocrx_word' id='word_1_129' title='bbox 416 1744 518 1801; x_wconf 89' lang='lat' dir='ltr'><strong>tuum</strong></span> <span class='ocrx_word' id='word_1_130' title='bbox 534 1724 755 1841; x_wconf 41' lang='lat' dir='ltr'><strong>retentione..</strong></span> <span class='ocrx_word' id='word_1_131' title='bbox 797 1722 887 1793; x_wconf 70' lang='lat' dir='ltr'><strong>T⁰¹³</strong></span> <span class='ocrx_word' id='word_1_132' title='bbox 910 1722 1004 1795; x_wconf 68' lang='lat' dir='ltr'><strong>‘ssim</strong></span> <span class='ocrx_word' id='word_1_133' title='bbox 1030 1729 1179 1815; x_wconf 60' lang='lat' dir='ltr'><strong>fullfld⁰</strong></span> <span class='ocrx_word' id='word_1_134' title='bbox 1200 1728 1260 1796; x_wconf 62' lang='lat'><strong>5¹¹³</strong></span> <span class='ocrx_word' id='word_1_135' title='bbox 1276 1727 1403 1845; x_wconf 66' lang='lat' dir='ltr'><strong>frigida</strong></span> <span class='ocrx_word' id='word_1_136' title='bbox 1489 1774 1600 1835; x_wconf 84' lang='lat' dir='ltr'><strong>cante</strong></span> <span class='ocrx_word' id='word_1_137' title='bbox 1619 1768 1907 1857; x_wconf 73' lang='lat' dir='ltr'><strong>explicationem</strong></span> <span class='ocrx_word' id='word_1_138' title='bbox 1927 1776 2083 1847; x_wconf 79' lang='lat' dir='ltr'><strong>secunde·</strong></span> <span class='ocrx_word' id='word_1_139' title='bbox 2104 1778 2190 1853; x_wconf 74' lang='lat' dir='ltr'><strong>lllrrl</strong></span> <span class='ocrx_word' id='word_1_140' title='bbox 2211 1787 2415 1867; x_wconf 80' lang='lat' dir='ltr'><strong>Naturalis</strong></span> 
     </span>
     <span class='ocr_line' id='line_1_12' title="bbox 420 1826 2212 1961; baseline 0.011 -60"><span class='ocrx_word' id='word_1_141' title='bbox 420 1845 482 1905; x_wconf 88' lang='lat' dir='ltr'><strong>est.</strong></span> <span class='ocrx_word' id='word_1_142' title='bbox 513 1827 637 1921; x_wconf 87' lang='lat' dir='ltr'><strong>Neque</strong></span> <span class='ocrx_word' id='word_1_143' title='bbox 656 1849 805 1895; x_wconf 90' lang='lat' dir='ltr'><strong>ommno</strong></span> <span class='ocrx_word' id='word_1_144' title='bbox 821 1826 917 1894; x_wconf 88' lang='lat' dir='ltr'><strong>ullus</strong></span> <span class='ocrx_word' id='word_1_145' title='bbox 932 1840 1045 1916; x_wconf 91' lang='lat' dir='ltr'><strong>potest</strong></span> <span class='ocrx_word' id='word_1_146' title='bbox 1061 1831 1295 1899; x_wconf 84' lang='lat' dir='ltr'><strong>demonstran</strong></span> <span class='ocrx_word' id='word_1_147' title='bbox 1309 1831 1407 1900; x_wconf 91' lang='lat' dir='ltr'><strong>calor</strong></span> <span class='ocrx_word' id='word_1_148' title='bbox 1676 1871 1889 1961; x_wconf 55' lang='lat' dir='ltr'><strong>mom„</strong></span> <span class='ocrx_word' id='word_1_149' title='bbox 1915 1870 1952 1946; x_wconf 69' lang='lat'><strong>6,</strong></span> <span class='ocrx_word' id='word_1_150' title='bbox 1974 1875 2079 1949; x_wconf 61' lang='lat' dir='ltr'><strong>Peg„</strong></span> <span class='ocrx_word' id='word_1_151' title='bbox 2102 1880 2212 1957; x_wconf 46' lang='lat'>1550·</span> 
     </span>
    </p>
   </div>
   <div class='ocr_carea' id='block_1_8' title="bbox 411 1929 2546 3642">
    <p class='ocr_par' dir='ltr' id='par_1_9' title="bbox 419 1929 1405 2022">
     <span class='ocr_line' id='line_1_13' title="bbox 419 1929 1405 2022; baseline -0.003 -19"><span class='ocrx_word' id='word_1_152' title='bbox 419 1948 583 2004; x_wconf 84' lang='lat' dir='ltr'><strong>externus</strong></span> <span class='ocrx_word' id='word_1_153' title='bbox 603 1929 763 2000; x_wconf 88' lang='lat' dir='ltr'><strong>nativum</strong></span> <span class='ocrx_word' id='word_1_154' title='bbox 782 1950 1021 2018; x_wconf 88' lang='lat' dir='ltr'><strong>corrumpens.</strong></span> <span class='ocrx_word' id='word_1_155' title='bbox 1074 1930 1177 2000; x_wconf 80' lang='lat' dir='ltr'><strong>&#39;l&#39;alia</strong></span> <span class='ocrx_word' id='word_1_156' title='bbox 1199 1932 1330 2022; x_wconf 84' lang='lat' dir='ltr'><strong>frigore</strong></span> <span class='ocrx_word' id='word_1_157' title='bbox 1350 1932 1405 2000; x_wconf 90' lang='lat' dir='ltr'><strong>vi-</strong></span> 
     </span>
    </p>

    <p class='ocr_par' dir='ltr' id='par_1_10' title="bbox 418 2015 2442 2326">
     <span class='ocr_line' id='line_1_14' title="bbox 418 2015 2442 2139; baseline 0.002 -34"><span class='ocrx_word' id='word_1_158' title='bbox 418 2037 548 2106; x_wconf 91' lang='lat' dir='ltr'><strong>dentur</strong></span> <span class='ocrx_word' id='word_1_159' title='bbox 562 2045 762 2124; x_wconf 90' lang='lat' dir='ltr'><strong>putrescere</strong></span> <span class='ocrx_word' id='word_1_160' title='bbox 786 2054 859 2099; x_wconf 92' lang='lat' dir='ltr'><strong>non</strong></span> <span class='ocrx_word' id='word_1_161' title='bbox 882 2029 993 2113; x_wconf 88' lang='lat' dir='ltr'><strong>sicco,</strong></span> <span class='ocrx_word' id='word_1_162' title='bbox 1019 2032 1078 2098; x_wconf 92' lang='lat' dir='ltr'><strong>sed</strong></span> <span class='ocrx_word' id='word_1_163' title='bbox 1104 2027 1252 2102; x_wconf 92' lang='lat' dir='ltr'><strong>humido</strong></span> <span class='ocrx_word' id='word_1_164' title='bbox 1273 2034 1403 2101; x_wconf 89' lang='lat' dir='ltr'><strong>sensim</strong></span> <span class='ocrx_word' id='word_1_165' title='bbox 1454 2015 1525 2098; x_wconf 88' lang='lat' dir='ltr'><strong>Pie</strong></span> <span class='ocrx_word' id='word_1_166' title='bbox 1542 2043 1662 2099; x_wconf 90' lang='lat' dir='ltr'><strong>monet</strong></span> <span class='ocrx_word' id='word_1_167' title='bbox 1679 2026 1836 2101; x_wconf 88' lang='lat' dir='ltr'><strong>Graecus</strong></span> <span class='ocrx_word' id='word_1_168' title='bbox 1853 2038 2028 2108; x_wconf 85' lang='lat' dir='ltr'><strong>senarius:</strong></span> <span class='ocrx_word' id='word_1_169' title='bbox 2055 2039 2176 2139; x_wconf 75' lang='grc' dir='ltr'><em>ἀρχὴν</em></span> <span class='ocrx_word' id='word_1_170' title='bbox 2188 2042 2367 2125; x_wconf 58' lang='grc' dir='ltr'><em>ἁπάντων</em></span> <span class='ocrx_word' id='word_1_171' title='bbox 2377 2054 2442 2129; x_wconf 71' lang='grc' dir='ltr'><strong>χαὶ</strong></span> 
     </span>
     <span class='ocr_line' id='line_1_15' title="bbox 418 2126 2441 2245; baseline 0.006 -38"><span class='ocrx_word' id='word_1_172' title='bbox 418 2146 643 2219; x_wconf 79' lang='lat' dir='ltr'><strong>attenuante,</strong></span> <span class='ocrx_word' id='word_1_173' title='bbox 670 2156 787 2201; x_wconf 88' lang='lat' dir='ltr'><strong>accen</strong></span> <span class='ocrx_word' id='word_1_174' title='bbox 810 2133 1068 2220; x_wconf 81' lang='lat' dir='ltr'><strong>strangulante,</strong></span> <span class='ocrx_word' id='word_1_175' title='bbox 1094 2137 1236 2203; x_wconf 90' lang='lat' dir='ltr'><strong>tandem</strong></span> <span class='ocrx_word' id='word_1_176' title='bbox 1258 2157 1404 2225; x_wconf 90' lang='lat' dir='ltr'><strong>prorsus</strong></span> <span class='ocrx_word' id='word_1_177' title='bbox 1454 2127 1555 2209; x_wconf 78' lang='grc' dir='ltr'><em>τέλος</em></span> <span class='ocrx_word' id='word_1_178' title='bbox 1583 2126 1677 2201; x_wconf 81' lang='grc' dir='ltr'><strong><em>ποίει</em></strong></span> <span class='ocrx_word' id='word_1_179' title='bbox 1707 2127 1811 2206; x_wconf 78' lang='grc' dir='ltr'><em>θεὸν.</em></span> <span class='ocrx_word' id='word_1_180' title='bbox 1873 2135 1929 2207; x_wconf 83' lang='lat' dir='ltr'><strong>sic</strong></span> <span class='ocrx_word' id='word_1_181' title='bbox 1960 2142 2140 2214; x_wconf 90' lang='lat' dir='ltr'><strong>actionum</strong></span> <span class='ocrx_word' id='word_1_182' title='bbox 2163 2150 2379 2245; x_wconf 86' lang='lat' dir='ltr'><strong>principium</strong></span> <span class='ocrx_word' id='word_1_183' title='bbox 2405 2175 2441 2230; x_wconf 81' lang='lat' dir='ltr'><strong>et</strong></span> 
     </span>
     <span class='ocr_line' id='line_1_16' title="bbox 418 2218 1663 2326; baseline -0.002 -19"><span class='ocrx_word' id='word_1_184' title='bbox 418 2238 614 2308; x_wconf 87' lang='lat' dir='ltr'><strong>suffocante</strong></span> <span class='ocrx_word' id='word_1_185' title='bbox 631 2247 666 2304; x_wconf 86' lang='lat' dir='ltr'><strong>et</strong></span> <span class='ocrx_word' id='word_1_186' title='bbox 682 2233 832 2303; x_wconf 87' lang='lat' dir='ltr'><strong>elidente</strong></span> <span class='ocrx_word' id='word_1_187' title='bbox 849 2232 1010 2303; x_wconf 89' lang='lat' dir='ltr'><strong>nativum</strong></span> <span class='ocrx_word' id='word_1_188' title='bbox 1024 2234 1190 2324; x_wconf 90' lang='lat' dir='ltr'><strong>calorem,</strong></span> <span class='ocrx_word' id='word_1_189' title='bbox 1206 2236 1269 2326; x_wconf 92' lang='lat' dir='ltr'><strong>qui</strong></span> <span class='ocrx_word' id='word_1_190' title='bbox 1283 2218 1405 2303; x_wconf 82' lang='lat' dir='ltr'><strong>abiens</strong></span> <span class='ocrx_word' id='word_1_191' title='bbox 1455 2231 1535 2301; x_wconf 87' lang='lat' dir='ltr'><strong>finis</strong></span> <span class='ocrx_word' id='word_1_192' title='bbox 1555 2230 1663 2306; x_wconf 87' lang='lat' dir='ltr'><strong>Deus.</strong></span> 
     </span>
    </p>

    <p class='ocr_par' dir='ltr' id='par_1_11' title="bbox 415 2331 2439 2735">
     <span class='ocr_line' id='line_1_17' title="bbox 419 2331 2439 2443; baseline 0.007 -33"><span class='ocrx_word' id='word_1_193' title='bbox 419 2353 453 2411; x_wconf 91' lang='lat' dir='ltr'><strong>et</strong></span> <span class='ocrx_word' id='word_1_194' title='bbox 468 2334 636 2408; x_wconf 79' lang='lat' dir='ltr'><strong>exhalans</strong></span> <span class='ocrx_word' id='word_1_195' title='bbox 658 2359 729 2406; x_wconf 90' lang='lat' dir='ltr'><strong>una</strong></span> <span class='ocrx_word' id='word_1_196' title='bbox 751 2358 868 2405; x_wconf 90' lang='lat' dir='ltr'><strong>secum</strong></span> <span class='ocrx_word' id='word_1_197' title='bbox 896 2336 1039 2405; x_wconf 77' lang='lat' dir='ltr'><strong>eliseum</strong></span> <span class='ocrx_word' id='word_1_198' title='bbox 1063 2338 1182 2405; x_wconf 84' lang='lat' dir='ltr'><strong>educit</strong></span> <span class='ocrx_word' id='word_1_199' title='bbox 1206 2331 1404 2423; x_wconf 90' lang='lat' dir='ltr'><strong>humidum,</strong></span> <span class='ocrx_word' id='word_1_200' title='bbox 1557 2332 1605 2405; x_wconf 90' lang='lat' dir='ltr'><strong>Ut</strong></span> <span class='ocrx_word' id='word_1_201' title='bbox 1621 2335 1786 2408; x_wconf 89' lang='lat' dir='ltr'><strong>videlicet</strong></span> <span class='ocrx_word' id='word_1_202' title='bbox 1800 2350 1835 2407; x_wconf 89' lang='lat' dir='ltr'><strong>et</strong></span> <span class='ocrx_word' id='word_1_203' title='bbox 1850 2339 2071 2428; x_wconf 88' lang='lat' dir='ltr'><strong>auspicantes</strong></span> <span class='ocrx_word' id='word_1_204' title='bbox 2090 2346 2225 2441; x_wconf 87' lang='lat' dir='ltr'><strong>aliquid</strong></span> <span class='ocrx_word' id='word_1_205' title='bbox 2247 2358 2347 2443; x_wconf 90' lang='lat' dir='ltr'><strong>novi,</strong></span> <span class='ocrx_word' id='word_1_206' title='bbox 2373 2384 2439 2431; x_wconf 89' lang='lat' dir='ltr'><strong>au·</strong></span> 
     </span>
     <span class='ocr_line' id='line_1_18' title="bbox 417 2432 2439 2532; baseline -0.001 -21"><span class='ocrx_word' id='word_1_207' title='bbox 417 2442 542 2512; x_wconf 92' lang='lat' dir='ltr'><strong>relicto</strong></span> <span class='ocrx_word' id='word_1_208' title='bbox 555 2453 690 2522; x_wconf 90' lang='lat' dir='ltr'><strong>terreo,</strong></span> <span class='ocrx_word' id='word_1_209' title='bbox 716 2439 807 2508; x_wconf 90' lang='lat' dir='ltr'><strong>sicco</strong></span> <span class='ocrx_word' id='word_1_210' title='bbox 823 2462 903 2507; x_wconf 93' lang='lat' dir='ltr'><strong>cum</strong></span> <span class='ocrx_word' id='word_1_211' title='bbox 918 2460 1031 2529; x_wconf 89' lang='lat' dir='ltr'><strong>aqueo</strong></span> <span class='ocrx_word' id='word_1_212' title='bbox 1056 2432 1205 2504; x_wconf 90' lang='lat' dir='ltr'><strong>humido</strong></span> <span class='ocrx_word' id='word_1_213' title='bbox 1228 2436 1304 2507; x_wconf 90' lang='lat' dir='ltr'><strong>sine</strong></span> <span class='ocrx_word' id='word_1_214' title='bbox 1328 2438 1402 2525; x_wconf 88' lang='lat' dir='ltr'><strong>lege</strong></span> <span class='ocrx_word' id='word_1_215' title='bbox 1453 2434 1577 2505; x_wconf 80' lang='lat' dir='ltr'><strong>silium</strong></span> <span class='ocrx_word' id='word_1_216' title='bbox 1592 2438 1663 2506; x_wconf 90' lang='lat' dir='ltr'><strong>Dei</strong></span> <span class='ocrx_word' id='word_1_217' title='bbox 1679 2440 1922 2529; x_wconf 85' lang='lat' dir='ltr'><strong>imploremus,</strong></span> <span class='ocrx_word' id='word_1_218' title='bbox 1948 2459 1981 2515; x_wconf 90' lang='lat' dir='ltr'><strong>et</strong></span> <span class='ocrx_word' id='word_1_219' title='bbox 1995 2446 2149 2518; x_wconf 78' lang='lat' dir='ltr'><strong>actiones</strong></span> <span class='ocrx_word' id='word_1_220' title='bbox 2163 2467 2300 2524; x_wconf 63' lang='lat' dir='ltr'><strong>noma,</strong></span> <span class='ocrx_word' id='word_1_221' title='bbox 2316 2483 2439 2532; x_wconf 63' lang='lat' dir='ltr'><strong>omne,</strong></span> 
     </span>
     <span class='ocr_line' id='line_1_19' title="bbox 415 2536 2439 2634; baseline 0.004 -22"><span class='ocrx_word' id='word_1_222' title='bbox 415 2557 549 2613; x_wconf 89' lang='lat' dir='ltr'><strong>temere</strong></span> <span class='ocrx_word' id='word_1_223' title='bbox 565 2541 720 2615; x_wconf 87' lang='lat' dir='ltr'><strong>confuso.</strong></span> <span class='ocrx_word' id='word_1_224' title='bbox 770 2537 1009 2610; x_wconf 88' lang='lat' dir='ltr'><strong>Necacausis</strong></span> <span class='ocrx_word' id='word_1_225' title='bbox 1025 2537 1289 2627; x_wconf 89' lang='lat' dir='ltr'><strong>putrefactionis</strong></span> <span class='ocrx_word' id='word_1_226' title='bbox 1301 2538 1403 2628; x_wconf 89' lang='lat' dir='ltr'><strong>frigi·</strong></span> <span class='ocrx_word' id='word_1_227' title='bbox 1453 2536 1647 2626; x_wconf 81' lang='lat' dir='ltr'><strong>dirigamus</strong></span> <span class='ocrx_word' id='word_1_228' title='bbox 1667 2542 1712 2607; x_wconf 92' lang='lat' dir='ltr'><strong>ad</strong></span> <span class='ocrx_word' id='word_1_229' title='bbox 1733 2542 2023 2629; x_wconf 87' lang='lat' dir='ltr'><strong>glorificationem</strong></span> <span class='ocrx_word' id='word_1_230' title='bbox 2039 2545 2124 2634; x_wconf 91' lang='lat' dir='ltr'><strong>Dei,</strong></span> <span class='ocrx_word' id='word_1_231' title='bbox 2148 2567 2181 2623; x_wconf 86' lang='lat' dir='ltr'><strong>et</strong></span> <span class='ocrx_word' id='word_1_232' title='bbox 2202 2560 2246 2624; x_wconf 80' lang='lat' dir='ltr'><strong>ad</strong></span> <span class='ocrx_word' id='word_1_233' title='bbox 2268 2559 2439 2632; x_wconf 67' lang='lat' dir='ltr'><strong>obedien.</strong></span> 
     </span>
     <span class='ocr_line' id='line_1_20' title="bbox 416 2638 2061 2735; baseline 0.001 -22"><span class='ocrx_word' id='word_1_234' title='bbox 416 2645 507 2713; x_wconf 90' lang='lat' dir='ltr'><strong>ditas</strong></span> <span class='ocrx_word' id='word_1_235' title='bbox 524 2639 669 2713; x_wconf 89' lang='lat' dir='ltr'><strong>humida</strong></span> <span class='ocrx_word' id='word_1_236' title='bbox 684 2640 814 2710; x_wconf 91' lang='lat' dir='ltr'><strong>sensim</strong></span> <span class='ocrx_word' id='word_1_237' title='bbox 835 2639 996 2709; x_wconf 87' lang='lat' dir='ltr'><strong>nativum</strong></span> <span class='ocrx_word' id='word_1_238' title='bbox 1018 2639 1169 2708; x_wconf 89' lang='lat' dir='ltr'><strong>calorem</strong></span> <span class='ocrx_word' id='word_1_239' title='bbox 1193 2640 1400 2730; x_wconf 82' lang='lat' dir='ltr'><strong>extinguens</strong></span> <span class='ocrx_word' id='word_1_240' title='bbox 1452 2638 1556 2722; x_wconf 87' lang='lat' dir='ltr'><strong>tiam,</strong></span> <span class='ocrx_word' id='word_1_241' title='bbox 1583 2663 1688 2731; x_wconf 89' lang='lat' dir='ltr'><strong>quam</strong></span> <span class='ocrx_word' id='word_1_242' title='bbox 1706 2641 1781 2732; x_wconf 91' lang='lat' dir='ltr'><strong>ipse</strong></span> <span class='ocrx_word' id='word_1_243' title='bbox 1797 2645 1956 2735; x_wconf 90' lang='lat' dir='ltr'><strong>requirit.</strong></span> <span class='ocrx_word' id='word_1_244' title='bbox 2058 2711 2061 2732; x_wconf 79' lang='grc'>,</span> 
     </span>
    </p>

    <p class='ocr_par' dir='ltr' id='par_1_12' title="bbox 411 2738 2546 3642">
     <span class='ocr_line' id='line_1_21' title="bbox 416 2738 2438 2845; baseline 0.006 -29"><span class='ocrx_word' id='word_1_245' title='bbox 416 2746 558 2816; x_wconf 88' lang='lat' dir='ltr'><strong>videtur</strong></span> <span class='ocrx_word' id='word_1_246' title='bbox 579 2744 816 2819; x_wconf 87' lang='lat' dir='ltr'><strong>excludenda,</strong></span> <span class='ocrx_word' id='word_1_247' title='bbox 855 2740 918 2809; x_wconf 88' lang='lat' dir='ltr'><strong>etsi</strong></span> <span class='ocrx_word' id='word_1_248' title='bbox 941 2740 987 2809; x_wconf 89' lang='lat' dir='ltr'><strong>ab</strong></span> <span class='ocrx_word' id='word_1_249' title='bbox 1010 2740 1126 2811; x_wconf 92' lang='lat' dir='ltr'><strong>alieno</strong></span> <span class='ocrx_word' id='word_1_250' title='bbox 1151 2743 1267 2812; x_wconf 91' lang='lat' dir='ltr'><strong>calore</strong></span> <span class='ocrx_word' id='word_1_251' title='bbox 1290 2743 1403 2812; x_wconf 87' lang='lat' dir='ltr'><strong>cietur</strong></span> <span class='ocrx_word' id='word_1_252' title='bbox 1552 2738 1643 2809; x_wconf 89' lang='lat' dir='ltr'><strong>Cum</strong></span> <span class='ocrx_word' id='word_1_253' title='bbox 1668 2742 1778 2831; x_wconf 92' lang='lat' dir='ltr'><strong>igitur</strong></span> <span class='ocrx_word' id='word_1_254' title='bbox 1799 2744 1861 2816; x_wconf 91' lang='lat' dir='ltr'><strong>diu</strong></span> <span class='ocrx_word' id='word_1_255' title='bbox 1876 2742 2103 2822; x_wconf 84' lang='lat' dir='ltr'><strong>Scholasticis</strong></span> <span class='ocrx_word' id='word_1_256' title='bbox 2121 2757 2239 2845; x_wconf 88' lang='lat' dir='ltr'><strong>operis</strong></span> <span class='ocrx_word' id='word_1_257' title='bbox 2265 2785 2337 2832; x_wconf 91' lang='lat' dir='ltr'><strong>non</strong></span> <span class='ocrx_word' id='word_1_258' title='bbox 2361 2764 2438 2837; x_wconf 77' lang='lat' dir='ltr'><strong>sine</strong></span> 
     </span>
     <span class='ocr_line' id='line_1_22' title="bbox 414 2840 2437 2941; baseline 0.005 -25"><span class='ocrx_word' id='word_1_259' title='bbox 414 2848 709 2941; x_wconf 80' lang='lat' dir='ltr'><strong>frequentissime.</strong></span> <span class='ocrx_word' id='word_1_260' title='bbox 774 2840 841 2910; x_wconf 88' lang='lat' dir='ltr'><strong>His</strong></span> <span class='ocrx_word' id='word_1_261' title='bbox 872 2842 919 2911; x_wconf 88' lang='lat' dir='ltr'><strong>ita</strong></span> <span class='ocrx_word' id='word_1_262' title='bbox 950 2844 1150 2913; x_wconf 76' lang='lat' dir='ltr'><strong>constitutis</strong></span> <span class='ocrx_word' id='word_1_263' title='bbox 1174 2844 1400 2913; x_wconf 89' lang='lat' dir='ltr'><strong>manifestum</strong></span> <span class='ocrx_word' id='word_1_264' title='bbox 1453 2840 1577 2905; x_wconf 90' lang='lat' dir='ltr'><strong>dolore</strong></span> <span class='ocrx_word' id='word_1_265' title='bbox 1601 2845 1795 2929; x_wconf 81' lang='lat' dir='ltr'><strong>abfuerim,</strong></span> <span class='ocrx_word' id='word_1_266' title='bbox 1837 2860 1872 2915; x_wconf 88' lang='lat' dir='ltr'><strong>et</strong></span> <span class='ocrx_word' id='word_1_267' title='bbox 1899 2872 1995 2919; x_wconf 91' lang='lat' dir='ltr'><strong>nunc</strong></span> <span class='ocrx_word' id='word_1_268' title='bbox 2023 2853 2192 2927; x_wconf 88' lang='lat' dir='ltr'><strong>nonnihil</strong></span> <span class='ocrx_word' id='word_1_269' title='bbox 2218 2867 2437 2936; x_wconf 72' lang='lat' dir='ltr'><strong>amandatis</strong></span> 
     </span>
     <span class='ocr_line' id='line_1_23' title="bbox 417 2938 2437 3047; baseline 0.011 -33"><span class='ocrx_word' id='word_1_270' title='bbox 417 2964 468 3019; x_wconf 90' lang='lat' dir='ltr'><strong>est</strong></span> <span class='ocrx_word' id='word_1_271' title='bbox 494 2943 672 3040; x_wconf 78' lang='grc' dir='ltr'><strong><em>ἐκπύησιν</em></strong></span> <span class='ocrx_word' id='word_1_272' title='bbox 692 2945 982 3034; x_wconf 80' lang='lat' dir='ltr'><strong>putrefactionem</strong></span> <span class='ocrx_word' id='word_1_273' title='bbox 1007 2970 1081 3014; x_wconf 90' lang='lat' dir='ltr'><strong>non</strong></span> <span class='ocrx_word' id='word_1_274' title='bbox 1107 2968 1191 3017; x_wconf 87' lang='lat' dir='ltr'><strong>esse.</strong></span> <span class='ocrx_word' id='word_1_275' title='bbox 1245 2942 1286 3010; x_wconf 94' lang='lat' dir='ltr'><strong>ln</strong></span> <span class='ocrx_word' id='word_1_276' title='bbox 1302 2943 1401 3012; x_wconf 91' lang='lat' dir='ltr'><strong>omni</strong></span> <span class='ocrx_word' id='word_1_277' title='bbox 1453 2938 1637 3007; x_wconf 88' lang='lat' dir='ltr'><strong>laboribus</strong></span> <span class='ocrx_word' id='word_1_278' title='bbox 1662 2942 1813 3025; x_wconf 84' lang='lat' dir='ltr'><strong>levatus,</strong></span> <span class='ocrx_word' id='word_1_279' title='bbox 1839 2946 1991 3019; x_wconf 89' lang='lat' dir='ltr'><strong>libenter</strong></span> <span class='ocrx_word' id='word_1_280' title='bbox 2005 2957 2050 3020; x_wconf 88' lang='lat' dir='ltr'><strong>ad</strong></span> <span class='ocrx_word' id='word_1_281' title='bbox 2066 2957 2291 3047; x_wconf 92' lang='lat' dir='ltr'><strong>praelegendi</strong></span> <span class='ocrx_word' id='word_1_282' title='bbox 2307 2989 2437 3036; x_wconf 87' lang='lat' dir='ltr'><strong>munus</strong></span> 
     </span>
     <span class='ocr_line' id='line_1_24' title="bbox 413 3041 2546 3147; baseline 0 -28"><span class='ocrx_word' id='word_1_283' title='bbox 413 3051 509 3119; x_wconf 87' lang='lat' dir='ltr'><strong>enim</strong></span> <span class='ocrx_word' id='word_1_284' title='bbox 526 3046 781 3140; x_wconf 90' lang='lat' dir='ltr'><strong>putrefactione</strong></span> <span class='ocrx_word' id='word_1_285' title='bbox 797 3059 846 3117; x_wconf 91' lang='lat' dir='ltr'><strong>est</strong></span> <span class='ocrx_word' id='word_1_286' title='bbox 862 3047 957 3118; x_wconf 88' lang='lat' dir='ltr'><strong>calor</strong></span> <span class='ocrx_word' id='word_1_287' title='bbox 980 3048 1118 3117; x_wconf 89' lang='lat' dir='ltr'><strong>alienus</strong></span> <span class='ocrx_word' id='word_1_288' title='bbox 1140 3059 1212 3117; x_wconf 90' lang='lat' dir='ltr'><strong>tota</strong></span> <span class='ocrx_word' id='word_1_289' title='bbox 1237 3046 1401 3116; x_wconf 85' lang='lat' dir='ltr'><strong>substan·</strong></span> <span class='ocrx_word' id='word_1_290' title='bbox 1453 3042 1613 3119; x_wconf 88' lang='lat' dir='ltr'><strong>redeam,</strong></span> <span class='ocrx_word' id='word_1_291' title='bbox 1646 3041 1897 3132; x_wconf 85' lang='lat' dir='ltr'><strong>aequissimum</strong></span> <span class='ocrx_word' id='word_1_292' title='bbox 1922 3064 1991 3131; x_wconf 89' lang='lat' dir='ltr'><strong>est,</strong></span> <span class='ocrx_word' id='word_1_293' title='bbox 2020 3075 2087 3119; x_wconf 88' lang='lat' dir='ltr'><strong>nos</strong></span> <span class='ocrx_word' id='word_1_294' title='bbox 2109 3056 2362 3147; x_wconf 66' lang='lat' dir='ltr'><strong>asarenam,</strong></span> <span class='ocrx_word' id='word_1_295' title='bbox 2395 3083 2436 3138; x_wconf 91' lang='lat' dir='ltr'><strong>ut</strong></span> <span class='ocrx_word' id='word_1_296' title='bbox 2541 3111 2546 3120; x_wconf 95' lang='lat'><strong>.</strong></span> 
     </span>
     <span class='ocr_line' id='line_1_25' title="bbox 414 3137 2436 3242; baseline 0.006 -21"><span class='ocrx_word' id='word_1_297' title='bbox 414 3153 464 3222; x_wconf 90' lang='lat' dir='ltr'><strong>tia</strong></span> <span class='ocrx_word' id='word_1_298' title='bbox 493 3173 555 3218; x_wconf 89' lang='lat' dir='ltr'><strong>seu</strong></span> <span class='ocrx_word' id='word_1_299' title='bbox 583 3150 717 3233; x_wconf 88' lang='lat' dir='ltr'><strong>igneus.</strong></span> <span class='ocrx_word' id='word_1_300' title='bbox 776 3145 819 3214; x_wconf 91' lang='lat' dir='ltr'><strong>ln</strong></span> <span class='ocrx_word' id='word_1_301' title='bbox 847 3149 946 3242; x_wconf 80' lang='lat' dir='ltr'><strong>puris</strong></span> <span class='ocrx_word' id='word_1_302' title='bbox 975 3148 1195 3217; x_wconf 86' lang='lat' dir='ltr'><strong>confectione</strong></span> <span class='ocrx_word' id='word_1_303' title='bbox 1226 3161 1278 3216; x_wconf 89' lang='lat' dir='ltr'><strong>est</strong></span> <span class='ocrx_word' id='word_1_304' title='bbox 1305 3147 1402 3215; x_wconf 92' lang='lat' dir='ltr'><strong>calor</strong></span> <span class='ocrx_word' id='word_1_305' title='bbox 1454 3137 1521 3209; x_wconf 89' lang='lat' dir='ltr'><strong>hoc</strong></span> <span class='ocrx_word' id='word_1_306' title='bbox 1544 3141 1746 3211; x_wconf 91' lang='lat' dir='ltr'><strong>institutum</strong></span> <span class='ocrx_word' id='word_1_307' title='bbox 1770 3155 1931 3209; x_wconf 87' lang='lat' dir='ltr'><strong>nostrum</strong></span> <span class='ocrx_word' id='word_1_308' title='bbox 1953 3147 2027 3234; x_wconf 84' lang='lat' dir='ltr'><strong>ipse</strong></span> <span class='ocrx_word' id='word_1_309' title='bbox 2040 3152 2217 3235; x_wconf 78' lang='lat' dir='ltr'><strong>fortunat,</strong></span> <span class='ocrx_word' id='word_1_310' title='bbox 2244 3176 2278 3229; x_wconf 92' lang='lat' dir='ltr'><strong>et</strong></span> <span class='ocrx_word' id='word_1_311' title='bbox 2293 3164 2436 3237; x_wconf 86' lang='lat' dir='ltr'><strong>adiuvet</strong></span> 
     </span>
     <span class='ocr_line' id='line_1_26' title="bbox 414 3237 2436 3338; baseline 0.01 -21"><span class='ocrx_word' id='word_1_312' title='bbox 414 3252 553 3318; x_wconf 89' lang='lat' dir='ltr'><strong>alienus</strong></span> <span class='ocrx_word' id='word_1_313' title='bbox 580 3247 655 3313; x_wconf 91' lang='lat' dir='ltr'><strong>sola</strong></span> <span class='ocrx_word' id='word_1_314' title='bbox 684 3247 872 3336; x_wconf 86' lang='lat' dir='ltr'><strong>qualitate,</strong></span> <span class='ocrx_word' id='word_1_315' title='bbox 910 3271 984 3313; x_wconf 94' lang='lat' dir='ltr'><strong>non</strong></span> <span class='ocrx_word' id='word_1_316' title='bbox 1013 3260 1066 3315; x_wconf 91' lang='lat' dir='ltr'><strong>est</strong></span> <span class='ocrx_word' id='word_1_317' title='bbox 1096 3263 1262 3335; x_wconf 90' lang='lat' dir='ltr'><strong>corrupta</strong></span> <span class='ocrx_word' id='word_1_318' title='bbox 1287 3246 1399 3314; x_wconf 83' lang='lat' dir='ltr'><strong>nativi</strong></span> <span class='ocrx_word' id='word_1_319' title='bbox 1453 3265 1537 3323; x_wconf 89' lang='lat' dir='ltr'><strong>nos,</strong></span> <span class='ocrx_word' id='word_1_320' title='bbox 1563 3257 1602 3310; x_wconf 89' lang='lat' dir='ltr'><strong>ut</strong></span> <span class='ocrx_word' id='word_1_321' title='bbox 1618 3237 1676 3309; x_wconf 92' lang='lat' dir='ltr'><strong>hic</strong></span> <span class='ocrx_word' id='word_1_322' title='bbox 1694 3243 1846 3310; x_wconf 87' lang='lat' dir='ltr'><strong>docendi</strong></span> <span class='ocrx_word' id='word_1_323' title='bbox 1867 3255 1902 3311; x_wconf 92' lang='lat' dir='ltr'><strong>et</strong></span> <span class='ocrx_word' id='word_1_324' title='bbox 1918 3244 2077 3317; x_wconf 88' lang='lat' dir='ltr'><strong>discendi</strong></span> <span class='ocrx_word' id='word_1_325' title='bbox 2098 3250 2201 3323; x_wconf 91' lang='lat' dir='ltr'><strong>labor</strong></span> <span class='ocrx_word' id='word_1_326' title='bbox 2217 3258 2262 3326; x_wconf 92' lang='lat' dir='ltr'><strong>sit</strong></span> <span class='ocrx_word' id='word_1_327' title='bbox 2276 3261 2384 3333; x_wconf 88' lang='lat' dir='ltr'><strong>foelix</strong></span> <span class='ocrx_word' id='word_1_328' title='bbox 2402 3283 2436 3338; x_wconf 89' lang='lat' dir='ltr'><strong>et</strong></span> 
     </span>
     <span class='ocr_line' id='line_1_27' title="bbox 413 3339 2435 3450; baseline 0.004 -31"><span class='ocrx_word' id='word_1_329' title='bbox 413 3346 545 3419; x_wconf 92' lang='lat' dir='ltr'><strong>caloris</strong></span> <span class='ocrx_word' id='word_1_330' title='bbox 558 3345 766 3428; x_wconf 83' lang='lat' dir='ltr'><strong>substantia,</strong></span> <span class='ocrx_word' id='word_1_331' title='bbox 788 3346 849 3413; x_wconf 92' lang='lat' dir='ltr'><strong>sed</strong></span> <span class='ocrx_word' id='word_1_332' title='bbox 867 3359 966 3414; x_wconf 87' lang='lat' dir='ltr'><strong>aucta</strong></span> <span class='ocrx_word' id='word_1_333' title='bbox 982 3344 1151 3433; x_wconf 83' lang='lat' dir='ltr'><strong>gradibus</strong></span> <span class='ocrx_word' id='word_1_334' title='bbox 1165 3345 1300 3436; x_wconf 87' lang='lat' dir='ltr'><strong>aliquot</strong></span> <span class='ocrx_word' id='word_1_335' title='bbox 1315 3344 1401 3412; x_wconf 89' lang='lat' dir='ltr'><strong>cali·</strong></span> <span class='ocrx_word' id='word_1_336' title='bbox 1453 3342 1553 3410; x_wconf 89' lang='lat' dir='ltr'><strong>utilis</strong></span> <span class='ocrx_word' id='word_1_337' title='bbox 1579 3343 1705 3426; x_wconf 89' lang='lat' dir='ltr'><strong>nobis,</strong></span> <span class='ocrx_word' id='word_1_338' title='bbox 1737 3355 1770 3411; x_wconf 90' lang='lat' dir='ltr'><strong>et</strong></span> <span class='ocrx_word' id='word_1_339' title='bbox 1794 3339 1988 3432; x_wconf 84' lang='lat' dir='ltr'><strong>Ecclesiae,</strong></span> <span class='ocrx_word' id='word_1_340' title='bbox 2018 3351 2075 3419; x_wconf 91' lang='lat' dir='ltr'><strong>cui</strong></span> <span class='ocrx_word' id='word_1_341' title='bbox 2095 3358 2283 3450; x_wconf 89' lang='lat' dir='ltr'><strong>praecipue</strong></span> <span class='ocrx_word' id='word_1_342' title='bbox 2303 3367 2435 3439; x_wconf 62' lang='lat' dir='ltr'><strong>servire</strong></span> 
     </span>
     <span class='ocr_line' id='line_1_28' title="bbox 412 3443 2435 3540; baseline 0.006 -22"><span class='ocrx_word' id='word_1_343' title='bbox 412 3451 480 3518; x_wconf 91' lang='lat' dir='ltr'><strong>dae</strong></span> <span class='ocrx_word' id='word_1_344' title='bbox 497 3448 695 3540; x_wconf 88' lang='lat' dir='ltr'><strong>qualitatis,</strong></span> <span class='ocrx_word' id='word_1_345' title='bbox 718 3460 906 3531; x_wconf 89' lang='lat' dir='ltr'><strong>seuaucta,</strong></span> <span class='ocrx_word' id='word_1_346' title='bbox 932 3447 1091 3534; x_wconf 92' lang='lat' dir='ltr'><strong>utvulgo</strong></span> <span class='ocrx_word' id='word_1_347' title='bbox 1109 3447 1317 3537; x_wconf 88' lang='lat' dir='ltr'><strong>loquuntur,</strong></span> <span class='ocrx_word' id='word_1_348' title='bbox 1344 3445 1401 3513; x_wconf 86' lang='lat' dir='ltr'><strong>in·</strong></span> <span class='ocrx_word' id='word_1_349' title='bbox 1453 3443 1570 3512; x_wconf 87' lang='lat' dir='ltr'><strong>studia</strong></span> <span class='ocrx_word' id='word_1_350' title='bbox 1586 3457 1707 3513; x_wconf 90' lang='lat' dir='ltr'><strong>nostra</strong></span> <span class='ocrx_word' id='word_1_351' title='bbox 1730 3446 1876 3514; x_wconf 92' lang='lat' dir='ltr'><strong>debent:</strong></span> <span class='ocrx_word' id='word_1_352' title='bbox 1908 3452 2077 3522; x_wconf 88' lang='lat' dir='ltr'><strong>concedat</strong></span> <span class='ocrx_word' id='word_1_353' title='bbox 2091 3456 2195 3526; x_wconf 91' lang='lat' dir='ltr'><strong>etiam</strong></span> <span class='ocrx_word' id='word_1_354' title='bbox 2216 3464 2435 3538; x_wconf 87' lang='lat' dir='ltr'><strong>nobistran.</strong></span> 
     </span>
     <span class='ocr_line' id='line_1_29' title="bbox 411 3545 2436 3642; baseline 0.007 -21"><span class='ocrx_word' id='word_1_355' title='bbox 411 3549 549 3621; x_wconf 89' lang='lat' dir='ltr'><strong>tensive</strong></span> <span class='ocrx_word' id='word_1_356' title='bbox 573 3571 647 3616; x_wconf 93' lang='lat' dir='ltr'><strong>non</strong></span> <span class='ocrx_word' id='word_1_357' title='bbox 674 3548 862 3619; x_wconf 84' lang='lat' dir='ltr'><strong>extensive.</strong></span> <span class='ocrx_word' id='word_1_358' title='bbox 921 3546 961 3616; x_wconf 90' lang='lat' dir='ltr'><strong>Si</strong></span> <span class='ocrx_word' id='word_1_359' title='bbox 983 3548 1078 3616; x_wconf 89' lang='lat' dir='ltr'><strong>enim</strong></span> <span class='ocrx_word' id='word_1_360' title='bbox 1110 3546 1238 3615; x_wconf 87' lang='lat' dir='ltr'><strong>excidit</strong></span> <span class='ocrx_word' id='word_1_361' title='bbox 1265 3570 1284 3614; x_wconf 91' lang='lat' dir='ltr'><strong>e</strong></span> <span class='ocrx_word' id='word_1_362' title='bbox 1310 3547 1401 3615; x_wconf 89' lang='lat' dir='ltr'><strong>vasis</strong></span> <span class='ocrx_word' id='word_1_363' title='bbox 1453 3545 1685 3635; x_wconf 86' lang='lat' dir='ltr'><strong>quillitatem,</strong></span> <span class='ocrx_word' id='word_1_364' title='bbox 1712 3558 1751 3614; x_wconf 91' lang='lat' dir='ltr'><strong>ut</strong></span> <span class='ocrx_word' id='word_1_365' title='bbox 1765 3545 1881 3615; x_wconf 87' lang='lat' dir='ltr'><strong>colere</strong></span> <span class='ocrx_word' id='word_1_366' title='bbox 1897 3551 1956 3637; x_wconf 90' lang='lat' dir='ltr'><strong>pia</strong></span> <span class='ocrx_word' id='word_1_367' title='bbox 1971 3553 2106 3639; x_wconf 85' lang='lat' dir='ltr'><strong>studia,</strong></span> <span class='ocrx_word' id='word_1_368' title='bbox 2131 3570 2166 3626; x_wconf 87' lang='lat' dir='ltr'><strong>et</strong></span> <span class='ocrx_word' id='word_1_369' title='bbox 2180 3585 2340 3637; x_wconf 73' lang='lat' dir='ltr'><strong>exemere</strong></span> <span class='ocrx_word' id='word_1_370' title='bbox 2354 3593 2436 3642; x_wconf 88' lang='lat' dir='ltr'><strong>cum</strong></span> 
     </span>
    </p>
   </div>
   <div class='ocr_carea' id='block_1_9' title="bbox 413 3622 2435 3842">
    <p class='ocr_par' dir='ltr' id='par_1_13' title="bbox 413 3622 2435 3842">
     <span class='ocr_line' id='line_1_30' title="bbox 413 3622 2434 3749; baseline 0.012 -30"><span class='ocrx_word' id='word_1_371' title='bbox 413 3651 572 3740; x_wconf 91' lang='lat' dir='ltr'><strong>sanguis,</strong></span> <span class='ocrx_word' id='word_1_372' title='bbox 601 3661 661 3717; x_wconf 89' lang='lat' dir='ltr'><strong>aut</strong></span> <span class='ocrx_word' id='word_1_373' title='bbox 683 3649 774 3717; x_wconf 91' lang='lat' dir='ltr'><strong>alius</strong></span> <span class='ocrx_word' id='word_1_374' title='bbox 797 3641 927 3714; x_wconf 93' lang='lat' dir='ltr'><strong>humor</strong></span> <span class='ocrx_word' id='word_1_375' title='bbox 945 3659 1285 3734; x_wconf 13' lang='lat' dir='ltr'><strong>praetervnaturam,</strong></span> <span class='ocrx_word' id='word_1_376' title='bbox 1318 3669 1398 3714; x_wconf 91' lang='lat' dir='ltr'><strong>cum</strong></span> <span class='ocrx_word' id='word_1_377' title='bbox 1451 3622 1569 3727; x_wconf 50' lang='lat' dir='ltr'><strong>frena</strong></span> <span class='ocrx_word' id='word_1_378' title='bbox 1592 3645 1656 3712; x_wconf 87' lang='lat' dir='ltr'><strong>diu</strong></span> <span class='ocrx_word' id='word_1_379' title='bbox 1677 3647 1863 3734; x_wconf 87' lang='lat' dir='ltr'><strong>possimus.</strong></span> <span class='ocrx_word' id='word_1_380' title='bbox 1922 3646 1971 3720; x_wconf 91' lang='lat' dir='ltr'><strong>Ut</strong></span> <span class='ocrx_word' id='word_1_381' title='bbox 1988 3653 2084 3723; x_wconf 90' lang='lat' dir='ltr'><strong>enim</strong></span> <span class='ocrx_word' id='word_1_382' title='bbox 2108 3659 2267 3749; x_wconf 87' lang='lat' dir='ltr'><strong>apiculae</strong></span> <span class='ocrx_word' id='word_1_383' title='bbox 2293 3672 2434 3743; x_wconf 90' lang='lat' dir='ltr'><strong>evolare</strong></span> 
     </span>
     <span class='ocr_line' id='line_1_31' title="bbox 413 3745 2435 3842; baseline 0.002 -18"><span class='ocrx_word' id='word_1_384' title='bbox 413 3756 452 3824; x_wconf 92' lang='lat' dir='ltr'><strong>in</strong></span> <span class='ocrx_word' id='word_1_385' title='bbox 465 3776 568 3823; x_wconf 89' lang='lat' dir='ltr'><strong>usum</strong></span> <span class='ocrx_word' id='word_1_386' title='bbox 585 3773 687 3819; x_wconf 91' lang='lat' dir='ltr'><strong>suum</strong></span> <span class='ocrx_word' id='word_1_387' title='bbox 708 3747 903 3815; x_wconf 84' lang='lat' dir='ltr'><strong>emembro</strong></span> <span class='ocrx_word' id='word_1_388' title='bbox 919 3745 957 3811; x_wconf 93' lang='lat' dir='ltr'><strong>in</strong></span> <span class='ocrx_word' id='word_1_389' title='bbox 975 3745 1285 3838; x_wconf 86' lang='lat' dir='ltr'><strong>quod-decumbit,</strong></span> <span class='ocrx_word' id='word_1_390' title='bbox 1312 3768 1396 3813; x_wconf 90' lang='lat' dir='ltr'><strong>con-</strong></span> <span class='ocrx_word' id='word_1_391' title='bbox 1451 3757 1590 3834; x_wconf 88' lang='lat' dir='ltr'><strong>pastum</strong></span> <span class='ocrx_word' id='word_1_392' title='bbox 1604 3758 1638 3813; x_wconf 92' lang='lat' dir='ltr'><strong>et</strong></span> <span class='ocrx_word' id='word_1_393' title='bbox 1654 3748 1820 3834; x_wconf 88' lang='lat' dir='ltr'><strong>colligere</strong></span> <span class='ocrx_word' id='word_1_394' title='bbox 1834 3750 1926 3818; x_wconf 88' lang='lat' dir='ltr'><strong>roris</strong></span> <span class='ocrx_word' id='word_1_395' title='bbox 1946 3776 2108 3842; x_wconf 88' lang='lat' dir='ltr'><strong>succum,</strong></span> <span class='ocrx_word' id='word_1_396' title='bbox 2133 3783 2173 3830; x_wconf 90' lang='lat' dir='ltr'><strong>ac</strong></span> <span class='ocrx_word' id='word_1_397' title='bbox 2194 3765 2279 3837; x_wconf 79' lang='lat' dir='ltr'><strong>inde</strong></span> <span class='ocrx_word' id='word_1_398' title='bbox 2300 3773 2435 3842; x_wconf 59' lang='lat' dir='ltr'><strong>dulcis.</strong></span> 
     </span>
    </p>
   </div>
   <div class='ocr_carea' id='block_1_10' title="bbox 410 3845 2480 5775">
    <p class='ocr_par' dir='ltr' id='par_1_14' title="bbox 410 3845 2480 5142">
     <span class='ocr_line' id='line_1_32' title="bbox 415 3845 2434 3962; baseline 0.006 -42"><span class='ocrx_word' id='word_1_399' title='bbox 415 3856 502 3925; x_wconf 88' lang='lat' dir='ltr'><strong>verti</strong></span> <span class='ocrx_word' id='word_1_400' title='bbox 522 3864 691 3944; x_wconf 84' lang='lat' dir='ltr'><strong>nequeat,</strong></span> <span class='ocrx_word' id='word_1_401' title='bbox 713 3872 786 3917; x_wconf 90' lang='lat' dir='ltr'><strong>non</strong></span> <span class='ocrx_word' id='word_1_402' title='bbox 811 3846 1015 3916; x_wconf 89' lang='lat' dir='ltr'><strong>destituitur</strong></span> <span class='ocrx_word' id='word_1_403' title='bbox 1033 3860 1151 3915; x_wconf 92' lang='lat' dir='ltr'><strong>tamen</strong></span> <span class='ocrx_word' id='word_1_404' title='bbox 1172 3868 1318 3935; x_wconf 90' lang='lat' dir='ltr'><strong>prorsus</strong></span> <span class='ocrx_word' id='word_1_405' title='bbox 1341 3870 1399 3913; x_wconf 88' lang='lat' dir='ltr'><strong>re·</strong></span> <span class='ocrx_word' id='word_1_406' title='bbox 1440 3845 1579 3917; x_wconf 84' lang='lat' dir='ltr'><strong>,simum</strong></span> <span class='ocrx_word' id='word_1_407' title='bbox 1595 3848 1710 3916; x_wconf 86' lang='lat' dir='ltr'><strong>mellis</strong></span> <span class='ocrx_word' id='word_1_408' title='bbox 1725 3850 1899 3943; x_wconf 89' lang='lat' dir='ltr'><strong>liquorem</strong></span> <span class='ocrx_word' id='word_1_409' title='bbox 1914 3853 2044 3944; x_wconf 86' lang='lat' dir='ltr'><strong>stipare</strong></span> <span class='ocrx_word' id='word_1_410' title='bbox 2057 3881 2249 3953; x_wconf 87' lang='lat' dir='ltr'><strong>nequeunt,</strong></span> <span class='ocrx_word' id='word_1_411' title='bbox 2273 3876 2434 3962; x_wconf 70' lang='lat' dir='ltr'><strong>quandiu</strong></span> 
     </span>
     <span class='ocr_line' id='line_1_33' title="bbox 413 3944 2432 4054; baseline 0.011 -29"><span class='ocrx_word' id='word_1_412' title='bbox 413 3956 544 4047; x_wconf 90' lang='lat' dir='ltr'><strong>gimine</strong></span> <span class='ocrx_word' id='word_1_413' title='bbox 558 3967 714 4023; x_wconf 89' lang='lat' dir='ltr'><strong>naturae.</strong></span> <span class='ocrx_word' id='word_1_414' title='bbox 754 3949 837 4018; x_wconf 87' lang='lat' dir='ltr'><strong>ldco</strong></span> <span class='ocrx_word' id='word_1_415' title='bbox 857 3971 930 4015; x_wconf 90' lang='lat' dir='ltr'><strong>non</strong></span> <span class='ocrx_word' id='word_1_416' title='bbox 945 3947 1063 4015; x_wconf 86' lang='lat' dir='ltr'><strong>statim</strong></span> <span class='ocrx_word' id='word_1_417' title='bbox 1079 3947 1258 4037; x_wconf 89' lang='lat' dir='ltr'><strong>putrescit.</strong></span> <span class='ocrx_word' id='word_1_418' title='bbox 1293 3944 1398 4016; x_wconf 87' lang='lat' dir='ltr'><strong>Tunc</strong></span> <span class='ocrx_word' id='word_1_419' title='bbox 1450 3953 1511 4017; x_wconf 73' lang='lat' dir='ltr'><strong>acic</strong></span> <span class='ocrx_word' id='word_1_420' title='bbox 1527 3962 1711 4019; x_wconf 88' lang='lat' dir='ltr'><strong>ventorum</strong></span> <span class='ocrx_word' id='word_1_421' title='bbox 1734 3952 1900 4041; x_wconf 86' lang='lat' dir='ltr'><strong>procellis</strong></span> <span class='ocrx_word' id='word_1_422' title='bbox 1915 3967 1950 4025; x_wconf 91' lang='lat' dir='ltr'><strong>et</strong></span> <span class='ocrx_word' id='word_1_423' title='bbox 1974 3957 2148 4031; x_wconf 88' lang='lat' dir='ltr'><strong>imbribus</strong></span> <span class='ocrx_word' id='word_1_424' title='bbox 2164 3971 2344 4054; x_wconf 90' lang='lat' dir='ltr'><strong>turbatur,</strong></span> <span class='ocrx_word' id='word_1_425' title='bbox 2370 3982 2432 4048; x_wconf 89' lang='lat' dir='ltr'><strong>sed</strong></span> 
     </span>
     <span class='ocr_line' id='line_1_34' title="bbox 414 4042 2431 4164; baseline 0.007 -34"><span class='ocrx_word' id='word_1_426' title='bbox 414 4073 527 4130; x_wconf 89' lang='lat' dir='ltr'><strong>autem</strong></span> <span class='ocrx_word' id='word_1_427' title='bbox 543 4054 721 4146; x_wconf 88' lang='lat' dir='ltr'><strong>putrescit,</strong></span> <span class='ocrx_word' id='word_1_428' title='bbox 738 4075 817 4120; x_wconf 91' lang='lat' dir='ltr'><strong>cum</strong></span> <span class='ocrx_word' id='word_1_429' title='bbox 834 4062 867 4118; x_wconf 91' lang='lat' dir='ltr'><strong>et</strong></span> <span class='ocrx_word' id='word_1_430' title='bbox 884 4048 1046 4132; x_wconf 88' lang='lat' dir='ltr'><strong>membri,</strong></span> <span class='ocrx_word' id='word_1_431' title='bbox 1064 4061 1098 4118; x_wconf 88' lang='lat' dir='ltr'><strong>et</strong></span> <span class='ocrx_word' id='word_1_432' title='bbox 1113 4042 1273 4116; x_wconf 90' lang='lat' dir='ltr'><strong>humoris</strong></span> <span class='ocrx_word' id='word_1_433' title='bbox 1287 4047 1398 4136; x_wconf 85' lang='lat' dir='ltr'><strong>ipsius</strong></span> <span class='ocrx_word' id='word_1_434' title='bbox 1451 4048 1489 4117; x_wconf 90' lang='lat' dir='ltr'><strong>in</strong></span> <span class='ocrx_word' id='word_1_435' title='bbox 1510 4049 1656 4118; x_wconf 90' lang='lat' dir='ltr'><strong>alveolis</strong></span> <span class='ocrx_word' id='word_1_436' title='bbox 1678 4051 1751 4119; x_wconf 91' lang='lat' dir='ltr'><strong>suis</strong></span> <span class='ocrx_word' id='word_1_437' title='bbox 1775 4054 1960 4122; x_wconf 87' lang='lat' dir='ltr'><strong>conclusae</strong></span> <span class='ocrx_word' id='word_1_438' title='bbox 1979 4075 2150 4132; x_wconf 89' lang='lat' dir='ltr'><strong>moestum</strong></span> <span class='ocrx_word' id='word_1_439' title='bbox 2171 4070 2287 4140; x_wconf 92' lang='lat' dir='ltr'><strong>ocium</strong></span> <span class='ocrx_word' id='word_1_440' title='bbox 2308 4093 2431 4164; x_wconf 88' lang='lat' dir='ltr'><strong>agunt:</strong></span> 
     </span>
     <span class='ocr_line' id='line_1_35' title="bbox 414 4149 2434 4248; baseline 0.004 -17"><span class='ocrx_word' id='word_1_441' title='bbox 414 4162 510 4231; x_wconf 91' lang='lat' dir='ltr'><strong>calor</strong></span> <span class='ocrx_word' id='word_1_442' title='bbox 541 4158 683 4227; x_wconf 89' lang='lat' dir='ltr'><strong>nativus</strong></span> <span class='ocrx_word' id='word_1_443' title='bbox 715 4153 903 4230; x_wconf 87' lang='lat' dir='ltr'><strong>influente,</strong></span> <span class='ocrx_word' id='word_1_444' title='bbox 937 4152 1094 4219; x_wconf 88' lang='lat' dir='ltr'><strong>desertus</strong></span> <span class='ocrx_word' id='word_1_445' title='bbox 1126 4149 1263 4232; x_wconf 84' lang='lat' dir='ltr'><strong>deficit,</strong></span> <span class='ocrx_word' id='word_1_446' title='bbox 1294 4162 1335 4217; x_wconf 92' lang='lat' dir='ltr'><strong>ut</strong></span> <span class='ocrx_word' id='word_1_447' title='bbox 1360 4149 1398 4216; x_wconf 93' lang='lat' dir='ltr'><strong>in</strong></span> <span class='ocrx_word' id='word_1_448' title='bbox 1450 4149 1498 4218; x_wconf 91' lang='lat' dir='ltr'><strong>ita</strong></span> <span class='ocrx_word' id='word_1_449' title='bbox 1522 4151 1551 4216; x_wconf 87' lang='lat' dir='ltr'><strong>si</strong></span> <span class='ocrx_word' id='word_1_450' title='bbox 1584 4150 1758 4218; x_wconf 87' lang='lat' dir='ltr'><strong>turnultus</strong></span> <span class='ocrx_word' id='word_1_451' title='bbox 1781 4164 1815 4221; x_wconf 89' lang='lat' dir='ltr'><strong>et</strong></span> <span class='ocrx_word' id='word_1_452' title='bbox 1835 4153 1928 4221; x_wconf 91' lang='lat' dir='ltr'><strong>bella</strong></span> <span class='ocrx_word' id='word_1_453' title='bbox 1949 4159 2114 4246; x_wconf 81' lang='lat' dir='ltr'><strong>existant,</strong></span> <span class='ocrx_word' id='word_1_454' title='bbox 2155 4172 2269 4242; x_wconf 75' lang='lat' dir='ltr'><strong>studia</strong></span> <span class='ocrx_word' id='word_1_455' title='bbox 2293 4177 2434 4248; x_wconf 74' lang='lat' dir='ltr'><strong>discen.</strong></span> 
     </span>
     <span class='ocr_line' id='line_1_36' title="bbox 414 4246 2432 4368; baseline 0.009 -38"><span class='ocrx_word' id='word_1_456' title='bbox 414 4259 638 4353; x_wconf 86' lang='lat' dir='ltr'><strong>gangraenis,</strong></span> <span class='ocrx_word' id='word_1_457' title='bbox 679 4252 931 4347; x_wconf 88' lang='lat' dir='ltr'><strong>phagedaenis,</strong></span> <span class='ocrx_word' id='word_1_458' title='bbox 969 4246 1193 4341; x_wconf 88' lang='lat' dir='ltr'><strong>herpetibus,</strong></span> <span class='ocrx_word' id='word_1_459' title='bbox 1226 4249 1342 4318; x_wconf 90' lang='lat' dir='ltr'><strong>nomis</strong></span> <span class='ocrx_word' id='word_1_460' title='bbox 1365 4262 1399 4319; x_wconf 90' lang='lat' dir='ltr'><strong>et</strong></span> <span class='ocrx_word' id='word_1_461' title='bbox 1450 4249 1539 4317; x_wconf 92' lang='lat' dir='ltr'><strong>tium</strong></span> <span class='ocrx_word' id='word_1_462' title='bbox 1554 4249 1720 4338; x_wconf 91' lang='lat' dir='ltr'><strong>impediri</strong></span> <span class='ocrx_word' id='word_1_463' title='bbox 1741 4272 1880 4320; x_wconf 89' lang='lat' dir='ltr'><strong>necesse</strong></span> <span class='ocrx_word' id='word_1_464' title='bbox 1901 4268 1963 4328; x_wconf 86' lang='lat' dir='ltr'><strong>est.</strong></span> <span class='ocrx_word' id='word_1_465' title='bbox 2014 4257 2158 4335; x_wconf 85' lang='lat' dir='ltr'><strong>Auditis</strong></span> <span class='ocrx_word' id='word_1_466' title='bbox 2175 4282 2291 4343; x_wconf 82' lang='lat' dir='ltr'><strong>autem</strong></span> <span class='ocrx_word' id='word_1_467' title='bbox 2312 4281 2432 4368; x_wconf 90' lang='lat' dir='ltr'><strong>quoti·</strong></span> 
     </span>
     <span class='ocr_line' id='line_1_37' title="bbox 414 4349 2431 4472; baseline 0.005 -39"><span class='ocrx_word' id='word_1_468' title='bbox 414 4363 720 4451; x_wconf 86' lang='lat' dir='ltr'><strong>cancrisapparet.</strong></span> <span class='ocrx_word' id='word_1_469' title='bbox 771 4354 855 4425; x_wconf 90' lang='lat' dir='ltr'><strong>Non</strong></span> <span class='ocrx_word' id='word_1_470' title='bbox 872 4355 1038 4444; x_wconf 89' lang='lat' dir='ltr'><strong>putrescit</strong></span> <span class='ocrx_word' id='word_1_471' title='bbox 1054 4354 1083 4421; x_wconf 93' lang='lat' dir='ltr'><strong>si</strong></span> <span class='ocrx_word' id='word_1_472' title='bbox 1101 4351 1318 4422; x_wconf 87' lang='lat' dir='ltr'><strong>substantiae</strong></span> <span class='ocrx_word' id='word_1_473' title='bbox 1340 4375 1398 4418; x_wconf 90' lang='lat' dir='ltr'><strong>ca·</strong></span> <span class='ocrx_word' id='word_1_474' title='bbox 1451 4350 1509 4419; x_wconf 90' lang='lat' dir='ltr'><strong>die</strong></span> <span class='ocrx_word' id='word_1_475' title='bbox 1541 4349 1618 4440; x_wconf 87' lang='lat' dir='ltr'><strong>pias</strong></span> <span class='ocrx_word' id='word_1_476' title='bbox 1647 4353 2000 4426; x_wconf 83' lang='lat' dir='ltr'><strong>comnronefactiones</strong></span> <span class='ocrx_word' id='word_1_477' title='bbox 2032 4359 2319 4460; x_wconf 86' lang='lat' dir='ltr'><strong>Praeceptorum,</strong></span> <span class='ocrx_word' id='word_1_478' title='bbox 2368 4383 2431 4472; x_wconf 87' lang='lat' dir='ltr'><strong>qui</strong></span> 
     </span>
     <span class='ocr_line' id='line_1_38' title="bbox 414 4450 2431 4569; baseline 0.008 -34"><span class='ocrx_word' id='word_1_479' title='bbox 414 4467 500 4535; x_wconf 88' lang='lat' dir='ltr'><strong>loris</strong></span> <span class='ocrx_word' id='word_1_480' title='bbox 517 4463 627 4533; x_wconf 91' lang='lat' dir='ltr'><strong>nativi</strong></span> <span class='ocrx_word' id='word_1_481' title='bbox 644 4455 738 4530; x_wconf 88' lang='lat' dir='ltr'><strong>nihil</strong></span> <span class='ocrx_word' id='word_1_482' title='bbox 755 4458 918 4539; x_wconf 88' lang='lat' dir='ltr'><strong>decedat,</strong></span> <span class='ocrx_word' id='word_1_483' title='bbox 943 4455 1008 4526; x_wconf 83' lang='lat' dir='ltr'><strong>etsi</strong></span> <span class='ocrx_word' id='word_1_484' title='bbox 1022 4455 1173 4547; x_wconf 87' lang='lat' dir='ltr'><strong>qualitas</strong></span> <span class='ocrx_word' id='word_1_485' title='bbox 1189 4451 1398 4532; x_wconf 87' lang='lat' dir='ltr'><strong>intenditur,</strong></span> <span class='ocrx_word' id='word_1_486' title='bbox 1450 4451 1565 4520; x_wconf 89' lang='lat' dir='ltr'><strong>multo</strong></span> <span class='ocrx_word' id='word_1_487' title='bbox 1584 4450 1653 4519; x_wconf 93' lang='lat' dir='ltr'><strong>iam</strong></span> <span class='ocrx_word' id='word_1_488' title='bbox 1668 4475 1786 4520; x_wconf 91' lang='lat' dir='ltr'><strong>rerum</strong></span> <span class='ocrx_word' id='word_1_489' title='bbox 1802 4478 1868 4525; x_wconf 92' lang='lat' dir='ltr'><strong>usu</strong></span> <span class='ocrx_word' id='word_1_490' title='bbox 1882 4459 2019 4540; x_wconf 90' lang='lat' dir='ltr'><strong>edocti,</strong></span> <span class='ocrx_word' id='word_1_491' title='bbox 2045 4462 2185 4554; x_wconf 89' lang='lat' dir='ltr'><strong>lougius</strong></span> <span class='ocrx_word' id='word_1_492' title='bbox 2198 4476 2431 4569; x_wconf 91' lang='lat' dir='ltr'><strong>prospiciunt,</strong></span> 
     </span>
     <span class='ocr_line' id='line_1_39' title="bbox 411 4553 2430 4657; baseline 0.007 -20"><span class='ocrx_word' id='word_1_493' title='bbox 411 4581 453 4638; x_wconf 89' lang='lat' dir='ltr'><strong>ut</strong></span> <span class='ocrx_word' id='word_1_494' title='bbox 466 4568 506 4634; x_wconf 93' lang='lat' dir='ltr'><strong>in</strong></span> <span class='ocrx_word' id='word_1_495' title='bbox 522 4564 619 4657; x_wconf 88' lang='lat' dir='ltr'><strong>puris</strong></span> <span class='ocrx_word' id='word_1_496' title='bbox 632 4562 877 4653; x_wconf 90' lang='lat' dir='ltr'><strong>generatione,</strong></span> <span class='ocrx_word' id='word_1_497' title='bbox 903 4558 941 4625; x_wconf 92' lang='lat' dir='ltr'><strong>in</strong></span> <span class='ocrx_word' id='word_1_498' title='bbox 958 4580 1025 4648; x_wconf 88' lang='lat' dir='ltr'><strong>qua</strong></span> <span class='ocrx_word' id='word_1_499' title='bbox 1038 4557 1134 4624; x_wconf 91' lang='lat' dir='ltr'><strong>calor</strong></span> <span class='ocrx_word' id='word_1_500' title='bbox 1148 4554 1277 4646; x_wconf 89' lang='lat' dir='ltr'><strong>partim</strong></span> <span class='ocrx_word' id='word_1_501' title='bbox 1293 4566 1400 4623; x_wconf 88' lang='lat' dir='ltr'><strong>natu-</strong></span> <span class='ocrx_word' id='word_1_502' title='bbox 1451 4566 1540 4622; x_wconf 81' lang='lat' dir='ltr'><strong>etex</strong></span> <span class='ocrx_word' id='word_1_503' title='bbox 1557 4553 1680 4621; x_wconf 89' lang='lat' dir='ltr'><strong>multis</strong></span> <span class='ocrx_word' id='word_1_504' title='bbox 1694 4555 1904 4625; x_wconf 86' lang='lat' dir='ltr'><strong>coniecturis</strong></span> <span class='ocrx_word' id='word_1_505' title='bbox 1921 4584 1994 4628; x_wconf 90' lang='lat' dir='ltr'><strong>noa</strong></span> <span class='ocrx_word' id='word_1_506' title='bbox 2015 4563 2222 4640; x_wconf 88' lang='lat' dir='ltr'><strong>fallentibus</strong></span> <span class='ocrx_word' id='word_1_507' title='bbox 2238 4581 2430 4655; x_wconf 88' lang='lat' dir='ltr'><strong>ostendunt</strong></span> 
     </span>
     <span class='ocr_line' id='line_1_40' title="bbox 410 4655 2429 4771; baseline 0.003 -33"><span class='ocrx_word' id='word_1_508' title='bbox 410 4669 498 4739; x_wconf 87' lang='lat' dir='ltr'><strong>ralis</strong></span> <span class='ocrx_word' id='word_1_509' title='bbox 515 4682 566 4736; x_wconf 90' lang='lat' dir='ltr'><strong>est</strong></span> <span class='ocrx_word' id='word_1_510' title='bbox 581 4689 652 4758; x_wconf 93' lang='lat' dir='ltr'><strong>quo</strong></span> <span class='ocrx_word' id='word_1_511' title='bbox 670 4666 712 4734; x_wconf 90' lang='lat' dir='ltr'><strong>ad</strong></span> <span class='ocrx_word' id='word_1_512' title='bbox 735 4659 987 4738; x_wconf 85' lang='lat' dir='ltr'><strong>substantiam,</strong></span> <span class='ocrx_word' id='word_1_513' title='bbox 1013 4657 1140 4745; x_wconf 88' lang='lat' dir='ltr'><strong>partim</strong></span> <span class='ocrx_word' id='word_1_514' title='bbox 1166 4655 1303 4724; x_wconf 84' lang='lat' dir='ltr'><strong>alienus</strong></span> <span class='ocrx_word' id='word_1_515' title='bbox 1327 4679 1397 4746; x_wconf 94' lang='lat' dir='ltr'><strong>quo</strong></span> <span class='ocrx_word' id='word_1_516' title='bbox 1449 4679 1486 4724; x_wconf 91' lang='lat' dir='ltr'><strong>se</strong></span> <span class='ocrx_word' id='word_1_517' title='bbox 1509 4667 1664 4723; x_wconf 90' lang='lat' dir='ltr'><strong>metuere</strong></span> <span class='ocrx_word' id='word_1_518' title='bbox 1687 4678 1832 4745; x_wconf 87' lang='lat' dir='ltr'><strong>magnos</strong></span> <span class='ocrx_word' id='word_1_519' title='bbox 1855 4658 1894 4726; x_wconf 92' lang='lat' dir='ltr'><strong>in</strong></span> <span class='ocrx_word' id='word_1_520' title='bbox 1911 4657 2103 4736; x_wconf 88' lang='lat' dir='ltr'><strong>Germania</strong></span> <span class='ocrx_word' id='word_1_521' title='bbox 2124 4685 2258 4760; x_wconf 89' lang='lat' dir='ltr'><strong>motus,</strong></span> <span class='ocrx_word' id='word_1_522' title='bbox 2285 4703 2373 4771; x_wconf 76' lang='lat' dir='ltr'><strong>quos</strong></span> <span class='ocrx_word' id='word_1_523' title='bbox 2389 4699 2429 4757; x_wconf 77' lang='lat' dir='ltr'><strong>ut</strong></span> 
     </span>
     <span class='ocr_line' id='line_1_41' title="bbox 412 4751 2428 4856; baseline 0.005 -16"><span class='ocrx_word' id='word_1_524' title='bbox 412 4772 458 4840; x_wconf 92' lang='lat' dir='ltr'><strong>ad</strong></span> <span class='ocrx_word' id='word_1_525' title='bbox 475 4783 594 4839; x_wconf 78' lang='lat' dir='ltr'><strong>aeratos</strong></span> <span class='ocrx_word' id='word_1_526' title='bbox 619 4767 747 4856; x_wconf 90' lang='lat' dir='ltr'><strong>gradus</strong></span> <span class='ocrx_word' id='word_1_527' title='bbox 768 4759 959 4856; x_wconf 86' lang='lat' dir='ltr'><strong>qualitatis.</strong></span> <span class='ocrx_word' id='word_1_528' title='bbox 1011 4756 1148 4827; x_wconf 72' lang='lat' dir='ltr'><strong>ldcino</strong></span> <span class='ocrx_word' id='word_1_529' title='bbox 1171 4757 1270 4848; x_wconf 91' lang='lat' dir='ltr'><strong>puris</strong></span> <span class='ocrx_word' id='word_1_530' title='bbox 1293 4779 1397 4845; x_wconf 90' lang='lat' dir='ltr'><strong>gene·</strong></span> <span class='ocrx_word' id='word_1_531' title='bbox 1449 4768 1585 4826; x_wconf 89' lang='lat' dir='ltr'><strong>avertat</strong></span> <span class='ocrx_word' id='word_1_532' title='bbox 1600 4751 1714 4842; x_wconf 90' lang='lat' dir='ltr'><strong>Deus,</strong></span> <span class='ocrx_word' id='word_1_533' title='bbox 1734 4771 1795 4830; x_wconf 90' lang='lat' dir='ltr'><strong>aut</strong></span> <span class='ocrx_word' id='word_1_534' title='bbox 1819 4759 1941 4830; x_wconf 86' lang='lat' dir='ltr'><strong>saltem</strong></span> <span class='ocrx_word' id='word_1_535' title='bbox 1963 4763 2004 4845; x_wconf 24' lang='lat' dir='ltr'><strong>,in</strong></span> <span class='ocrx_word' id='word_1_536' title='bbox 2024 4765 2096 4836; x_wconf 85' lang='lat' dir='ltr'><strong>illis</strong></span> <span class='ocrx_word' id='word_1_537' title='bbox 2111 4765 2303 4847; x_wconf 82' lang='lat' dir='ltr'><strong>Ecclesiam</strong></span> <span class='ocrx_word' id='word_1_538' title='bbox 2323 4796 2356 4852; x_wconf 91' lang='lat' dir='ltr'><strong>et</strong></span> <span class='ocrx_word' id='word_1_539' title='bbox 2372 4787 2428 4854; x_wconf 89' lang='lat' dir='ltr'><strong>di-</strong></span> 
     </span>
     <span class='ocr_line' id='line_1_42' title="bbox 414 4857 2428 4976; baseline 0.003 -38"><span class='ocrx_word' id='word_1_540' title='bbox 414 4870 507 4938; x_wconf 84' lang='lat' dir='ltr'><strong>ratio</strong></span> <span class='ocrx_word' id='word_1_541' title='bbox 520 4870 679 4938; x_wconf 88' lang='lat' dir='ltr'><strong>alteratio</strong></span> <span class='ocrx_word' id='word_1_542' title='bbox 694 4881 745 4937; x_wconf 90' lang='lat' dir='ltr'><strong>est</strong></span> <span class='ocrx_word' id='word_1_543' title='bbox 761 4862 921 4935; x_wconf 90' lang='lat' dir='ltr'><strong>humoris</strong></span> <span class='ocrx_word' id='word_1_544' title='bbox 933 4860 1035 4929; x_wconf 87' lang='lat' dir='ltr'><strong>effusi</strong></span> <span class='ocrx_word' id='word_1_545' title='bbox 1048 4883 1090 4927; x_wconf 82' lang='lat' dir='ltr'><strong>ex</strong></span> <span class='ocrx_word' id='word_1_546' title='bbox 1105 4858 1195 4928; x_wconf 85' lang='lat' dir='ltr'><strong>vasis</strong></span> <span class='ocrx_word' id='word_1_547' title='bbox 1210 4859 1397 4928; x_wconf 88' lang='lat' dir='ltr'><strong>coniuncta</strong></span> <span class='ocrx_word' id='word_1_548' title='bbox 1449 4857 1622 4928; x_wconf 88' lang='lat' dir='ltr'><strong>scentiam</strong></span> <span class='ocrx_word' id='word_1_549' title='bbox 1638 4870 1756 4927; x_wconf 91' lang='lat' dir='ltr'><strong>coetus</strong></span> <span class='ocrx_word' id='word_1_550' title='bbox 1771 4872 1928 4947; x_wconf 91' lang='lat' dir='ltr'><strong>tueatur,</strong></span> <span class='ocrx_word' id='word_1_551' title='bbox 1952 4865 2091 4938; x_wconf 86' lang='lat' dir='ltr'><strong>assidue</strong></span> <span class='ocrx_word' id='word_1_552' title='bbox 2106 4874 2259 4948; x_wconf 92' lang='lat' dir='ltr'><strong>orabunt</strong></span> <span class='ocrx_word' id='word_1_553' title='bbox 2275 4879 2319 4965; x_wconf 90' lang='lat' dir='ltr'><strong>ii,</strong></span> <span class='ocrx_word' id='word_1_554' title='bbox 2347 4888 2428 4976; x_wconf 80' lang='lat' dir='ltr'><strong>qui.</strong></span> 
     </span>
     <span class='ocr_line' id='line_1_43' title="bbox 414 4955 2480 5058; baseline 0.005 -20"><span class='ocrx_word' id='word_1_555' title='bbox 414 4991 500 5040; x_wconf 92' lang='lat' dir='ltr'><strong>cum</strong></span> <span class='ocrx_word' id='word_1_556' title='bbox 517 4972 665 5058; x_wconf 83' lang='lat' dir='ltr'><strong>quadam</strong></span> <span class='ocrx_word' id='word_1_557' title='bbox 688 4969 856 5038; x_wconf 87' lang='lat' dir='ltr'><strong>coctione.</strong></span> <span class='ocrx_word' id='word_1_558' title='bbox 907 4959 1042 5053; x_wconf 88' lang='lat' dir='ltr'><strong>Estque</strong></span> <span class='ocrx_word' id='word_1_559' title='bbox 1059 4975 1265 5051; x_wconf 88' lang='lat' dir='ltr'><strong>exutroque</strong></span> <span class='ocrx_word' id='word_1_560' title='bbox 1281 4960 1397 5029; x_wconf 90' lang='lat' dir='ltr'><strong>calore</strong></span> <span class='ocrx_word' id='word_1_561' title='bbox 1448 4961 1516 5029; x_wconf 91' lang='lat' dir='ltr'><strong>bus</strong></span> <span class='ocrx_word' id='word_1_562' title='bbox 1537 4971 1571 5027; x_wconf 94' lang='lat' dir='ltr'><strong>et</strong></span> <span class='ocrx_word' id='word_1_563' title='bbox 1594 4980 1656 5027; x_wconf 91' lang='lat' dir='ltr'><strong>sua</strong></span> <span class='ocrx_word' id='word_1_564' title='bbox 1681 4973 1717 5029; x_wconf 91' lang='lat' dir='ltr'><strong>et</strong></span> <span class='ocrx_word' id='word_1_565' title='bbox 1737 4955 1916 5031; x_wconf 81' lang='lat' dir='ltr'><strong>Ecclesiae</strong></span> <span class='ocrx_word' id='word_1_566' title='bbox 1938 4966 2033 5037; x_wconf 90' lang='lat' dir='ltr'><strong>salus</strong></span> <span class='ocrx_word' id='word_1_567' title='bbox 2053 4992 2094 5041; x_wconf 87' lang='lat' dir='ltr'><strong>ac</strong></span> <span class='ocrx_word' id='word_1_568' title='bbox 2115 4973 2339 5052; x_wconf 89' lang='lat' dir='ltr'><strong>incolumitas</strong></span> <span class='ocrx_word' id='word_1_569' title='bbox 2366 5010 2429 5057; x_wconf 89' lang='lat' dir='ltr'><strong>cu·</strong></span> <span class='ocrx_word' id='word_1_570' title='bbox 2477 5042 2480 5049; x_wconf 91' lang='lat'><strong>.</strong></span> 
     </span>
     <span class='ocr_line' id='line_1_44' title="bbox 412 5060 1586 5142; baseline -0.009 0"><span class='ocrx_word' id='word_1_571' title='bbox 412 5067 571 5142; x_wconf 87' lang='lat' dir='ltr'><strong>naturali</strong></span> <span class='ocrx_word' id='word_1_572' title='bbox 602 5081 636 5135; x_wconf 91' lang='lat' dir='ltr'><strong>et</strong></span> <span class='ocrx_word' id='word_1_573' title='bbox 663 5070 776 5138; x_wconf 90' lang='lat' dir='ltr'><strong>alieno</strong></span> <span class='ocrx_word' id='word_1_574' title='bbox 808 5065 936 5136; x_wconf 80' lang='lat' dir='ltr'><strong>mixtus</strong></span> <span class='ocrx_word' id='word_1_575' title='bbox 967 5063 1065 5132; x_wconf 90' lang='lat' dir='ltr'><strong>calor</strong></span> <span class='ocrx_word' id='word_1_576' title='bbox 1093 5060 1396 5132; x_wconf 86' lang='lat' dir='ltr'><strong>inflammationis.</strong></span> <span class='ocrx_word' id='word_1_577' title='bbox 1447 5072 1586 5131; x_wconf 84' lang='lat' dir='ltr'><strong>raeest.</strong></span> 
     </span>
    </p>

    <p class='ocr_par' dir='ltr' id='par_1_15' title="bbox 412 5157 2427 5370">
     <span class='ocr_line' id='line_1_45' title="bbox 412 5157 2427 5267; baseline 0.006 -29"><span class='ocrx_word' id='word_1_578' title='bbox 412 5171 694 5258; x_wconf 89' lang='lat' dir='ltr'><strong>Coniunguntur</strong></span> <span class='ocrx_word' id='word_1_579' title='bbox 729 5183 843 5239; x_wconf 89' lang='lat' dir='ltr'><strong>autem</strong></span> <span class='ocrx_word' id='word_1_580' title='bbox 879 5165 1093 5236; x_wconf 90' lang='lat' dir='ltr'><strong>confectioni</strong></span> <span class='ocrx_word' id='word_1_581' title='bbox 1125 5162 1224 5255; x_wconf 86' lang='lat' dir='ltr'><strong>puris</strong></span> <span class='ocrx_word' id='word_1_582' title='bbox 1257 5160 1397 5231; x_wconf 91' lang='lat' dir='ltr'><strong>dolores</strong></span> <span class='ocrx_word' id='word_1_583' title='bbox 1550 5158 1647 5227; x_wconf 91' lang='lat' dir='ltr'><strong>Haec</strong></span> <span class='ocrx_word' id='word_1_584' title='bbox 1673 5157 1778 5229; x_wconf 91' lang='lat' dir='ltr'><strong>initio</strong></span> <span class='ocrx_word' id='word_1_585' title='bbox 1798 5160 1952 5236; x_wconf 89' lang='lat' dir='ltr'><strong>breviter</strong></span> <span class='ocrx_word' id='word_1_586' title='bbox 1968 5173 2120 5259; x_wconf 84' lang='lat' dir='ltr'><strong>praefari</strong></span> <span class='ocrx_word' id='word_1_587' title='bbox 2143 5178 2260 5267; x_wconf 90' lang='lat' dir='ltr'><strong>volui,</strong></span> <span class='ocrx_word' id='word_1_588' title='bbox 2293 5200 2333 5259; x_wconf 83' lang='lat' dir='ltr'><strong>ut</strong></span> <span class='ocrx_word' id='word_1_589' title='bbox 2358 5215 2427 5262; x_wconf 93' lang='lat' dir='ltr'><strong>nos</strong></span> 
     </span>
     <span class='ocr_line' id='line_1_46' title="bbox 414 5260 2184 5370; baseline 0.002 -28"><span class='ocrx_word' id='word_1_590' title='bbox 414 5275 559 5370; x_wconf 88' lang='lat' dir='ltr'><strong>quidem</strong></span> <span class='ocrx_word' id='word_1_591' title='bbox 582 5278 720 5340; x_wconf 90' lang='lat' dir='ltr'><strong>extenta</strong></span> <span class='ocrx_word' id='word_1_592' title='bbox 744 5270 901 5345; x_wconf 91' lang='lat' dir='ltr'><strong>simulet</strong></span> <span class='ocrx_word' id='word_1_593' title='bbox 920 5267 1106 5350; x_wconf 89' lang='lat' dir='ltr'><strong>calefacta,</strong></span> <span class='ocrx_word' id='word_1_594' title='bbox 1140 5276 1230 5357; x_wconf 82' lang='lat' dir='ltr'><strong>quae</strong></span> <span class='ocrx_word' id='word_1_595' title='bbox 1254 5263 1397 5333; x_wconf 86' lang='lat' dir='ltr'><strong>inflam—</strong></span> <span class='ocrx_word' id='word_1_596' title='bbox 1447 5283 1571 5333; x_wconf 85' lang='lat' dir='ltr'><strong>omnes</strong></span> <span class='ocrx_word' id='word_1_597' title='bbox 1587 5260 1700 5330; x_wconf 86' lang='lat' dir='ltr'><strong>nostri</strong></span> <span class='ocrx_word' id='word_1_598' title='bbox 1716 5260 1824 5331; x_wconf 88' lang='lat' dir='ltr'><strong>oflicii</strong></span> <span class='ocrx_word' id='word_1_599' title='bbox 1839 5271 2184 5353; x_wconf 86' lang='lat' dir='ltr'><strong>commonefacerem.</strong></span> 
     </span>
    </p>

    <p class='ocr_par' dir='ltr' id='par_1_16' title="bbox 413 5360 2429 5775">
     <span class='ocr_line' id='line_1_47' title="bbox 413 5360 2428 5473; baseline 0.003 -26"><span class='ocrx_word' id='word_1_600' title='bbox 413 5388 532 5447; x_wconf 86' lang='lat' dir='ltr'><strong>matur</strong></span> <span class='ocrx_word' id='word_1_601' title='bbox 553 5384 665 5464; x_wconf 88' lang='lat' dir='ltr'><strong>parte.</strong></span> <span class='ocrx_word' id='word_1_602' title='bbox 724 5368 854 5441; x_wconf 80' lang='lat' dir='ltr'><strong>Febres</strong></span> <span class='ocrx_word' id='word_1_603' title='bbox 873 5369 978 5439; x_wconf 86' lang='lat' dir='ltr'><strong>corde</strong></span> <span class='ocrx_word' id='word_1_604' title='bbox 999 5367 1177 5438; x_wconf 86' lang='lat' dir='ltr'><strong>calefacto.</strong></span> <span class='ocrx_word' id='word_1_605' title='bbox 1233 5361 1331 5434; x_wconf 87' lang='lat' dir='ltr'><strong>Haec</strong></span> <span class='ocrx_word' id='word_1_606' title='bbox 1352 5366 1397 5433; x_wconf 96' lang='lat' dir='ltr'><strong>de</strong></span> <span class='ocrx_word' id='word_1_607' title='bbox 1550 5360 1670 5432; x_wconf 85' lang='lat' dir='ltr'><strong>lassus</strong></span> <span class='ocrx_word' id='word_1_608' title='bbox 1693 5385 1771 5433; x_wconf 92' lang='lat' dir='ltr'><strong>sum</strong></span> <span class='ocrx_word' id='word_1_609' title='bbox 1795 5377 1913 5435; x_wconf 86' lang='lat' dir='ltr'><strong>autem</strong></span> <span class='ocrx_word' id='word_1_610' title='bbox 1938 5394 1979 5440; x_wconf 81' lang='lat' dir='ltr'><strong>ea</strong></span> <span class='ocrx_word' id='word_1_611' title='bbox 2000 5373 2144 5464; x_wconf 89' lang='lat' dir='ltr'><strong>triginta</strong></span> <span class='ocrx_word' id='word_1_612' title='bbox 2167 5395 2299 5473; x_wconf 88' lang='lat' dir='ltr'><strong>septem</strong></span> <span class='ocrx_word' id='word_1_613' title='bbox 2326 5390 2428 5459; x_wconf 79' lang='lat' dir='ltr'><strong>libris</strong></span> 
     </span>
     <span class='ocr_line' id='line_1_48' title="bbox 414 5461 2427 5571; baseline 0.005 -24"><span class='ocrx_word' id='word_1_614' title='bbox 414 5474 586 5548; x_wconf 85' lang='lat' dir='ltr'><strong>sententia</strong></span> <span class='ocrx_word' id='word_1_615' title='bbox 609 5470 718 5544; x_wconf 92' lang='lat' dir='ltr'><strong>huius</strong></span> <span class='ocrx_word' id='word_1_616' title='bbox 734 5464 960 5562; x_wconf 87' lang='lat' dir='ltr'><strong>Aphorismi,</strong></span> <span class='ocrx_word' id='word_1_617' title='bbox 983 5483 1025 5540; x_wconf 92' lang='lat' dir='ltr'><strong>ut</strong></span> <span class='ocrx_word' id='word_1_618' title='bbox 1041 5464 1180 5539; x_wconf 88' lang='lat' dir='ltr'><strong>scholae</strong></span> <span class='ocrx_word' id='word_1_619' title='bbox 1203 5467 1339 5556; x_wconf 90' lang='lat' dir='ltr'><strong>legibus</strong></span> <span class='ocrx_word' id='word_1_620' title='bbox 1362 5479 1397 5537; x_wconf 91' lang='lat' dir='ltr'><strong>et</strong></span> <span class='ocrx_word' id='word_1_621' title='bbox 1448 5461 1561 5534; x_wconf 83' lang='lat' dir='ltr'><strong>Plinii</strong></span> <span class='ocrx_word' id='word_1_622' title='bbox 1597 5466 1791 5534; x_wconf 81' lang='lat' dir='ltr'><strong>secundum</strong></span> <span class='ocrx_word' id='word_1_623' title='bbox 1822 5469 2015 5560; x_wconf 85' lang='lat' dir='ltr'><strong>explicare,</strong></span> <span class='ocrx_word' id='word_1_624' title='bbox 2055 5501 2179 5571; x_wconf 90' lang='lat' dir='ltr'><strong>quem,</strong></span> <span class='ocrx_word' id='word_1_625' title='bbox 2221 5488 2285 5555; x_wconf 92' lang='lat' dir='ltr'><strong>etsi</strong></span> <span class='ocrx_word' id='word_1_626' title='bbox 2312 5491 2427 5558; x_wconf 89' lang='lat' dir='ltr'><strong>sciunt</strong></span> 
     </span>
     <span class='ocr_line' id='line_1_49' title="bbox 413 5562 2426 5669; baseline -0.002 -20"><span class='ocrx_word' id='word_1_627' title='bbox 413 5578 597 5650; x_wconf 86' lang='lat' dir='ltr'><strong>autoritati</strong></span> <span class='ocrx_word' id='word_1_628' title='bbox 616 5588 882 5669; x_wconf 88' lang='lat' dir='ltr'><strong>praeceptorum</strong></span> <span class='ocrx_word' id='word_1_629' title='bbox 903 5592 1078 5659; x_wconf 87' lang='lat' dir='ltr'><strong>parerem,</strong></span> <span class='ocrx_word' id='word_1_630' title='bbox 1104 5571 1274 5641; x_wconf 87' lang='lat' dir='ltr'><strong>disserere</strong></span> <span class='ocrx_word' id='word_1_631' title='bbox 1289 5567 1399 5646; x_wconf 87' lang='lat' dir='ltr'><strong>volui,</strong></span> <span class='ocrx_word' id='word_1_632' title='bbox 1450 5562 1697 5656; x_wconf 78' lang='lat' dir='ltr'><strong>praeceptores</strong></span> <span class='ocrx_word' id='word_1_633' title='bbox 1736 5569 1848 5638; x_wconf 88' lang='lat' dir='ltr'><strong>nostri</strong></span> <span class='ocrx_word' id='word_1_634' title='bbox 1881 5575 2020 5646; x_wconf 85' lang='lat' dir='ltr'><strong>erudito</strong></span> <span class='ocrx_word' id='word_1_635' title='bbox 2055 5587 2306 5653; x_wconf 69' lang='lat' dir='ltr'><strong>commentario</strong></span> <span class='ocrx_word' id='word_1_636' title='bbox 2340 5590 2426 5658; x_wconf 65' lang='lat' dir='ltr'><strong>adeo</strong></span> 
     </span>
     <span class='ocr_line' id='line_1_50' title="bbox 415 5667 2429 5775; baseline 0.01 -39"><span class='ocrx_word' id='word_1_637' title='bbox 415 5692 564 5775; x_wconf 57' lang='lat' dir='ltr'><strong>quaem</strong></span> <span class='ocrx_word' id='word_1_638' title='bbox 591 5679 741 5749; x_wconf 68' lang='lat' dir='ltr'><strong>candide</strong></span> <span class='ocrx_word' id='word_1_639' title='bbox 763 5676 1042 5764; x_wconf 87' lang='lat' dir='ltr'><strong>interpretentur</strong></span> <span class='ocrx_word' id='word_1_640' title='bbox 1062 5672 1261 5757; x_wconf 85' lang='lat' dir='ltr'><strong>auditores,</strong></span> <span class='ocrx_word' id='word_1_641' title='bbox 1298 5693 1401 5740; x_wconf 82' lang='lat' dir='ltr'><strong>reve·</strong></span> <span class='ocrx_word' id='word_1_642' title='bbox 1449 5667 1664 5738; x_wconf 87' lang='lat' dir='ltr'><strong>illustratum</strong></span> <span class='ocrx_word' id='word_1_643' title='bbox 1686 5690 1777 5752; x_wconf 82' lang='lat' dir='ltr'><strong>esse,</strong></span> <span class='ocrx_word' id='word_1_644' title='bbox 1813 5683 1856 5741; x_wconf 90' lang='lat' dir='ltr'><strong>ut</strong></span> <span class='ocrx_word' id='word_1_645' title='bbox 1884 5672 2086 5768; x_wconf 87' lang='lat' dir='ltr'><strong>interpretis</strong></span> <span class='ocrx_word' id='word_1_646' title='bbox 2112 5706 2253 5773; x_wconf 89' lang='lat' dir='ltr'><strong>operam</strong></span> <span class='ocrx_word' id='word_1_647' title='bbox 2274 5707 2348 5753; x_wconf 89' lang='lat' dir='ltr'><strong>noa</strong></span> <span class='ocrx_word' id='word_1_648' title='bbox 2371 5713 2429 5759; x_wconf 88' lang='lat' dir='ltr'><strong>re-</strong></span> 
     </span>
    </p>
   </div>
   <div class='ocr_carea' id='block_1_11' title="bbox 413 5769 2430 5947">
    <p class='ocr_par' dir='ltr' id='par_1_17' title="bbox 413 5769 2430 5947">
     <span class='ocr_line' id='line_1_51' title="bbox 413 5769 2430 5947; baseline 0.002 -96"><span class='ocrx_word' id='word_1_649' title='bbox 413 5795 536 5855; x_wconf 86' lang='lat' dir='ltr'><strong>renter</strong></span> <span class='ocrx_word' id='word_1_650' title='bbox 555 5804 631 5852; x_wconf 83' lang='lat' dir='ltr'><strong>oro.</strong></span> <span class='ocrx_word' id='word_1_651' title='bbox 680 5777 777 5853; x_wconf 81' lang='lat' dir='ltr'><strong>Dixi.</strong></span> <span class='ocrx_word' id='word_1_652' title='bbox 1451 5769 1589 5863; x_wconf 86' lang='lat' dir='ltr'><strong>quirat,</strong></span> <span class='ocrx_word' id='word_1_653' title='bbox 1614 5783 1732 5841; x_wconf 89' lang='lat' dir='ltr'><strong>tamea</strong></span> <span class='ocrx_word' id='word_1_654' title='bbox 1756 5771 1982 5947; x_wconf 52' lang='lat' dir='ltr'><strong>qma1qolunt</strong></span> <span class='ocrx_word' id='word_1_655' title='bbox 2004 5791 2039 5848; x_wconf 90' lang='lat' dir='ltr'><strong>et</strong></span> <span class='ocrx_word' id='word_1_656' title='bbox 2055 5778 2166 5849; x_wconf 90' lang='lat' dir='ltr'><strong>Plinii</strong></span> <span class='ocrx_word' id='word_1_657' title='bbox 2183 5781 2366 5878; x_wconf 87' lang='lat' dir='ltr'><strong>libellum,</strong></span> <span class='ocrx_word' id='word_1_658' title='bbox 2394 5806 2430 5866; x_wconf 81' lang='lat' dir='ltr'><strong>et</strong></span> 
     </span>
    </p>
   </div>
   <div class='ocr_carea' id='block_1_12' title="bbox 0 0 3018 6775">
    <p class='ocr_par' dir='ltr' id='par_1_18' title="bbox 0 0 3018 6775">
     <span class='ocr_line' id='line_1_52' title="bbox 0 0 3018 6775; baseline 0 2"><span class='ocrx_word' id='word_1_659' title='bbox 0 0 3018 6775; x_wconf 95' lang='lat' dir='ltr'><strong> </strong></span> 
     </span>
    </p>
   </div>
  </div>
 </body>
</html>
