6025 6775
490 769 566 847 315
994 756 1151 846 nucu
1177 756 1255 840 ml
1292 755 1653 846 CONGRESSU
1689 764 2071 851 BONONIENSI.
2440 783 2516 860 stu

490 954 766 1038 propagaretur,
790 958 899 1031 quam
915 945 1062 1026 propter
1075 931 1224 1026 gloriam
1238 930 1314 1008 Dei
1338 946 1374 1006 et
1395 957 1482 1028 pru-
1535 949 1663 1022 scente,
1685 954 1719 1013 et
1731 939 1879 1035 iusignia
1890 957 1972 1037 pust
1985 944 2185 1037 victoriam,
2209 952 2414 1031 moderatio.
2444 955 2515 1026 Fe·

490 1060 571 1139 pter
587 1038 737 1116 salutem
751 1050 911 1109 nostram
927 1036 1083 1106 studiose
1100 1036 1291 1123 discamus,
1315 1048 1352 1107 et
1367 1035 1487 1128 agnol
1535 1054 1620 1112 runt
1645 1039 1833 1114 Nicolaum
1869 1041 2153 1137 Schunbergium
2184 1050 2411 1128 cardinalem
2446 1053 2517 1128 Ca·

491 1159 629 1219 scentes
644 1134 892 1216 irdmeusaDei
905 1136 1089 1224 beneficia,
1115 1138 1207 1228 grati
1225 1162 1308 1209 eum
1324 1138 1485 1210 celebre·
1534 1166 1694 1235 puanum
1717 1168 1798 1216 cum
1824 1146 2027 1238 perfunctus
2056 1150 2296 1241 legationibus
2322 1158 2416 1251 apud
2446 1169 2518 1228 tres

491 1273 591 1335 mus,
617 1260 651 1319 et
665 1246 711 1316 ab
724 1242 801 1333 ipso
814 1238 965 1309 assiduis
980 1239 1075 1309 votis
1087 1251 1267 1330 petamus,
1292 1253 1334 1313 ut
1355 1264 1422 1315 nos
1444 1241 1485 1312 in
1535 1266 1656 1333 reges,
1678 1242 1849 1316 Catulum
1872 1244 2142 1339 Hispaniarum,
2173 1252 2401 1328 Franciscum
2429 1255 2521 1329 Gal·

492 1337 601 1423 tantis
633 1340 904 1417 confusionibus
937 1340 1076 1432 generis
1108 1335 1261 1412 humani
1292 1342 1486 1416 clementer
1535 1346 1687 1432 liarum,
1710 1360 1745 1418 et
1767 1344 1965 1419 Henricum
1985 1347 2155 1441 Angliae,
2179 1356 2340 1428 rediisset
2354 1356 2524 1445 Rumam,

493 1453 665 1540 gubernet
681 1458 715 1516 et
728 1455 903 1537 protegat,
921 1465 987 1512 nec
1001 1442 1095 1515 sinat
1107 1465 1173 1513 nos
1188 1443 1370 1532 implicari
1383 1468 1484 1515 erru-
1536 1460 1571 1519 et
1585 1447 1824 1541 interrogatur
1840 1463 1963 1522 esseta
1978 1448 2168 1526 Cardinale
2175 1455 2213 1531 S.
2222 1453 2386 1549 Georgii:
2413 1460 2520 1548 Quae

491 1550 610 1633 ribus,
638 1547 673 1618 ei
688 1571 731 1617 ex
745 1542 907 1617 Ecclesia
922 1543 962 1612 in
978 1543 1142 1616 tenebras
1163 1567 1277 1616 ruere.
1536 1549 1725 1641 reperisset
1737 1550 1776 1621 iu
1799 1551 1873 1622 illis
1894 1552 2011 1624 tribus
2025 1556 2144 1647 reguis
2157 1572 2350 1631 memoratu
2367 1561 2521 1632 maxime

792 1728 802 1745 ο
918 1681 927 1698 ·
1536 1651 1664 1742 digna,
1689 1653 1913 1745 respondisse
1936 1657 2113 1729 concinne
2133 1661 2327 1731 admodum
2349 1674 2382 1731 et
2396 1661 2520 1732 brevi-

594 1731 649 1802 Te
664 1730 716 1800 lili
733 1724 968 1802 Dchumine
986 1724 1067 1798 lesu
1080 1723 1241 1824 Christe,
1266 1729 1330 1824 qui
1347 1730 1484 1803 dixisti:
1535 1765 1606 1823 gerg
1655 1751 1846 1847 Remis„
1869 1778 1907 1826 η
1930 1757 1974 1826 in.
1993 1754 2125 1831 Gfflfi,
2146 1758 2336 1854 pulchrum
2357 1786 2518 1854 regnum,

493 1835 622 1907 Venite
655 1834 699 1901 acl
728 1855 785 1900 me
815 1852 956 1916 omues,
993 1830 1056 1923 qui
1083 1830 1254 1902 laboratis
1279 1843 1314 1903 ²²
1346 1832 1484 1905 ⁰¹¹01⁸fi
1535 1854 1575 1923 in
1590 1848 1723 1944 Anglia
1738 1850 1928 1949 pulchrum
1944 1882 2074 1950 regem,
2100 1863 2170 1934 fuit
2185 1864 2279 1933 enim
2292 1863 2519 1936 formaHeu·

493 1938 597 2022 estis,
623 1956 686 2026 08⁰
709 1931 865 2003 reficliffl
888 1955 970 2016 νοῦ,
998 1954 1147 2050 ¹¹¹V⁰⁰qs
1180 1946 1222 2003 1¹¹
1251 1955 1319 2003 ¹¹⁰⁸
1348 1934 1485 2022 dmm,
1535 1955 1601 2025 rici
1624 1956 1717 2048 regis
1738 1957 1882 2029 eximia:
1906 1959 1946 2029 in
1960 1959 2144 2055 Hispaniis
2164 1988 2248 2036 veru
2271 1966 2411 2059 sapiens
2431 1992 2519 2039 cun·

493 2062 594 2130 regas
616 2052 650 2108 et
673 2057 802 2105 serves.
855 2032 948 2104 Vera
970 2044 1004 2103 te
1025 2031 1126 2124 loqur
1148 2056 1223 2103 non
1247 2036 1394 2118 dubito,
1418 2061 1484 2108 vo-
1536 2057 1656 2128 ,ilium
1671 2059 1775 2148 „gig
1824 2058 1933 2150 Quod
1956 2078 1992 2135 eg
2017 2066 2063 2134 (ιθ
2085 2062 2307 2158 fpgocgmlo
2332 2082 2367 2140 er
2382 2067 2518 2140 senam

494 2156 633 2212 cantem
652 2158 774 2207 omnes
790 2156 1031 2226 aemmn08082
1055 2131 1131 2203 Hac
1145 2147 1304 2254 ²⁰⁸chf
1318 2137 1483 2209 ffelffld
1536 2159 1635 2249 regni
1649 2159 1801 2253 intelligi
1815 2163 1941 2239 voluit.
1992 2163 2078 2237 Fuit
2090 2180 2125 2238 et
2139 2169 2296 2239 studium
2312 2170 2351 2238 in
2365 2184 2518 2264 utruque

494 2259 529 2313 te
544 2240 692 2322 accedo,
716 2252 751 2308 ⁸1
774 2250 857 2330 9⁸2⁰
879 2249 914 2307 0¹
939 2238 1484 2326 ωι1)(9οῑ0ΜΝΨῙΠῙῑ-ῑῑῑῦΜὶ-
1537 2261 1669 2331 serium
1689 2284 1745 2332 res
1768 2278 1961 2336 commutas
1984 2278 2019 2338 et
2041 2269 2253 2342 fluctuantes
2267 2273 2518 2364 componendi,

494 2345 615 2418 lutem.
666 2337 762 2412 Dixi·
1537 2374 1572 2432 et
1593 2363 1665 2432 iam
1688 2377 1847 2455 reparata
1868 2379 1903 2437 et
1923 2367 2059 2439 firmata
2087 2395 2190 2462 pace,
2231 2396 2338 2465 quam
2367 2374 2517 2443 dissidia

1536 2463 1788 2551 dissolverant,
1812 2467 2050 2540 constituendi
2063 2486 2171 2543 status
2188 2473 2339 2544 alicuius
2355 2476 2520 2545 duraturi

713 2590 897 2660 pgggggo
933 2583 987 2658 mg
1011 2587 1265 2661 pecuum
1536 2566 1581 2635 ad
1605 2578 1781 2658 posterus,
1804 2582 1839 2640 et
1859 2570 2038 2660 profuturi
2059 2574 2310 2668 tranquillitati
2330 2561 2437 2667 atque
2460 2575 2520 2645 in-

1536 2666 1737 2740 columitati
1753 2668 1908 2761 imperii.

583 2771 742 2846 Revocat
757 2766 848 2840 mihi
863 2770 902 2840 in
917 2771 1126 2842 memoriam
1146 2765 1233 2843 haec
1250 2771 1482 2844 consiliorum
1610 2764 1792 2841 Deliberat
1805 2766 1987 2861 Augustus
2000 2775 2046 2844 de
2060 2776 2175 2846 forma
2189 2775 2423 2870 Reipublicae
2438 2801 2518 2851 cum

494 2875 635 2949 Catulis
645 2872 873 2966 Imperatoris
888 2874 1191 2956 commemoratio,
1208 2897 1265 2944 eas
1279 2899 1366 2969 quas
1381 2899 1483 2969 saepe
1536 2870 1677 2942 duobus
1690 2872 1958 2963 sapientissimis
1971 2876 2059 2946 viris
2075 2875 2234 2971 Agrippa
2251 2894 2286 2951 ct
2302 2878 2520 2966 Maecenate,

494 2976 605 3049 habui
625 2979 670 3047 de
693 2972 855 3067 Augusto
875 2972 1040 3061 Caesare,
1072 2989 1108 3047 et
1136 2969 1205 3046 huc
1238 2977 1317 3068 ipso
1340 2974 1483 3063 Carulu,
1536 2985 1657 3043 utrum
1681 2974 1882 3045 restitueret
1910 2990 2063 3047 veterem
2095 2981 2247 3050 formam
2270 2979 2519 3072 Reipublicae,

495 3080 736 3171 cogitationes.
789 3073 906 3148 Multa
930 3078 1068 3168 reperio
1091 3077 1132 3164 iu
1145 3073 1202 3147 bis
1217 3078 1358 3149 duobus
1373 3076 1483 3148 Prin·
1535 3097 1627 3167 quae
1643 3088 1717 3148 erat
1733 3071 2016 3149 exAristucratia
2030 3092 2065 3149 et
2077 3077 2302 3153 Democratia
2315 3083 2444 3169 mixta,
2468 3107 2518 3152 an

495 3183 634 3274 cipibus
656 3178 807 3264 similia,
836 3192 871 3249 et
895 3201 1100 3272 quanquam
1126 3179 1284 3270 putentia
1296 3180 1482 3273 utriusque
1535 3175 1634 3245 illam
1658 3200 1806 3269 prorsus
1828 3178 2000 3249 abolitam
2022 3196 2216 3272 praestaret
2241 3200 2458 3257 commutare
2480 3185 2520 3254 in

495 3285 633 3377 dispar,
657 3293 694 3352 et
714 3303 834 3354 rerum
857 3279 1015 3370 ipsarum
1039 3305 1079 3352 ac
1094 3293 1295 3372 temporum
1311 3281 1483 3367 conditio,
1536 3272 1798 3349 Monarchiam.
1848 3277 1982 3353 Extant
2003 3282 2271 3356 deliberationis
2290 3287 2388 3358 illins
2405 3287 2520 3379 capita

495 3388 563 3457 sub
586 3398 739 3476 utruque
758 3380 827 3452 luit
850 3380 1050 3452 dissimilis:
1083 3397 1202 3454 tamen
1229 3383 1268 3453 in
1291 3407 1347 3454 res
1369 3398 1482 3455 motas
1535 3379 1632 3472 apud
1647 3375 1801 3452 Dionem
1815 3382 1971 3475 exposita
1986 3384 2104 3478 longis
2120 3389 2360 3473 orationibus,
2385 3390 2425 3458 in
2440 3392 2523 3483 qui·

495 3488 569 3555 iam
584 3498 619 3555 et
633 3485 789 3555 turbatas
802 3483 929 3554 incidit
940 3498 1103 3578 uterque.
1128 3482 1345 3556 Naturarum
1355 3486 1482 3555 simili·
1535 3483 1604 3552 bus
1636 3483 1750 3554 multa
1781 3484 2010 3576 disputantur
2035 3490 2190 3579 graviter
2220 3505 2255 3563 et
2283 3489 2459 3583 sapienter
2479 3491 2520 3560 iu

497 3587 678 3667 tudinem,
706 3607 881 3677 geneseon
900 3586 1128 3676 congruentia
1144 3584 1300 3658 indicate
1325 3585 1482 3681 Uterque
1535 3596 1723 3676 utramque
1745 3600 1900 3675 partem:
1926 3589 1975 3658 ita
1997 3589 2043 3657 de
2064 3589 2275 3663 dirimendis
2291 3607 2324 3664 et
2338 3593 2520 3685 sopiendis

496 3689 592 3761 anim
610 3685 869 3781 Capricornum
887 3682 1202 3780 ὥροσκοποῦντα,
1230 3700 1378 3781 uterque
1401 3712 1481 3758 curn
1534 3684 1785 3753 controversiis
1798 3684 2041 3754 ecclesiasticis
2055 3700 2090 3757 et
2106 3694 2340 3764 emendandis
2349 3690 2520 3767 Ecclesiis

498 3789 654 3862 Saturno
671 3788 824 3861 Martem
849 3789 1081 3860 coniunctum
1102 3783 1244 3861 habuit.
1294 3787 1383 3860 lnde
1408 3813 1482 3860 nun
1536 3782 1676 3879 Synodi
1689 3782 1867 3873 legitimae
1880 3783 2033 3866 iudicio,
2053 3786 2168 3878 deque
2184 3790 2416 3864 instauranda
2433 3822 2522 3866 cun·

497 3893 647 3963 obscura
671 3904 722 3961 est
748 3913 849 3961 causa
872 3891 1139 3977 similitudinis,
1172 3915 1333 3973 morum,
1365 3892 1483 3961 consi·
1535 3884 1675 3969 cordia,
1695 3897 1827 3956 etaute
1844 3884 1979 3956 bellum
1998 3883 2253 3959 Germanicum
2269 3904 2410 3982 etpost,
2436 3919 2520 3965 cum

498 3993 651 4077 liorum,
677 4005 893 4077 conatuum,
920 4005 1135 4078 eventuum,
1160 4007 1484 4083 rerumgestarum,
1536 3986 1756 4079 sapientibus
1778 3988 1889 4058 multa
1906 3988 2058 4060 cuntulit
2070 3986 2221 4063 Carolus
2241 3992 2281 4062 in
2295 4006 2418 4065 omn'es
2435 4019 2520 4087 par-

496 4094 678 4165 varietatis
693 4095 868 4166 fortunae.
905 4090 1032 4184 Rediit
1046 4095 1085 4164 in
1101 4096 1227 4166 urbem
1241 4093 1396 4168 Romam
1404 4091 1482 4164 Au·
1537 4105 1588 4161 tes
1617 4101 1779 4160 accurate
1809 4089 1996 4180 pensitato.
2053 4087 2122 4162 Sed
2152 4094 2230 4184 pari
2261 4098 2520 4187 propemodum

497 4211 620 4288 gustus
643 4219 684 4265 ex
705 4190 827 4266 schola
844 4190 1010 4282 Rhodia,
1036 4221 1056 4267 a
1078 4197 1192 4269 literis
1214 4200 1259 4268 ad
1284 4196 1485 4290 imperium,
1536 4211 1696 4262 successu
1709 4191 1861 4262 tentavit
1876 4194 2132 4286 uterquequud
2149 4194 2213 4265 diu
2234 4197 2459 4291 multumque
2485 4214 2522 4270 et

496 4313 577 4391 post
599 4298 822 4370 interfectum
847 4295 890 4368 C.
912 4296 1115 4384 Caesarem,
1151 4324 1264 4393 aquo
1286 4301 1401 4370 fuerat
1420 4299 1485 4368 ad·
1536 4292 1712 4384 sapienter
1733 4293 1919 4384 cogitarat,
1945 4307 1980 4365 et
2002 4296 2246 4385 desperatione
2266 4301 2410 4369 undem
2433 4323 2523 4370 cuu-

498 4414 637 4492 uptatus
652 4401 857 4472 adulescens
875 4400 1080 4484 admodum,
1105 4413 1140 4471 et
1152 4414 1194 4471 ut
1208 4400 1316 4470 caesis
1324 4398 1435 4470 Hircu
1450 4411 1485 4469 et
1537 4395 1627 4465 siliis
1648 4393 1795 4466 abiectis
1817 4395 1863 4464 ab
1888 4395 2030 4489 inceptu
2053 4398 2208 4480 destitit,
2234 4412 2269 4472 et
2290 4425 2366 4471 sese
2383 4426 2448 4472 ceu
2463 4425 2523 4472 re-

498 4501 613 4571 Pansa
638 4503 844 4572 consulibus
866 4502 1085 4585 succederet,
1120 4514 1255 4571 creatus
1285 4514 1336 4571 est
1360 4499 1484 4571 consul
1538 4497 1651 4568 movit
1671 4520 1692 4566 a
1714 4493 1949 4589 Reipublicae
1974 4498 2301 4588 administratione,
2338 4498 2522 4593 Augustus

500 4625 634 4672 annum
648 4625 752 4694 agens
768 4602 944 4672 decimum
968 4624 1119 4675 nonum.
1170 4597 1336 4671 Eundem
1362 4601 1484 4671 aetatis
1537 4599 1645 4689 petita
1660 4594 1771 4684 Nola,
1796 4595 1946 4669 Carolus
1967 4602 2202 4690 munasterio,
2228 4619 2263 4677 et
2278 4605 2318 4675 in
2341 4605 2522 4676 moesticia

499 4728 633 4776 annum
649 4728 755 4796 agens
764 4701 1062 4774 Carolus-accitus
1078 4698 1340 4772 estElecturum
1353 4702 1484 4771 suffra·
1538 4722 1579 4769 ac
1595 4698 1790 4769 solitudine
1805 4714 1967 4772 mortuus
1982 4716 2034 4773 est
2049 4714 2207 4797 uterque.

499 4809 564 4898 giis
588 4811 633 4878 ad
656 4805 798 4898 imperii
812 4802 971 4875 Romani
994 4803 1350 4874 administrationem.
1402 4801 1485 4874 Ma·
1611 4796 1784 4893 Exemplo
1803 4815 1855 4872 est
1869 4814 2032 4896 uterque,
2049 4827 2157 4898 quam
2170 4807 2215 4878 sit
2230 4807 2353 4877 infelix
2365 4807 2524 4878 humana

498 4933 567 5001 gna
581 4911 675 4980 bella
691 4907 797 5000 gessit
810 4917 961 4998 uterque
976 4919 1068 4977 terra
1083 4907 1244 5001 marique
1263 4905 1342 4998 pari
1356 4928 1485 4998 prope·
1537 4902 1728 4995 sapientia,
1755 4917 1791 4978 et
1805 4926 1912 4998 quam
1926 4904 2028 4977 irrita
2042 4928 2204 4999 prorsus,
2227 4910 2257 4979 si
2280 4933 2357 4980 nun
2382 4923 2524 5001 regatur

498 5014 647 5080 modum
665 5025 812 5095 eventu,
838 5021 873 5080 et
888 5008 1014 5080 iisdem
1031 5010 1195 5082 furtunae
1217 5008 1376 5093 vicibus,
1397 5031 1486 5077 cun·
1538 5004 1722 5080 divinitus.

499 5126 553 5180 tra
571 5112 783 5184 domesticos
799 5113 909 5203 magis
924 5137 1030 5208 quam
1050 5127 1185 5184 exterus
1200 5109 1329 5184 hostes.
1367 5108 1486 5180 Variis
1623 5102 1679 5177 Eo
1699 5106 1870 5180 libenlius
1892 5121 2010 5179 autem
2029 5132 2092 5200 ego
2110 5136 2255 5206 quoque
2270 5112 2389 5186 Caroli
2404 5110 2524 5202 Impe-

498 5211 568 5281 fuir
590 5221 739 5301 uterque
769 5215 901 5305 petitus
930 5216 1239 5285 adversationibus
1269 5227 1304 5286 et
1332 5212 1485 5284 insidiis.
1538 5209 1666 5282 catoris
1683 5211 1901 5281 mentionem
1916 5210 2030 5297 facio,
2055 5216 2152 5305 quod
2168 5215 2263 5287 inter
2285 5227 2399 5286 tantas
2414 5236 2524 5282 occu-

499 5309 651 5404 Utrique
677 5316 996 5402 praestantissimus
1019 5326 1055 5383 et
1085 5315 1256 5404 sapientia
1289 5329 1323 5387 et
1354 5315 1486 5386 virtute
1537 5313 1698 5406 patiunes
1715 5312 1983 5403 gubernationis
1997 5328 2031 5387 et
2045 5314 2233 5402 bellorum,
2253 5337 2374 5387 omnes
2390 5313 2525 5385 scimus

498 5414 629 5485 bellica
664 5411 760 5481 virus
782 5409 880 5481 Deua
914 5412 1097 5496 adiunxit,
1129 5438 1284 5507 quorum
1318 5416 1487 5499 consiliis,
1539 5439 1620 5485 eum
1637 5429 1671 5485 et
1687 5438 1839 5501 amasse,
1876 5427 1910 5487 et
1925 5415 2157 5504 intellexisse,
2189 5431 2223 5488 et
2245 5415 2392 5487 coluisse
2416 5428 2527 5509 atque

500 5520 630 5603 ductu,
655 5512 822 5585 felicitate
847 5535 887 5581 ac
911 5513 1130 5584 successibus
1150 5538 1205 5584 res
1231 5529 1346 5587 tantas
1371 5539 1487 5607 gesse·
1539 5517 1733 5587 exercuisse
1748 5511 1812 5586 has
1827 5530 1965 5587 nostras
1980 5531 2073 5591 artes
2096 5515 2301 5614 physicaset
2323 5510 2527 5589 mathema-

499 5636 596 5704 runt,
626 5614 786 5709 Arrgusto
806 5609 1304 5706 Agrippam,.Maecenatem‚
1328 5616 1486 5688 Drusum
1539 5617 1646 5698 tiras,
1680 5619 1729 5688 sic
1751 5631 1791 5688 ut
1812 5641 1878 5688 nec
1901 5620 2198 5692 medicationibus
2224 5632 2401 5700 uteretur,
2435 5645 2527 5714 quas

501 5739 535 5794 et
550 5724 654 5794 alius:
681 5720 833 5806 Carolo,
860 5715 1120 5802 Mercurinum,
1146 5716 1382 5800 Granvelum,
1409 5716 1487 5788 An·
1539 5741 1612 5786 non
1633 5718 1707 5809 ipse
1723 5720 1823 5811 prius
1838 5723 2094 5792 considerasset
2108 5737 2142 5795 et
2155 5723 2405 5807 examinasset,
2430 5725 2527 5793 etde

501 5812 640 5894 lonium
664 5824 818 5910 Levam,
859 5835 894 5893 et
916 5819 1205 5913 Fronspergium.
1264 5818 1306 5890 In
1333 5833 1487 5912 utroque
1538 5820 1701 5889 doctrina
1733 5816 1965 5912 geographica
1999 5835 2106 5916 atque
2145 5824 2383 5898 astronomica
2422 5825 2528 5917 plura

501 5926 671 6015 sapientia
703 5927 772 5997 luit
804 5926 976 5997 excellens
1010 5923 1116 5996 etiam
1146 5922 1338 5995 admodum
1365 5921 1488 5993 adole·
1541 5934 1680 6009 nosset,
1703 5944 1810 6016 quam
1826 5918 2083 5997 multialiibis
2097 5926 2226 5999 studiis
2250 5929 2438 6023 praecipue
2463 5928 2528 5996 de·
