6025 6775
445 614 523 695 111
932 700 933 703 ¹
1087 597 1836 687 1111111111111110111.
2397 633 2475 712 54,

547 786 585 862 8.
626 778 787 881 Oppono
814 779 924 878 igitur
950 777 1180 869 Malveudae,
1222 804 1433 855 consensum
1485 776 1628 849 clesiam
1644 779 1779 873 pollui,
1802 781 1917 876 eripui
1932 782 2011 858 viro
2026 801 2149 864 sancto
2162 793 2366 890 coniugem,
2390 809 2471 896 pol·

444 885 707 983 Prophetarum
731 902 767 960 et
789 881 1041 980 Apostolorum
1065 883 1163 956 iuxta
1180 882 1315 957 dictum
1335 881 1433 958 Petri
1483 877 1538 951 lui
1560 903 1674 951 meam
1698 895 1732 953 ct
1754 883 1907 957 alienam
1932 891 2202 982 conscientiam,
2225 898 2343 970 virum
2359 904 2469 980 inter·
2533 911 2535 915 ‘

445 991 615 1067 Ace.10.:
639 987 737 1061 Huic
750 979 1076 1076 omnesProphetae
1090 986 1334 1086 testimonium
1349 1011 1432 1080 per·
1482 979 1539 1049 fici
1554 980 1660 1069 iussi,
1684 985 1834 1076 praebui
1850 1010 2011 1077 causam,
2038 1007 2077 1064 ut
2093 1020 2247 1086 poenae,
2284 1003 2411 1076 seditio
2432 1023 2469 1082 et

444 1091 576 1167 hibent
597 1090 837 1162 remissionem
859 1099 1083 1179 peccatorum
1107 1087 1264 1181 accipere
1285 1111 1349 1184 per
1364 1112 1431 1160 no-
1481 1077 1621 1153 infinitt
1636 1087 1799 1159 scandala
1816 1093 2070 1184 sequerentur?
2094 1093 2164 1167 Hic
2179 1118 2271 1171 certe
2285 1102 2405 1178 David
2422 1111 2467 1180 ad

444 1219 529 1267 men
545 1193 622 1265 cius
636 1213 757 1263 omues
772 1185 834 1282 qui
850 1189 1002 1260 credunt
1015 1187 1055 1257 in
1071 1211 1166 1264 eum.
1477 1183 1731 1269 mediatorem,
1756 1204 1791 1262 et
1812 1192 1856 1261 ad
1881 1192 2080 1267 doctrinam
2104 1199 2149 1267 de
2173 1204 2323 1289 gratuita
2337 1208 2464 1279 remis.

551 1294 586 1369 4‚
613 1291 757 1374 Fateor,
781 1288 920 1383 iuquit,
944 1289 1026 1359 dari
1045 1289 1291 1361 remissionem
1305 1312 1431 1383 pecca·
1477 1283 1580 1357 sione
1594 1286 1823 1362 deducendus
1838 1306 1901 1379 est,
1924 1289 2016 1366 sicut
2029 1293 2105 1391 ipse
2118 1323 2156 1370 se
2171 1326 2257 1375 voce
2269 1307 2465 1383 absolutio·

400 1387 405 1398 ’
445 1412 564 1470 torum
583 1404 727 1485 propter
750 1383 951 1477 Christum,
985 1403 1021 1463 et
1046 1390 1154 1461 fidem
1173 1390 1306 1482 flagito.
1356 1391 1427 1466 Sed
1477 1384 1536 1456 nis
1549 1399 1584 1459 et
1599 1386 1670 1459 fide
1682 1404 1866 1470 sustentat.
2293 1448 2295 1451 ψ
2355 1418 2357 1422 ·
2474 1436 2476 1440 -

445 1500 526 1592 quia
541 1492 671 1585 decipit
684 1492 853 1565 lectorem
868 1488 1063 1562 Malrenda
1076 1492 1321 1583 generalitate,
1344 1493 1427 1565 ideo
1580 1487 1640 1562 14.
1682 1488 1769 1564 ldeo
1790 1491 1924 1566 Paulus
1946 1498 2052 1572 toties
2078 1500 2231 1574 inculcat
2250 1509 2461 1599 particulam

443 1618 580 1668 necesse
596 1607 649 1665 est
661 1617 743 1664 eum
760 1591 918 1669 refutari.
967 1589 1140 1686 Intelligit
1153 1594 1278 1681 fidem,
1303 1595 1427 1692 quain
1473 1609 1563 1682 gra
1573 1586 1650 1671 lis,
1671 1607 1713 1665 ut
1728 1593 1905 1669 discernat
1918 1597 2030 1691 legem
2044 1599 2332 1695 etEvangelium,
2347 1624 2381 1683 et
2395 1614 2462 1683 du-

438 1720 565 1790 genere
580 1695 699 1767 credis
722 1693 903 1789 aliquibus
929 1694 1080 1777 remitti,
1113 1718 1188 1766 non
1217 1693 1297 1774 tihi.
1346 1694 1426 1768 Hoc
1473 1701 1551 1761 ceat
1572 1695 1799 1765 statuendum
1819 1721 1912 1785 esse,
1936 1699 2047 1792 gratis
2069 1704 2203 1778 remitti
2218 1724 2356 1799 peccata
2372 1737 2459 1806 pro·

437 1799 551 1872 credit
566 1795 682 1885 ludas,
706 1795 781 1866 imo
804 1808 836 1866 et
847 1792 1006 1871 Diaboli.
1471 1801 1553 1884 pter
1572 1789 1688 1863 filium
1704 1794 1789 1870 Dei.
2395 1803 2397 1808 '

540 1894 579 1977 ὅ.
601 1896 753 1992 Propria
767 1893 953 1988 Evangelii
977 1894 1164 1990 promissio
1184 1908 1254 1982 est,
1279 1920 1424 1971 annun-
1574 1888 1633 1966 15.
1672 1892 1806 1966 Verum
1829 1912 1883 1972 est
1905 1916 2070 1993 oportere
2091 1907 2212 1980 adesse
2240 1905 2280 1980 in
2309 1933 2459 1986 conver·

389 2036 393 2042 ·
437 2000 532 2071 ciare
556 1999 800 2072 remissionem
822 2009 1056 2092 peecatorum.
1104 1995 1202 2070 Haec
1223 1994 1318 2069 nihil
1339 2024 1425 2093 pro·
1471 1990 1574 2064 sione
1606 1995 1881 2085 poenitentiam,
1917 2003 2044 2094 fidem,
2072 2009 2318 2098 dilectionem,
2348 2037 2458 2105 spem,

436 2102 515 2174 dest
531 2102 616 2189 tibi,
640 2101 670 2172 si
686 2114 826 2173 tantum
841 2100 962 2172 credas
976 2100 1015 2172 in
1031 2121 1159 2193 genere
1172 2100 1352 2196 aliquibus
1363 2126 1423 2175 re·
1470 2094 1609 2165 b⁰ffl¹¹¹¹
1624 2099 1862 2190 Pi⁰l³⁰⁸ii¹¹m2
1888 2114 1923 2173 ei
1938 2104 2026 2177 aliae
2039 2108 2200 2193 virtute&
2225 2113 2287 2183 sed
2302 2108 2370 2185 hee
2381 2139 2457 2187 non

435 2203 551 2289 mitti,
576 2227 652 2274 non
668 2202 749 2277 11111.
902 2268 907 2278 ,
1471 2208 1555 2268 sunt
1571 2218 1695 2268 causae
1710 2199 1940 2275 remissionis.

536 2304 574 2381 6.
598 2302 684 2376 ldeo
700 2314 840 2375 tentum
850 2293 943 2373 hane
956 2302 1156 2395 generalem
1170 2302 1275 2374 fidem
1290 2303 1422 2376 docen.
1571 2296 1631 2371 16.
1666 2297 1751 2372 Ideo
1769 2302 1920 2387 dicitur,
1949 2306 2024 2378 sola
2046 2307 2116 2379 fide
2138 2309 2386 2403 iustificamur,
2416 2334 2456 2392 ut

433 2416 506 2494 tes,
538 2406 659 2480 delent
682 2400 938 2496 Evangelium,
963 2417 999 2476 et
1018 2426 1139 2474 veram
1166 2426 1207 2475 ac
1230 2404 1420 2478 salutarem
1468 2397 1676 2471 excludatur
1689 2400 1813 2494 opinio
1829 2427 1893 2475 seu
1908 2407 2067 2481 conditio
2081 2412 2222 2499 meriti,
2247 2438 2323 2487 non
2338 2433 2378 2491 ut
2394 2444 2455 2492 ex-

433 2506 714 2579 consulationem
729 2504 1254 2598 conscientiisadmicandoDei
1269 2508 1418 2580 consilio
1468 2498 1839 2591 eludenturvirlutet‚
1862 2529 1909 2577 ne
1931 2508 2061 2587 adsint.

431 2608 669 2702 propositam,
693 2607 862 2699 eripiunt,
1571 2599 1631 2677 17.
1668 2599 1830 2676 Eandem
1859 2608 2059 2683 doctrinam
2089 2614 2275 2689 confirmat
2305 2613 2373 2690 hoc
2397 2622 2450 2691 di-

535 2707 570 2780 7.
608 2708 742 2781 Paulus
766 2710 811 2778 ds
831 2701 900 2778 hac
921 2705 991 2776 fide
1013 2705 1195 2800 loquitur,
1217 2731 1287 2803 qua
1312 2730 1418 2801 agene
1468 2713 1583 2772 ctum:
1616 2701 1700 2775 Non
1721 2707 1970 2782 iustificabitur
1993 2713 2031 2783 in
2053 2732 2242 2809 conspectu
2260 2734 2322 2790 tuo
2337 2724 2454 2793 omnis

431 2810 710 2903 poenitentiam,
744 2807 814 2880 sibi
837 2806 909 2899 ipsi
928 2806 1065 2880 remitti
1085 2809 1217 2892 credit,
1242 2833 1324 2882 cum
1349 2812 1416 2884 ait:
1465 2800 1600 2875 vivens.
1650 2803 1734 2877 Nou
1755 2808 1865 2899 igitur
1887 2814 1993 2883 datur
2013 2816 2175 2889 remissio
2208 2836 2352 2913 propter
2379 2825 2452 2895 ulla
2561 2807 2564 2814 ¹

411 2907 611 2986 'lustifirati
627 2913 697 2984 fide
713 2933 832 3005 pacem
856 2903 1038 2979 habemus.
1464 2916 1584 2975 nostra
1607 2927 1726 2997 opera.

533 3012 573 3089 8.
602 3011 698 3104 Quia
710 3012 772 3083 illa
789 3008 962 3102 generalis
979 3007 1066 3079 fides
1081 3031 1143 3082 seu
1157 3007 1285 3084 notitia
1300 3005 1415 3082 histo·
1567 3004 1625 3079 18.
1665 3004 1775 3080 Errat
1796 3006 1990 3084 Malvenda
2012 3014 2142 3088 docens
2170 3032 2325 3090 mentem
2349 3024 2451 3111 pavi·

429 3115 503 3187 riae
523 3140 599 3187 non
621 3112 725 3207 erigit
743 3124 898 3183 mentem
917 3111 1200 3203 perterrefactum
1226 3125 1262 3184 et
1274 3112 1414 3203 fugien-
1462 3106 1546 3176 dam
1567 3120 1602 3178 et
1633 3107 1829 3199 lugientem
1849 3109 1966 3183 Deum
1990 3113 2030 3183 in
2051 3114 2115 3187 illo
2140 3118 2235 3190 tristi
2261 3135 2452 3215 conspectu

430 3230 503 3289 tem
515 3213 652 3303 Deum,
677 3216 739 3286 sed
761 3213 881 3309 potius
900 3223 1004 3301 auget
1021 3234 1169 3303 pavores
1185 3226 1218 3286 et
1233 3215 1413 3287 fremitum
1461 3207 1536 3280 irae
1550 3205 1639 3295 Dei,
1663 3224 1706 3282 ut
1719 3225 1860 3284 maneat
1873 3212 1914 3285 in
1935 3215 2169 3292 dubitatione.

391 3363 393 3367 .
428 3318 598 3392 ,ἀνω
620 3315 750 3395 Deum,
799 3311 855 3387 Eo
885 3314 996 3404 magis
1021 3314 1222 3387 irascuntur
1245 3313 1351 3388 ludas
1378 3329 1413 3388 et
1565 3309 1626 3379 19·
1663 3306 1773 3383 Emi
1796 3313 1859 3408 qui
1877 3314 1984 3385 fidem
1999 3316 2039 3387 in
2060 3319 2449 3415 suispt'opotiflonibtts

426 3417 599 3509 Diaboli,
622 3420 706 3517 quia
722 3419 840 3491 scium
852 3413 965 3486 lilium
981 3411 1049 3486 Dei
1065 3414 1303 3490 iudicaturum
1328 3440 1413 3506 esse,
1460 3422 1600 3482 tantum
1611 3411 1778 3504 intelligit
1793 3437 1867 3486 esse
1879 3417 1994 3506 idem,
2018 3423 2116 3513 quod
2132 3445 2235 3494 nosse
2250 3420 2447 3514 historiam,

355 3537 364 3547 ··
427 3522 556 3594 etaliis
569 3522 697 3595 melius
716 3521 806 3595 fore.
1460 3535 1536 3585 non
1553 3513 1724 3613 assentire
1737 3517 1977 3608 promissioni.

531 3620 568 3696 9.
594 3619 708 3695 Recte
724 3623 834 3714 igitur
848 3612 1080 3692 Bernhardus
1096 3615 1200 3688 dixit:
1226 3616 1299 3692 Sed
1320 3621 1412 3693 adde
1560 3614 1621 3687 20.
1654 3611 1765 3707 Errat
1784 3618 1868 3711 quia
1888 3620 2041 3691 affirmat
2068 3636 2209 3695 renatos
2229 3623 2269 3694 in
2293 3620 2360 3697 bac
2375 3626 2449 3699 vita

429 3735 471 3794 ut
480 3722 603 3794 credas
612 3734 645 3794 et
656 3718 735 3812 hoe,
749 3724 845 3819 quod
861 3745 925 3815 per
939 3720 1057 3814 ipsum
1074 3731 1214 3813 peccata
1232 3717 1328 3792 sthi
1344 3725 1413 3794 do·
1460 3738 1562 3808 posse
1580 3715 1651 3808 legi
1673 3715 1743 3789 Dei
1766 3720 1981 3808 satisfacere,
2019 3733 2054 3793 et
2081 3746 2242 3814 expresse
2271 3727 2359 3799 dicit
2380 3722 2448 3801 hac

425 3838 571 3897 uantur.
620 3818 700 3897 Hoc
713 3822 1018 3899 esttestimunium
1037 3821 1132 3917 quod
1145 3818 1312 3914 prohibet
1327 3823 1412 3918 Spi-
1461 3817 1668 3912 impletione
1681 3818 1790 3911 legis,
1813 3815 1977 3894 homines
1993 3822 2188 3901 iuteresse.

426 3925 519 3996 ritus
538 3938 681 3999 sanctus
702 3929 744 3999 in
766 3926 873 3998 corde
894 3940 957 3997 tuo
975 3924 1111 3994 dicens:
1148 3920 1303 3996 Dimissa
1327 3941 1412 3998 sunt
1561 3921 1624 3997 21.
1656 3918 1732 3992 Nos
1755 3936 1877 3994 contra
1900 3923 2134 4010 affirmamus,
2161 3942 2301 3998 renatos
2320 3931 2360 3999 in
2381 3925 2448 4002 hac

425 4026 494 4098 tibi
514 4040 655 4121 peccata
679 4042 753 4104 tua.
803 4025 864 4100 sic
888 4025 984 4095 enim
1000 4023 1193 4095 arbitratur
1207 4020 1410 4119 Apostolus,
1460 4018 1535 4092 vita
1555 4045 1630 4093 non
1651 4044 1754 4115 posse
1777 4024 1974 4095 satisfacere
1994 4025 2065 4115 legi
2075 4022 2165 4109 Dei,
2187 4043 2222 4100 et
2243 4052 2448 4125 quanquam

425 4129 533 4220 gratis
549 4128 730 4205 iustificari
740 4125 925 4202 hominem
937 4147 1002 4219 per
1016 4126 1134 4202 fidem.
1344 4138 1352 4157 “
1459 4115 1594 4194 hebent
1614 4116 1817 4194 inchoatam
1839 4125 2102 4211 obedientiam,
2133 4151 2223 4220 quae
2237 4129 2312 4202 Deo
2334 4132 2449 4224 placet

528 4231 589 4308 10.
630 4231 730 4307 ldem
762 4244 904 4302 nostrae
931 4224 1110 4300 Ecclesiae
1142 4226 1288 4312 docent,
1328 4254 1408 4303 cum
1459 4221 1501 4291 in
1522 4222 1748 4293 credentibus
1769 4238 1915 4316 propter
1932 4224 2064 4295 filium:
2089 4238 2208 4298 tamen
2228 4252 2379 4322 persona
2394 4244 2447 4304 est

425 4348 593 4406 enarrant
610 4335 746 4409 dictum
755 4331 876 4405 Pauli:
902 4327 992 4400 Fide
1005 4327 1247 4404 iustificamur.
1459 4323 1573 4405 iusta,
1597 4322 1635 4392 id
1659 4336 1730 4409 est,
1753 4337 1893 4417 accepts
1913 4337 2061 4419 propter
2072 4328 2324 4419 mediatorem,
2350 4330 2446 4402 iuxta

529 4435 589 4505 ll.
618 4435 725 4513 Nulla
738 4431 934 4509 consolatio
947 4429 1160 4520 proponitur
1173 4429 1408 4517 conscientiis,
1459 4423 1569 4495 illud:
1601 4421 1683 4497 Non
1704 4424 1952 4499 iustificabitur
1973 4427 2012 4499 in
2034 4443 2223 4523 conspectu
2244 4443 2307 4501 tuo
2329 4432 2448 4502 omnis

426 4531 457 4601 si
472 4527 559 4602 haec
573 4548 693 4609 nostra
708 4533 885 4611 enarratio
900 4529 1077 4605 abiicitur.
1117 4526 1206 4600 ltem
1221 4531 1252 4602 si
1265 4533 1410 4607 additur
1458 4525 1596 4601 vivent·
2338 4568 2340 4573 ·

425 4630 509 4704 bdei
524 4635 681 4708 conditio
694 4654 835 4713 nostrae
856 4631 1059 4726 dignitatis,
1082 4643 1124 4702 ut
1138 4629 1333 4707 Malvenda
1350 4637 1409 4707 in·
1561 4627 1624 4702 22.
1649 4624 1767 4702 Multa
1784 4628 1899 4703 tristia
1914 4628 2006 4703 mele
2020 4644 2167 4704 mouent
2182 4631 2377 4720 intestatis,
2404 4649 2446 4707 ut

427 4734 525 4823 quit,
549 4761 625 4808 non
643 4733 781 4812 babens
801 4735 1017 4815 conditionis
1040 4746 1075 4805 et
1096 4732 1312 4808 infirmitatis
1324 4760 1408 4811 suae
1460 4729 1722 4820 dubitaiimlee,
1754 4733 1926 4805 securitas
1945 4733 2116 4821 camelis,
2146 4732 2274 4824 frigide
2298 4735 2446 4826 diligere

425 4834 610 4916 rationem.
1142 4866 1144 4870 ·
1459 4829 1575 4904 Deum
1591 4847 1626 4904 et
1640 4835 1772 4907 multae
1786 4835 1950 4905 flammae
1962 4834 2176 4907 viciosarum
2198 4832 2444 4926 cupiditatum.

532 4938 591 5012 12.
622 4938 722 5013 Haec
736 4942 887 5033 'prorem
908 4953 961 5013 est
976 4935 1064 5030 legis
1079 4935 1253 5015 doctrina.
1303 4939 1408 5015 Tunc
1459 4931 1558 5005 Haec
1573 4935 1666 5005 mala
1680 4936 1929 5009 condonantur
1942 4947 1976 5007 et
1989 4949 2159 5028 teguntur
2182 4935 2222 5005 in
2237 4930 2294 5004 bis
2309 4922 2372 5032 qui
2387 4963 2445 5011 re-

425 5028 576 5109 habebis
589 5040 851 5130 remissionem,
873 5067 954 5115 cum
969 5041 1038 5111 cris
1052 5039 1193 5130 dignus.
1461 5047 1640 5129 pugnant,
1671 5036 1733 5105 secl
1753 5046 1871 5106 tamen
1894 5061 2017 5108 revera
2037 5051 2122 5108 sunt
2141 5037 2234 5107 mala
2249 5040 2444 5129 pugnantia

533 5140 592 5211 15.
618 5134 655 5214 Ο
673 5142 807 5214 tristem
822 5167 955 5231 vocem,
979 5166 1068 5238 quae
1083 5141 1181 5212 iubet
1194 5162 1260 5211 nos
1277 5139 1409 5214 intueri
1457 5142 1543 5207 ‘cum
1557 5136 1632 5222 lege
1647 5134 1731 5206 Dei.

366 5241 369 5245 ’
426 5253 584 5313 nostram
606 5243 866 5324 conditionem,
889 5242 1020 5329 idest,
1045 5241 1279 5315 miserrimam
1303 5258 1409 5316 natu·
1562 5235 1625 5308 23·
1666 5233 1738 5307 Sed
1759 5246 1901 5307 ruentes
1920 5233 1961 5305 in
1979 5235 2108 5309 delicte
2122 5251 2245 5311 contro
2260 5242 2443 5314 eonscien-

425 5362 502 5412 ram
539 5339 767 5421 horribiliter
800 5342 1073 5416 contaminatam
1106 5357 1259 5439 peccato.
1310 5343 1409 5435 Quid
1461 5351 1549 5431 111111
1572 5335 1755 5417 excutiunt
1771 5334 1920 5428 cratim
1945 5351 1982 5412 ei
2003 5335 2179 5433 ‚Spiritum
2202 5358 2384 5428 1111111110,-
2405 5357 2443 5415 ei

425 5443 523 5515 enim
557 5444 681 5541 dicit²)
703 5445 821 5519 David
851 5440 994 5515 intuens
1024 5468 1123 5516 suam
1157 5444 1410 5524 conditionem.
1461 5439 1554 5513 fiunt
1567 5438 1622 5509 rei
1635 5439 1760 5510 mortis
1773 5450 1948 5512 aeternae.
2242 5457 2245 5462 ·

424 5537 552 5644 Egone
576 5549 771 5645 reciperer,
796 5546 861 5645 qui
882 5539 990 5618 tantis
1011 5545 1201 5621 sceleribus
1224 5574 1280 5621 me
1293 5564 1325 5623 et
1338 5547 1409 5623 Ec·
1563 5538 1627 5613 24·
1666 5538 1808 5614 11111118
1828 5553 1946 5612 tutem
1967 5542 2189 5638 recipiuntur
2209 5568 2231 5616 11
2253 5540 2333 5615 Deo
2361 5562 2441 5612 cum

525 5681 527 5685 >
1462 5641 1626 5715 conversi
1641 5655 1751 5734 agunt
1764 5641 2040 5736 poenitentiam,
2065 5660 2101 5717 et
2116 5645 2185 5717 fide
2199 5643 2442 5714 remissionem

422 5701 639 5726 -ῑ-ῑ-υιι-

459 5771 489 5843 ²)
507 5770 594 5834 tene.
606 5743 740 5835 uentus
751 5777 836 5844 ouer,
861 5789 893 5828 ιι
906 5763 1104 5825 emendatione.
1461 5758 1600 5840 petunt,
1623 5758 1663 5820 ut
1674 5740 1799 5818 Esaias
1815 5745 1951 5841 inquit:
1977 5744 2020 5821 si
2035 5760 2173 5841 peccata
2184 5755 2299 5815 vestra
2309 5741 2445 5818 fuerint
2567 5808 2580 5837 ,

427 5849 610 5920 11111111.
634 5856 739 5926 Ocra.
764 5847 941 5924 vonttll.
1152 5860 1155 5867 '
1885 5844 1937 5919 dd
