6025 6775
446 557 529 634 m.
1085 544 1351 622 rnrurrrt
1379 488 1839 627 unnaurnotvrs.
2398 559 2475 635 sss

440 740 481 799 ut
503 747 626 798 verum
648 723 840 797 discrimen
863 718 1115 815 conspiciatur,
1154 711 1332 791 Ecclesiae
1353 716 1422 794 Dei
1474 717 1546 790 Sed
1562 713 1648 790 haec
1665 718 1801 792 iustitia
1817 719 2019 793 dilectionis
2033 724 2099 796 etsi
2114 719 2173 797 hic
2191 723 2391 804 inchoanda
2406 749 2470 823 est,

440 842 474 901 el
488 828 640 899 alimum
656 838 834 899 coeluum·
1474 831 1593 890 tamen
1614 815 1732 891 adhue
1756 823 1858 893 valde
1882 824 2059 897 imbecilla
2082 839 2117 897 et
2136 829 2259 919 exigua
2281 846 2351 918 est,
2387 836 2469 908 ideo

541 925 642 999 XXI.
674 923 910 996 Meminerint
924 942 1005 1011 ergo
1020 945 1144 995 omncs
1167 923 1317 997 studiosi
1340 943 1423 1013 per·
1473 934 1614 1012 oportet
1625 923 1903 995 consolationem
1918 925 2016 996 illam
2031 928 2176 999 alteram
2191 935 2359 1023 proponi,
2374 941 2470 1029 quod

438 1044 548 1125 petuo
570 1024 663 1097 hanc
688 1028 861 1098 eruditam
884 1020 1126 1095 definitionem
1147 1023 1233 1095 fidei
1253 1022 1321 1097 hoc
1343 1025 1421 1094 loco
1473 1022 1543 1092 fide
1563 1037 1709 1116 propter
1729 1021 1844 1095 filium
1857 1024 1925 1096 Dei
1943 1027 2160 1119 placeamus,
2190 1032 2280 1103 sieut
2295 1032 2414 1108 Galat.
2431 1036 2469 1109 5.

438 1136 478 1204 ἰη
495 1144 594 1203 textu
602 1126 727 1198 Esaiae
742 1149 814 1216 cap.
828 1124 890 1198 26.
906 1122 1084 1199 arratam.
1134 1122 1242 1197 Fides
1257 1140 1309 1197 est
1321 1124 1422 1196 firma
1473 1122 1621 1195 dicitur:
1653 1122 1729 1196 Nos
1750 1126 1878 1219 spiritu
1901 1150 1943 1198 ex
1957 1125 2048 1211 fide,
2072 1154 2169 1223 spem
2187 1133 2346 1206 iusticiae
2362 1159 2469 1230 expa-

439 1230 606 1322 cogitatio
619 1242 772 1314 statuens
786 1223 902 1296 Deum
916 1226 1002 1295 dare
1014 1249 1158 1317 pacem,
1182 1227 1316 1298 scilicet
1335 1248 1423 1316 pro-
1473 1239 1619 1297 ctamus.
1649 1222 1737 1296 ltem
1752 1228 1852 1299 nulla
1864 1252 1960 1300 nunc
1975 1233 2234 1321 condemnatio,
2249 1238 2348 1328 quasi
2363 1240 2469 1325 dicat,

437 1348 520 1425 pter
534 1332 645 1401 lilium
661 1326 892 1419 promissum,
916 1340 954 1398 et
967 1329 1161 1398 accendens
1172 1327 1356 1414 fiduciam,
1380 1338 1423 1397 ut
1473 1325 1539 1398 etsi
1551 1327 1714 1399 nondum
1727 1350 1849 1400 sumus
1862 1330 1938 1399 sine
1952 1346 2106 1423 peccato,
2131 1346 2250 1406 tamen
2265 1339 2366 1410 nulla
2379 1364 2467 1411 con·
2602 1417 2606 1426 ,

438 1432 499 1505 hic
527 1430 675 1513 dicitur,
712 1440 755 1499 ut
776 1427 998 1496 confidamus
1022 1426 1190 1502 Domino.
1247 1427 1422 1519 Congruit
1472 1427 1653 1499 damnatio
1668 1442 1720 1499 est
1732 1430 1998 1503 ambulantibus
2013 1434 2052 1502 in
2065 1430 2209 1509 Christo
2224 1432 2253 1507 I
2258 1461 2345 1515 esu.

438 1548 553 1606 autem
569 1524 654 1600 haec
676 1527 839 1598 delinitio
860 1551 940 1596 cum
961 1527 1065 1600 dictis
1079 1526 1198 1601 Pauli.
1248 1528 1355 1600 Fides
1371 1541 1423 1599 est
1574 1527 1709 1601 xxtv.
1743 1527 1841 1602 llaec
1858 1532 2117 1606 doctrinavera
2133 1549 2202 1623 est,
2229 1539 2287 1629 pia
2307 1557 2341 1612 et
2365 1541 2465 1613 utilis

437 1645 571 1712 motus,
598 1652 670 1723 quo
687 1628 875 1700 statuimus
889 1628 995 1697 nobis
1017 1629 1151 1701 remitti
1172 1644 1314 1720 peccata
1336 1652 1422 1722 pro-
1472 1623 1673 1714 Ecclesiae,
1697 1632 1757 1701 sed
1774 1632 1857 1725 quia
1874 1634 1919 1703 ab
1934 1634 2060 1705 ociosis
2075 1649 2110 1707 et
2124 1661 2198 1707 nou
2218 1642 2462 1714 exercentibus

435 1748 514 1829 pter
528 1732 774 1815 mediatorem,
795 1735 830 1800 et
844 1729 1043 1801 accedimus
1056 1731 1101 1800 ad
1108 1726 1224 1802 Deum
1241 1746 1277 1803 et
1291 1732 1422 1802 clama·
1474 1729 1737 1800 invocationem
1750 1732 1789 1802 in
1803 1734 1897 1805 veris
1911 1736 2116 1824 doloribus,
2140 1762 2215 1808 non
2239 1740 2465 1836 intelligitur,

435 1826 627 1906 musAhba
637 1829 751 1902 Pater·
801 1827 900 1901 Haec
914 1830 1073 1902 definitio
1089 1830 1357 1906 traditurRom.
1367 1827 1421 1908 5.:
1472 1829 1555 1900 ideo
1571 1830 1676 1900 multi
1692 1832 1898 1905 reclamant.
2574 1917 2579 1930 „

434 1932 622 2008 lustificati
637 1934 706 2002 fide
721 1954 842 2024 pacem
857 1924 1028 2002 habemus
1042 1954 1123 2023 erga
1139 1930 1256 2005 Deum
1273 1931 1421 2027 perDo-
1576 1928 1692 2000 XXV.
1741 1926 1900 2004 Ecclesia
1932 1932 2101 2031 iutelligit
2134 1963 2198 2013 cur
2231 1942 2385 2014 subiecta
2417 1942 2464 2016 sit

434 2037 576 2107 minum
599 2047 762 2106 nostrum
775 2030 894 2103 Iesum
909 2028 1111 2119 Christum,
1143 2057 1332 2129 perquem
1357 2029 1421 2105 ha·
1473 2032 1589 2111 eruci,
1620 2044 1655 2103 et
1676 2032 1834 2122 agnoscit
1854 2033 1944 2105 iram
1958 2034 2027 2107 Dei
2048 2043 2216 2115 adversus
2239 2057 2395 2137 peccata,
2427 2058 2462 2115 et

434 2142 560 2212 bemus
589 2158 766 2208 accessum
791 2147 858 2206 etc.
921 2128 971 2204 Et
999 2130 1108 2209 Rom.
1131 2134 1185 2205 8.:
1225 2134 1422 2226 Accepistis
1472 2131 1629 2203 clamitat
1643 2156 1724 2203 cum
1739 2130 1867 2206 lesaia:
1899 2132 2111 2230 lniquitates
2132 2160 2273 2215 nostrae
2298 2157 2338 2215 ut
2360 2143 2458 2215 venti

435 2239 609 2330 Spiritum
621 2234 824 2327 adoptionis
839 2232 1008 2320 filiorum,
1025 2259 1098 2328 quo
1114 2235 1306 2314 clamamus
1315 2234 1420 2306 Abba
1445 2261 1448 2296 s
1472 2234 1735 2325 dissipaverunt
1750 2257 1834 2321 nos,
1857 2261 1926 2331 qua
1946 2262 2032 2309 voce
2049 2242 2134 2334 quid
2152 2246 2369 2335 significetur
2384 2269 2461 2316 me-

434 2340 548 2415 Pater.
604 2335 654 2409 Et
676 2332 808 2429 Ephes.
821 2335 875 2407 E:
909 2333 978 2404 Per
999 2358 1104 2427 quem
1129 2336 1301 2407 audemus
1321 2360 1419 2407 acce·
1472 2334 1543 2404 lius
1557 2334 1743 2424 intelliges,
1757 2336 1788 2404 si
1804 2336 1875 2407 iam
1884 2336 2090 2429 Hungariae
2107 2344 2353 2435 dissipationes
2366 2347 2473 2439 aspi-'

435 2445 522 2513 dere
543 2440 583 2509 in
604 2437 745 2508 fiducia.
794 2432 844 2507 Et
857 2431 988 2511 Ebrae.
1004 2434 1060 2507 th:
1094 2431 1315 2508 Accedamus
1337 2461 1418 2508 cum
1471 2434 1562 2520 cias,
1596 2446 1657 2505 aut
1680 2436 1898 2508 miserandas
1919 2436 2159 2513 Ecclesiamm
2182 2447 2462 2523 dilacerationes.

436 2540 567 2614 fiducia
583 2535 626 2609 ad
644 2534 814 2609 thronum
833 2537 978 2626 gratiae.
1471 2532 1685 2607 Moveamur
1714 2558 1797 2627 ergo
1827 2541 1957 2611 nostris
1978 2555 2012 2613 et
2030 2548 2279 2624 communibus
2298 2549 2461 2632 miseriis,

537 2637 654 2714 XXll.
677 2636 757 2710 Etsi
772 2661 853 2708 cum
869 2632 934 2707 hac
950 2637 1018 2706 fide
1032 2635 1224 2728 accipiente
1238 2635 1418 2708 remissio·
1471 2650 1506 2707 et
1537 2635 1713 2707 discamus
1746 2637 1883 2709 veram‘
1899 2642 2183 2731 invocationem,
2230 2663 2264 2721 et
2302 2662 2462 2741 petamus
2586 2679 2590 2688 ·

433 2766 518 2816 nem
548 2763 686 2833 semper
712 2738 922 2810 coniunctae
946 2749 1029 2808 sunt
1051 2737 1141 2807 aliae
1164 2738 1328 2821 virtutes,
1360 2738 1417 2807 di·
1470 2737 1599 2808 fiducia
1616 2738 1682 2808 filii
1692 2736 1760 2808 Dei
1776 2741 2018 2812 remissionem
2037 2762 2279 2837 peccatorum,
2305 2751 2460 2822 resacia.

433 2844 538 2917 leetio
553 2855 588 2913 et
601 2864 697 2933 spes,
724 2853 843 2909 tamen
864 2838 945 2909 ideo
966 2838 1112 2908 dicitur:
1139 2836 1417 2910 Fidc'iustifica-
1470 2859 1550 2907 mus
1565 2837 1702 2909 lructus
1714 2840 1841 2930 dignos
1856 2831 2086 2934 poenitentia.
2123 2848 2221 2921 llaec
2236 2852 2265 2920 si
2280 2853 2461 2935 iaciemus,

432 2947 532 3027 mur',
557 2953 599 3014 ut
611 2940 849 3030 intelligamus
863 2961 930 3011 nos
944 2963 1017 3008 non
1030 2952 1176 3032 propter
1189 2951 1327 3010 nostras
1341 2940 1416 3009 vir·
1470 2931 1556 3007 haec
1572 2938 1734 3009 doctrina
1750 2954 1785 3012 et
1798 2941 1973 3012 illustrior
1988 2945 2056 3016 erit
2071 2960 2107 3017 et
2121 2951 2273 3021 dulcior.

433 3061 543 3133 tutes,
569 3046 631 3114 sed
649 3055 794 3135 propter
805 3040 920 3110 filium
935 3039 1002 3110 Dei
1019 3037 1267 3133 recipiaDeo.
1571 3034 1707 3113 xxttt.
1747 3035 1840 3111 Cum
1860 3040 1987 3113 lesaias
2008 3048 2170 3118 nominat
2197 3050 2323 3135 fidem,
2371 3051 2457 3119 item

533 3142 673 3219 XXlll.
707 3141 855 3213 Interim
878 3145 1025 3233 prodest
1054 3155 1174 3214 tenere
1197 3137 1416 3212 differentias
1469 3137 1612 3225 delinit,
1650 3139 1756 3209 fidem
1786 3163 1860 3211 esse
1887 3143 2138 3233 cogitationem
2171 3149 2329 3231 firmam,
2362 3163 2458 3221 certe

434 3264 468 3322 et
484 3246 706 3320 definitiones
723 3238 852 3313 harum
869 3243 1054 3315 virtutum.
1096 3240 1204 3313 Fides
1219 3256 1272 3314 est
1286 3243 1416 3311 adsen-
1467 3239 1620 3332 requirit
1634 3239 1931 3331 praedicationem
1945 3246 2045 3316 verbi
2059 3244 2126 3318 Dei
2143 3272 2204 3321 seu
2216 3250 2456 3321 ministerium

431 3354 495 3425 tiri
519 3347 618 3423 omui
642 3347 752 3419 verbo
774 3343 844 3417 Dei
866 3357 902 3417 et
923 3344 1154 3437 promissioni
1185 3341 1340 3435 gratiae,
1380 3353 1416 3412 et
1467 3336 1666 3432 Evangelii.
1724 3339 1815 3413 Nam
1837 3344 1923 3415 fides
1944 3369 1984 3417 er
2009 3349 2135 3420 auditu
2157 3365 2228 3437 est,
2260 3364 2300 3425 ut
2323 3351 2456 3425 Paulus

431 3453 608 3526 confidere
618 3472 686 3521 nos
706 3449 807 3520 iuxta
826 3446 1097 3538 promissionem
1119 3442 1228 3517 aDeo
1250 3443 1362 3535 recipi
1380 3455 1416 3513 et
1467 3442 1599 3535 inquit.
1630 3424 1735 3513 'ldeo
1751 3442 1849 3516 iubet
1865 3446 1903 3515 in
1920 3461 2016 3519 textu
2033 3452 2163 3541 aperiri
2178 3467 2315 3544 portas,
2340 3455 2457 3541 idest,

433 3552 608 3625 exaudiri.
657 3549 810 3642 Spesest
823 3549 1016 3640 expectatio
1030 3549 1168 3619 futurae
1182 3544 1414 3628 liberationis.
1466 3543 1706 3615 ministerium
1720 3540 1909 3637 Evangelii
1922 3552 2092 3621 exerceri:
2120 3566 2155 3624 et
2170 3548 2229 3624 hie
2249 3555 2350 3626 locus
2371 3577 2456 3626 rur·

432 3652 616 3724 Differunt
640 3648 823 3741 perspicue
852 3650 940 3720 fides
969 3662 1003 3719 et
1030 3671 1129 3740 spes,
1163 3647 1321 3741 eoquod
1347 3646 1416 3715 lide
1466 3666 1527 3715 sus
1545 3646 1732 3731 admonet,
1765 3650 1863 3741 quod
1885 3671 1991 3741 snpra
2022 3653 2158 3724 dictum
2185 3666 2237 3725 est
2256 3652 2455 3727 Ecclesiam

432 3753 655 3848 agnoscimus
680 3752 828 3822 verbum
848 3748 939 3837 Dei,
978 3764 1015 3821 et
1036 3750 1229 3843 accipimus
1251 3768 1415 3841 praesens
1466 3746 1641 3818 iustorum
1659 3761 1822 3840 oportere
1838 3751 2005 3822 collocari
2027 3752 2064 3822 in
2088 3749 2155 3825 hac
2176 3756 2313 3827 visibili
2328 3753 2454 3826 Eccle-

431 3854 660 3940 beneficium,
684 3852 817 3925 scilicet
832 3853 1073 3924 remissionem
1089 3865 1325 3946 peccatorum.
1366 3844 1416 3918 At
1466 3847 1518 3919 sia
1535 3862 1761 3935 vocatorum,
1786 3849 1826 3920 in
1840 3875 1911 3946 qus
1935 3875 2025 3944 pura
2047 3879 2114 3925 vox
2128 3851 2318 3948 Evangelii
2340 3871 2455 3944 sonat,

429 3983 491 4051 spe
520 3968 744 4048 expectamus
768 3955 929 4025 futuram
954 3956 1129 4045 integram
1152 3953 1413 4023 liberationem.
1466 3961 1500 4019 et
1514 3973 1589 4019 non
1606 3951 1846 4023 defenduntur
1860 3952 2089 4044 pertinaciter
2104 3979 2242 4029 errores
2254 3971 2455 4052 pugnantes

430 4059 537 4151 Quod
571 4056 680 4150 igitur
713 4055 927 4127 cavillantur
960 4054 1094 4149 aliqui,
1140 4053 1307 4124 fiduciam
1340 4072 1415 4121 esse
1465 4073 1547 4121 cum
1561 4046 1772 4140 Evangelio.

428 4180 544 4237 aetum
566 4160 661 4251 spei,
686 4157 1011 4252 plane-respondeo
1032 4156 1195 4227 fiduciam
1221 4150 1417 4248 praesentis
1568 4149 1720 4225 XXVll.
1752 4149 2034 4226 Commendatur
2048 4155 2153 4229 etiam
2168 4159 2273 4231 nobis
2288 4159 2454 4246 ministe-

427 4261 728 4337 reconciliationis
745 4281 820 4330 esse
837 4271 954 4329 actum
968 4259 1071 4346 fidei,
1094 4260 1156 4329 sed
1174 4256 1340 4328 fiduciam
1353 4276 1414 4322 ex·
1465 4251 1512 4321 rii
1533 4250 1726 4339 evangelici
1751 4251 1903 4323 efficacia
1924 4267 1960 4326 et
1982 4257 2148 4347 dignitas.
2204 4260 2362 4333 Tantum
2386 4285 2453 4354 per

429 4377 624 4454 pectantem
638 4366 798 4437 futuram
813 4359 1062 4429 liberationem
1084 4382 1158 4429 esse
1185 4370 1303 4427 actum
1325 4352 1414 4446 spei.
1465 4352 1703 4423 ministerium
1723 4354 1965 4444 evangelicum
1988 4355 2085 4427 Deus
2108 4375 2161 4433 est
2182 4359 2323 4448 efficax,
2353 4363 2450 4436 iuxta

429 4461 664 4534 Dilectionem
697 4459 824 4536 lohan.
852 4459 978 4530 definit
1005 4459 1046 4528 in
1068 4457 1231 4551 Epistola
1260 4477 1339 4547 cap.
1361 4449 1413 4524 5.:
1465 4452 1573 4523 illud:
1612 4448 1847 4544 Evangelium
1880 4470 1932 4529 est
1959 4459 2116 4549 potentia
2135 4457 2205 4531 Dei
2229 4465 2275 4532 ad
2301 4464 2451 4535 salutem

430 4561 529 4634 llaec
541 4574 594 4632 est
609 4563 751 4636 dileetio
767 4562 856 4649 Dei,
881 4573 922 4632 ut
935 4562 1100 4632 mandata
1124 4560 1200 4630 eius
1223 4578 1414 4628 servemus.
1464 4557 1564 4625 omni
1594 4557 1764 4629 credenti.
1826 4553 2045 4631 Damnemus
2078 4583 2161 4652 ergo
2195 4563 2336 4635 furores
2365 4588 2450 4637 ana-

428 4661 495 4737 Est
511 4662 621 4753 igitur
635 4662 774 4738 dilectio
788 4665 876 4750 Dei,
900 4683 1039 4734 servare
1054 4663 1219 4733 mandata
1237 4659 1312 4731 eius
1330 4680 1413 4729 cum
1464 4657 1687 4749 baptisticos,
1712 4659 1776 4752 qui
1798 4659 2036 4732 ministerium
2057 4663 2249 4749 damnant,
2279 4679 2315 4736 et
2340 4689 2451 4759 quae-

427 4768 582 4861 quadam
598 4763 752 4850 laetitia,
774 4790 864 4864 quae
881 4764 1051 4847 oriturez
1067 4763 1249 4852 agnitione
1272 4759 1413 4831 miseri·
1463 4774 1549 4831 runt
1569 4782 1681 4830 novos
1701 4761 1852 4831 adflatus
1872 4761 1944 4832 suis
1968 4764 2280 4855 speculationibus.
2332 4765 2451 4839 Vene-

427 4868 587 4951 cordiae,
612 4864 860 4941 beneficiomm
876 4880 917 4939 'et
932 4865 1151 4959 praesentiae
1162 4861 1232 4933 Dei
1253 4861 1413 4934 curantis
1463 4883 1585 4932 remur
1600 4862 1705 4931 etiam
1721 4863 1855 4932 maiore
1874 4864 1992 4934 studio
2014 4877 2050 4936 et
2064 4864 2272 4938 adiuvemus
2285 4869 2451 4940 ministe-

379 5048 391 5068 ,
427 4982 462 5039 et
484 4964 689 5057 recipientis
710 4988 776 5036 uos
797 4984 943 5061 propter
962 4969 1086 5040 filium.
1143 4964 1295 5057 Pmpter
1315 4959 1412 5032 hunc
1463 4961 1559 5032 rium
1577 4958 1799 5034 in'Ecclesiis
1813 4978 1848 5035 et
1863 4960 2017 5049 scholis,
2043 4979 2077 5036 et
2101 4968 2253 5040 sciamus
2278 4965 2345 5043 hoc
2368 4971 2449 5042 offi-
2499 5030 2502 5037 .

426 5063 599 5139 lobannis
614 5067 733 5136 locum
750 5061 948 5141 scholastici
962 5072 1124 5143 doctores
1146 5069 1190 5137 de
1213 5064 1414 5147 dilectione,
1463 5062 1559 5133 cium
1574 5061 1651 5132 Deo
1674 5078 1812 5153 gratum
1837 5089 1911 5135 csse
1934 5081 1968 5137 et
1982 5065 2099 5137 Deum
2119 5083 2266 5161 propter
2285 5073 2449 5144 ministe-

425 5183 467 5244 ut
481 5165 693 5263 Philosophi
713 5171 758 5243 de
780 5168 941 5261 iusticia,
969 5169 1172 5269 universali,
1186 5165 1298 5240 locuti
1318 5175 1415 5238 sunt.
1463 5163 1559 5235 rium
1576 5162 1712 5258 aliquas
1727 5164 1870 5257 politius
1883 5179 2105 5240 servaturum
2118 5191 2206 5248 esse.
