<?xml version="1.0" encoding="UTF-8"?>
<!DOCTYPE html PUBLIC "-//W3C//DTD XHTML 1.0 Transitional//EN"
    "http://www.w3.org/TR/xhtml1/DTD/xhtml1-transitional.dtd">
<html xmlns="http://www.w3.org/1999/xhtml" xml:lang="en" lang="en">
 <head>
  <title>
</title>
<meta http-equiv="Content-Type" content="text/html;charset=utf-8" />
  <meta name='ocr-system' content='tesseract 3.04.00' />
  <meta name='ocr-capabilities' content='ocr_page ocr_carea ocr_par ocr_line ocrx_word'/>
</head>
<body>
  <div class='ocr_page' id='page_1' title='image "./philippimelanth12melagoog/philippimelanth12melagoog_0166.png"; bbox 0 0 6025 6775; ppageno 0'>
   <div class='ocr_carea' id='block_1_1' title="bbox 497 700 567 767">
    <p class='ocr_par' dir='ltr' id='par_1_1' title="bbox 497 700 567 767">
     <span class='ocr_line' id='line_1_1' title="bbox 497 700 567 767; baseline 0 0"><span class='ocrx_word' id='word_1_1' title='bbox 497 700 567 767; x_wconf 76' lang='lat'><strong>311</strong></span> 
     </span>
    </p>
   </div>
   <div class='ocr_carea' id='block_1_2' title="bbox 455 958 1485 5333">
    <p class='ocr_par' dir='ltr' id='par_1_2' title="bbox 502 958 1485 3397">
     <span class='ocr_line' id='line_1_2' title="bbox 502 958 1485 1063; baseline -0.008 -22"><span class='ocrx_word' id='word_1_2' title='bbox 502 998 575 1041; x_wconf 90' lang='lat' dir='ltr'><strong>sam</strong></span> <span class='ocrx_word' id='word_1_3' title='bbox 599 984 740 1063; x_wconf 91' lang='lat' dir='ltr'><strong>paratus</strong></span> <span class='ocrx_word' id='word_1_4' title='bbox 763 978 920 1050; x_wconf 90' lang='lat' dir='ltr'><strong>venerat,</strong></span> <span class='ocrx_word' id='word_1_5' title='bbox 945 965 983 1032; x_wconf 91' lang='lat' dir='ltr'><strong>in</strong></span> <span class='ocrx_word' id='word_1_6' title='bbox 1006 958 1097 1032; x_wconf 89' lang='lat' dir='ltr'><strong>hanc</strong></span> <span class='ocrx_word' id='word_1_7' title='bbox 1111 965 1321 1034; x_wconf 73' lang='lat' dir='ltr'><strong>sententiam</strong></span> <span class='ocrx_word' id='word_1_8' title='bbox 1337 988 1485 1055; x_wconf 87' lang='lat' dir='ltr'><strong>respon·</strong></span> 
     </span>
     <span class='ocr_line' id='line_1_3' title="bbox 503 1062 1485 1157; baseline -0.007 -14"><span class='ocrx_word' id='word_1_9' title='bbox 503 1078 572 1143; x_wconf 89' lang='lat' dir='ltr'><strong>dit:</strong></span> <span class='ocrx_word' id='word_1_10' title='bbox 598 1070 745 1157; x_wconf 90' lang='lat' dir='ltr'><strong>„Credo</strong></span> <span class='ocrx_word' id='word_1_11' title='bbox 766 1091 829 1157; x_wconf 90' lang='lat' dir='ltr'><strong>ego</strong></span> <span class='ocrx_word' id='word_1_12' title='bbox 854 1079 887 1135; x_wconf 92' lang='lat' dir='ltr'><strong>te</strong></span> <span class='ocrx_word' id='word_1_13' title='bbox 902 1065 1027 1136; x_wconf 84' lang='lat' dir='ltr'><strong>Garole</strong></span> <span class='ocrx_word' id='word_1_14' title='bbox 1044 1062 1257 1156; x_wconf 73' lang='lat' dir='ltr'>Imperator,</span> <span class='ocrx_word' id='word_1_15' title='bbox 1283 1080 1318 1137; x_wconf 91' lang='lat' dir='ltr'><strong>et</strong></span> <span class='ocrx_word' id='word_1_16' title='bbox 1342 1079 1404 1135; x_wconf 92' lang='lat' dir='ltr'><strong>tuo</strong></span> <span class='ocrx_word' id='word_1_17' title='bbox 1427 1067 1485 1136; x_wconf 93' lang='lat' dir='ltr'><strong>iu·</strong></span> 
     </span>
     <span class='ocr_line' id='line_1_4' title="bbox 503 1166 1485 1252; baseline -0.009 -7"><span class='ocrx_word' id='word_1_18' title='bbox 503 1175 597 1245; x_wconf 89' lang='lat' dir='ltr'><strong>dicio</strong></span> <span class='ocrx_word' id='word_1_19' title='bbox 618 1183 820 1243; x_wconf 82' lang='lat' dir='ltr'>reverenter</span> <span class='ocrx_word' id='word_1_20' title='bbox 847 1166 1055 1236; x_wconf 79' lang='lat' dir='ltr'><strong>sentientem</strong></span> <span class='ocrx_word' id='word_1_21' title='bbox 1087 1170 1131 1235; x_wconf 89' lang='lat' dir='ltr'><strong>de</strong></span> <span class='ocrx_word' id='word_1_22' title='bbox 1157 1168 1382 1238; x_wconf 91' lang='lat' dir='ltr'><strong>invocatione</strong></span> <span class='ocrx_word' id='word_1_23' title='bbox 1408 1167 1485 1252; x_wconf 90' lang='lat' dir='ltr'><strong>Dei,</strong></span> 
     </span>
     <span class='ocr_line' id='line_1_5' title="bbox 504 1267 1485 1359; baseline -0.011 -14"><span class='ocrx_word' id='word_1_24' title='bbox 504 1292 538 1347; x_wconf 94' lang='lat' dir='ltr'><strong>et</strong></span> <span class='ocrx_word' id='word_1_25' title='bbox 555 1275 738 1346; x_wconf 86' lang='lat' dir='ltr'><strong>incitatum</strong></span> <span class='ocrx_word' id='word_1_26' title='bbox 753 1268 1076 1339; x_wconf 79' lang='lat' dir='ltr'><strong>laudatissimorum</strong></span> <span class='ocrx_word' id='word_1_27' title='bbox 1086 1267 1291 1359; x_wconf 87' lang='lat' dir='ltr'><strong>Principum</strong></span> <span class='ocrx_word' id='word_1_28' title='bbox 1306 1270 1485 1358; x_wconf 83' lang='lat' dir='ltr'><strong>exemplis,</strong></span> 
     </span>
     <span class='ocr_line' id='line_1_6' title="bbox 503 1366 1485 1472; baseline -0.006 -25"><span class='ocrx_word' id='word_1_29' title='bbox 503 1382 600 1449; x_wconf 91' lang='lat' dir='ltr'><strong>bono</strong></span> <span class='ocrx_word' id='word_1_30' title='bbox 626 1374 740 1446; x_wconf 91' lang='lat' dir='ltr'><strong>studio</strong></span> <span class='ocrx_word' id='word_1_31' title='bbox 761 1369 947 1464; x_wconf 90' lang='lat' dir='ltr'><strong>Synodum</strong></span> <span class='ocrx_word' id='word_1_32' title='bbox 970 1371 1140 1472; x_wconf 74' lang='lat' dir='ltr'><strong>flagitare.</strong></span> <span class='ocrx_word' id='word_1_33' title='bbox 1189 1370 1261 1441; x_wconf 90' lang='lat' dir='ltr'><strong>Sed</strong></span> <span class='ocrx_word' id='word_1_34' title='bbox 1282 1366 1346 1438; x_wconf 91' lang='lat' dir='ltr'><strong>hac</strong></span> <span class='ocrx_word' id='word_1_35' title='bbox 1371 1371 1414 1439; x_wconf 90' lang='lat' dir='ltr'><strong>de</strong></span> <span class='ocrx_word' id='word_1_36' title='bbox 1436 1396 1485 1455; x_wconf 88' lang='lat' dir='ltr'><strong>re,</strong></span> 
     </span>
     <span class='ocr_line' id='line_1_7' title="bbox 505 1470 1485 1573; baseline -0.007 -25"><span class='ocrx_word' id='word_1_37' title='bbox 505 1484 628 1573; x_wconf 90' lang='lat' dir='ltr'><strong>inqua</strong></span> <span class='ocrx_word' id='word_1_38' title='bbox 646 1474 839 1565; x_wconf 94' lang='lat' dir='ltr'><strong>plurimum</strong></span> <span class='ocrx_word' id='word_1_39' title='bbox 857 1486 909 1543; x_wconf 90' lang='lat' dir='ltr'><strong>est</strong></span> <span class='ocrx_word' id='word_1_40' title='bbox 923 1472 1073 1564; x_wconf 88' lang='lat' dir='ltr'><strong>periculi</strong></span> <span class='ocrx_word' id='word_1_41' title='bbox 1090 1470 1280 1557; x_wconf 78' lang='lat' dir='ltr'><strong>Ecclesiae,</strong></span> <span class='ocrx_word' id='word_1_42' title='bbox 1295 1472 1393 1564; x_wconf 90' lang='lat' dir='ltr'><strong>prior</strong></span> <span class='ocrx_word' id='word_1_43' title='bbox 1410 1495 1485 1542; x_wconf 90' lang='lat' dir='ltr'><strong>esse</strong></span> 
     </span>
     <span class='ocr_line' id='line_1_8' title="bbox 503 1573 1484 1665; baseline -0.004 -16"><span class='ocrx_word' id='word_1_44' title='bbox 503 1604 579 1649; x_wconf 90' lang='lat' dir='ltr'><strong>mea</strong></span> <span class='ocrx_word' id='word_1_45' title='bbox 615 1576 825 1645; x_wconf 89' lang='lat' dir='ltr'><strong>deliberatio</strong></span> <span class='ocrx_word' id='word_1_46' title='bbox 853 1575 977 1659; x_wconf 90' lang='lat' dir='ltr'><strong>debet,</strong></span> <span class='ocrx_word' id='word_1_47' title='bbox 1009 1589 1043 1643; x_wconf 87' lang='lat' dir='ltr'><strong>ct</strong></span> <span class='ocrx_word' id='word_1_48' title='bbox 1077 1575 1264 1665; x_wconf 84' lang='lat' dir='ltr'><strong>praecipua</strong></span> <span class='ocrx_word' id='word_1_49' title='bbox 1302 1573 1484 1645; x_wconf 90' lang='lat' dir='ltr'><strong>autoritas.</strong></span> 
     </span>
     <span class='ocr_line' id='line_1_9' title="bbox 503 1665 1484 1768; baseline -0.005 -17"><span class='ocrx_word' id='word_1_50' title='bbox 503 1665 591 1751; x_wconf 81' lang='lat' dir='ltr'><strong>Nam</strong></span> <span class='ocrx_word' id='word_1_51' title='bbox 609 1691 739 1748; x_wconf 91' lang='lat' dir='ltr'><strong>utnon</strong></span> <span class='ocrx_word' id='word_1_52' title='bbox 756 1678 932 1768; x_wconf 90' lang='lat' dir='ltr'><strong>disputem</strong></span> <span class='ocrx_word' id='word_1_53' title='bbox 952 1675 1129 1745; x_wconf 83' lang='lat' dir='ltr'><strong>subtiliter</strong></span> <span class='ocrx_word' id='word_1_54' title='bbox 1144 1678 1187 1745; x_wconf 91' lang='lat' dir='ltr'><strong>de</strong></span> <span class='ocrx_word' id='word_1_55' title='bbox 1205 1700 1282 1746; x_wconf 91' lang='lat' dir='ltr'><strong>meo</strong></span> <span class='ocrx_word' id='word_1_56' title='bbox 1297 1676 1387 1760; x_wconf 90' lang='lat' dir='ltr'><strong>iure,</strong></span> <span class='ocrx_word' id='word_1_57' title='bbox 1415 1671 1484 1746; x_wconf 88' lang='lat' dir='ltr'><strong>boc</strong></span> 
     </span>
     <span class='ocr_line' id='line_1_10' title="bbox 503 1775 1485 1873; baseline -0.007 -21"><span class='ocrx_word' id='word_1_58' title='bbox 503 1794 656 1863; x_wconf 88' lang='lat' dir='ltr'><strong>constat,</strong></span> <span class='ocrx_word' id='word_1_59' title='bbox 690 1779 875 1873; x_wconf 88' lang='lat' dir='ltr'><strong>Synodum</strong></span> <span class='ocrx_word' id='word_1_60' title='bbox 900 1777 1090 1847; x_wconf 90' lang='lat' dir='ltr'><strong>Nicaenam</strong></span> <span class='ocrx_word' id='word_1_61' title='bbox 1115 1777 1256 1847; x_wconf 92' lang='lat' dir='ltr'><strong>iussisse</strong></span> <span class='ocrx_word' id='word_1_62' title='bbox 1279 1780 1324 1846; x_wconf 88' lang='lat' dir='ltr'><strong>ad</strong></span> <span class='ocrx_word' id='word_1_63' title='bbox 1348 1775 1485 1848; x_wconf 91' lang='lat' dir='ltr'><strong>Roma-</strong></span> 
     </span>
     <span class='ocr_line' id='line_1_11' title="bbox 503 1875 1482 1974; baseline -0.007 -21"><span class='ocrx_word' id='word_1_64' title='bbox 503 1908 589 1954; x_wconf 91' lang='lat' dir='ltr'><strong>num</strong></span> <span class='ocrx_word' id='word_1_65' title='bbox 602 1880 818 1974; x_wconf 80' lang='lat' dir='ltr'><strong>Episcopum</strong></span> <span class='ocrx_word' id='word_1_66' title='bbox 834 1880 963 1948; x_wconf 90' lang='lat' dir='ltr'><strong>deferri</strong></span> <span class='ocrx_word' id='word_1_67' title='bbox 980 1880 1237 1950; x_wconf 89' lang='lat' dir='ltr'><strong>controversias</strong></span> <span class='ocrx_word' id='word_1_68' title='bbox 1246 1875 1482 1948; x_wconf 84' lang='lat' dir='ltr'><strong>Ecclesiarum</strong></span> 
     </span>
     <span class='ocr_line' id='line_1_12' title="bbox 503 1978 1484 2073; baseline -0.001 -19"><span class='ocrx_word' id='word_1_69' title='bbox 503 1982 732 2068; x_wconf 87' lang='lat' dir='ltr'><strong>Occidentis,</strong></span> <span class='ocrx_word' id='word_1_70' title='bbox 758 1997 792 2051; x_wconf 92' lang='lat' dir='ltr'><strong>ct</strong></span> <span class='ocrx_word' id='word_1_71' title='bbox 815 1995 973 2052; x_wconf 91' lang='lat' dir='ltr'><strong>nostram</strong></span> <span class='ocrx_word' id='word_1_72' title='bbox 997 1984 1114 2051; x_wconf 90' lang='lat' dir='ltr'><strong>sedem</strong></span> <span class='ocrx_word' id='word_1_73' title='bbox 1136 1982 1294 2050; x_wconf 90' lang='lat' dir='ltr'><strong>indicere</strong></span> <span class='ocrx_word' id='word_1_74' title='bbox 1307 1978 1484 2073; x_wconf 88' lang='lat' dir='ltr'><strong>Synodos.</strong></span> 
     </span>
     <span class='ocr_line' id='line_1_13' title="bbox 503 2079 1485 2178; baseline -0.005 -21"><span class='ocrx_word' id='word_1_75' title='bbox 503 2085 615 2178; x_wconf 83' lang='lat' dir='ltr'><strong>Saepe</strong></span> <span class='ocrx_word' id='word_1_76' title='bbox 631 2087 739 2176; x_wconf 89' lang='lat' dir='ltr'><strong>igitur</strong></span> <span class='ocrx_word' id='word_1_77' title='bbox 756 2098 836 2152; x_wconf 88' lang='lat' dir='ltr'><strong>ante</strong></span> <span class='ocrx_word' id='word_1_78' title='bbox 854 2079 921 2152; x_wconf 91' lang='lat' dir='ltr'><strong>boc</strong></span> <span class='ocrx_word' id='word_1_79' title='bbox 936 2096 1092 2175; x_wconf 90' lang='lat' dir='ltr'><strong>tempus,</strong></span> <span class='ocrx_word' id='word_1_80' title='bbox 1119 2096 1153 2152; x_wconf 89' lang='lat' dir='ltr'><strong>et</strong></span> <span class='ocrx_word' id='word_1_81' title='bbox 1170 2106 1308 2151; x_wconf 91' lang='lat' dir='ltr'><strong>mecum</strong></span> <span class='ocrx_word' id='word_1_82' title='bbox 1330 2086 1422 2171; x_wconf 89' lang='lat' dir='ltr'><strong>ipse,</strong></span> <span class='ocrx_word' id='word_1_83' title='bbox 1449 2096 1485 2153; x_wconf 90' lang='lat' dir='ltr'><strong>et</strong></span> 
     </span>
     <span class='ocr_line' id='line_1_14' title="bbox 503 2183 1484 2268; baseline -0.006 -10"><span class='ocrx_word' id='word_1_84' title='bbox 503 2212 583 2258; x_wconf 87' lang='lat' dir='ltr'><strong>cum</strong></span> <span class='ocrx_word' id='word_1_85' title='bbox 600 2183 668 2256; x_wconf 93' lang='lat' dir='ltr'><strong>hoc</strong></span> <span class='ocrx_word' id='word_1_86' title='bbox 684 2185 861 2264; x_wconf 89' lang='lat' dir='ltr'><strong>Genutio,</strong></span> <span class='ocrx_word' id='word_1_87' title='bbox 887 2197 921 2254; x_wconf 91' lang='lat' dir='ltr'><strong>et</strong></span> <span class='ocrx_word' id='word_1_88' title='bbox 936 2183 1126 2268; x_wconf 88' lang='lat' dir='ltr'><strong>Farncsio,</strong></span> <span class='ocrx_word' id='word_1_89' title='bbox 1153 2184 1287 2254; x_wconf 84' lang='lat' dir='ltr'><strong>etaliis</strong></span> <span class='ocrx_word' id='word_1_90' title='bbox 1309 2184 1484 2253; x_wconf 88' lang='lat' dir='ltr'><strong>delibera-</strong></span> 
     </span>
     <span class='ocr_line' id='line_1_15' title="bbox 503 2281 1484 2383; baseline -0.002 -26"><span class='ocrx_word' id='word_1_91' title='bbox 503 2290 559 2375; x_wconf 88' lang='lat' dir='ltr'><strong>vi,</strong></span> <span class='ocrx_word' id='word_1_92' title='bbox 603 2289 782 2383; x_wconf 91' lang='lat' dir='ltr'><strong>quomodo</strong></span> <span class='ocrx_word' id='word_1_93' title='bbox 806 2281 983 2355; x_wconf 85' lang='lat' dir='ltr'><strong>Ecclesiae</strong></span> <span class='ocrx_word' id='word_1_94' title='bbox 1015 2288 1092 2377; x_wconf 89' lang='lat' dir='ltr'><strong>paci</strong></span> <span class='ocrx_word' id='word_1_95' title='bbox 1126 2285 1383 2354; x_wconf 91' lang='lat' dir='ltr'><strong>consulendum</strong></span> <span class='ocrx_word' id='word_1_96' title='bbox 1418 2286 1484 2370; x_wconf 87' lang='lat' dir='ltr'><strong>sit,</strong></span> 
     </span>
     <span class='ocr_line' id='line_1_16' title="bbox 502 2386 1484 2483; baseline -0.008 -22"><span class='ocrx_word' id='word_1_97' title='bbox 502 2392 648 2483; x_wconf 88' lang='lat' dir='ltr'><strong>priusne</strong></span> <span class='ocrx_word' id='word_1_98' title='bbox 670 2391 708 2457; x_wconf 90' lang='lat' dir='ltr'><strong>iu</strong></span> <span class='ocrx_word' id='word_1_99' title='bbox 729 2387 876 2482; x_wconf 90' lang='lat' dir='ltr'><strong>Synodo</strong></span> <span class='ocrx_word' id='word_1_100' title='bbox 896 2411 951 2456; x_wconf 92' lang='lat' dir='ltr'><strong>res</strong></span> <span class='ocrx_word' id='word_1_101' title='bbox 976 2388 1210 2478; x_wconf 88' lang='lat' dir='ltr'><strong>disputandae</strong></span> <span class='ocrx_word' id='word_1_102' title='bbox 1232 2386 1322 2470; x_wconf 92' lang='lat' dir='ltr'><strong>sint,</strong></span> <span class='ocrx_word' id='word_1_103' title='bbox 1347 2408 1394 2453; x_wconf 91' lang='lat' dir='ltr'><strong>an</strong></span> <span class='ocrx_word' id='word_1_104' title='bbox 1417 2411 1484 2477; x_wconf 84' lang='lat' dir='ltr'><strong>po·</strong></span> 
     </span>
     <span class='ocr_line' id='line_1_17' title="bbox 504 2488 1484 2581; baseline -0.007 -18"><span class='ocrx_word' id='word_1_105' title='bbox 504 2493 574 2563; x_wconf 87' lang='lat' dir='ltr'><strong>tius</strong></span> <span class='ocrx_word' id='word_1_106' title='bbox 590 2504 726 2563; x_wconf 91' lang='lat' dir='ltr'><strong>tantum</strong></span> <span class='ocrx_word' id='word_1_107' title='bbox 744 2490 852 2558; x_wconf 92' lang='lat' dir='ltr'><strong>armis</strong></span> <span class='ocrx_word' id='word_1_108' title='bbox 864 2489 1095 2579; x_wconf 91' lang='lat' dir='ltr'><strong>opprimendi</strong></span> <span class='ocrx_word' id='word_1_109' title='bbox 1110 2489 1193 2568; x_wconf 87' lang='lat' dir='ltr'><strong>sint,</strong></span> <span class='ocrx_word' id='word_1_110' title='bbox 1219 2490 1282 2581; x_wconf 89' lang='lat' dir='ltr'><strong>qui</strong></span> <span class='ocrx_word' id='word_1_111' title='bbox 1298 2488 1484 2557; x_wconf 84' lang='lat' dir='ltr'><strong>discedent</strong></span> 
     </span>
     <span class='ocr_line' id='line_1_18' title="bbox 503 2587 1484 2682; baseline -0.006 -18"><span class='ocrx_word' id='word_1_112' title='bbox 503 2619 525 2664; x_wconf 93' lang='lat' dir='ltr'><strong>a</strong></span> <span class='ocrx_word' id='word_1_113' title='bbox 540 2594 688 2663; x_wconf 85' lang='lat' dir='ltr'><strong>decretis</strong></span> <span class='ocrx_word' id='word_1_114' title='bbox 703 2606 737 2661; x_wconf 93' lang='lat' dir='ltr'><strong>et</strong></span> <span class='ocrx_word' id='word_1_115' title='bbox 755 2591 985 2681; x_wconf 88' lang='lat' dir='ltr'><strong>opinionibus</strong></span> <span class='ocrx_word' id='word_1_116' title='bbox 999 2603 1100 2659; x_wconf 88' lang='lat' dir='ltr'><strong>antea</strong></span> <span class='ocrx_word' id='word_1_117' title='bbox 1126 2589 1284 2682; x_wconf 89' lang='lat' dir='ltr'><strong>receptis.</strong></span> <span class='ocrx_word' id='word_1_118' title='bbox 1336 2587 1416 2677; x_wconf 86' lang='lat' dir='ltr'><strong>Qua</strong></span> <span class='ocrx_word' id='word_1_119' title='bbox 1440 2591 1484 2658; x_wconf 89' lang='lat' dir='ltr'><strong>de</strong></span> 
     </span>
     <span class='ocr_line' id='line_1_19' title="bbox 504 2689 1483 2784; baseline -0.006 -20"><span class='ocrx_word' id='word_1_120' title='bbox 504 2719 553 2779; x_wconf 94' lang='lat' dir='ltr'><strong>re,</strong></span> <span class='ocrx_word' id='word_1_121' title='bbox 579 2720 658 2764; x_wconf 92' lang='lat' dir='ltr'><strong>cum</strong></span> <span class='ocrx_word' id='word_1_122' title='bbox 674 2715 844 2776; x_wconf 87' lang='lat' dir='ltr'><strong>censeam,</strong></span> <span class='ocrx_word' id='word_1_123' title='bbox 869 2716 941 2759; x_wconf 92' lang='lat' dir='ltr'><strong>non</strong></span> <span class='ocrx_word' id='word_1_124' title='bbox 958 2692 1184 2761; x_wconf 87' lang='lat' dir='ltr'><strong>indicendam</strong></span> <span class='ocrx_word' id='word_1_125' title='bbox 1199 2714 1273 2761; x_wconf 86' lang='lat' dir='ltr'><strong>esse</strong></span> <span class='ocrx_word' id='word_1_126' title='bbox 1286 2689 1483 2784; x_wconf 91' lang='lat' dir='ltr'><strong>Synodum,</strong></span> 
     </span>
     <span class='ocr_line' id='line_1_20' title="bbox 504 2788 1484 2887; baseline -0.005 -21"><span class='ocrx_word' id='word_1_127' title='bbox 504 2796 608 2866; x_wconf 91' lang='lat' dir='ltr'><strong>initio</strong></span> <span class='ocrx_word' id='word_1_128' title='bbox 635 2806 751 2887; x_wconf 54' lang='lat' dir='ltr'><strong>poto.</strong></span> <span class='ocrx_word' id='word_1_129' title='bbox 770 2817 816 2861; x_wconf 89' lang='lat' dir='ltr'><strong>ne</strong></span> <span class='ocrx_word' id='word_1_130' title='bbox 839 2788 928 2861; x_wconf 92' lang='lat' dir='ltr'><strong>mihi</strong></span> <span class='ocrx_word' id='word_1_131' title='bbox 951 2807 1013 2864; x_wconf 93' lang='lat' dir='ltr'><strong>aut</strong></span> <span class='ocrx_word' id='word_1_132' title='bbox 1036 2794 1164 2885; x_wconf 90' lang='lat' dir='ltr'><strong>opibus</strong></span> <span class='ocrx_word' id='word_1_133' title='bbox 1184 2790 1368 2864; x_wconf 88' lang='lat' dir='ltr'><strong>Romanae</strong></span> <span class='ocrx_word' id='word_1_134' title='bbox 1390 2794 1484 2861; x_wconf 90' lang='lat' dir='ltr'><strong>sedis</strong></span> 
     </span>
     <span class='ocr_line' id='line_1_21' title="bbox 503 2892 1482 2968; baseline -0.004 -1"><span class='ocrx_word' id='word_1_135' title='bbox 503 2911 662 2968; x_wconf 88' lang='lat' dir='ltr'><strong>metuere</strong></span> <span class='ocrx_word' id='word_1_136' title='bbox 679 2896 865 2965; x_wconf 83' lang='lat' dir='ltr'><strong>existimes.</strong></span> <span class='ocrx_word' id='word_1_137' title='bbox 916 2892 1086 2964; x_wconf 91' lang='lat' dir='ltr'><strong>Ioannem</strong></span> <span class='ocrx_word' id='word_1_138' title='bbox 1111 2895 1316 2965; x_wconf 85' lang='lat' dir='ltr'><strong>vicesimum</strong></span> <span class='ocrx_word' id='word_1_139' title='bbox 1337 2895 1482 2965; x_wconf 91' lang='lat' dir='ltr'><strong>tertium</strong></span> 
     </span>
     <span class='ocr_line' id='line_1_22' title="bbox 504 2993 1483 3090; baseline -0.006 -21"><span class='ocrx_word' id='word_1_140' title='bbox 504 3001 606 3071; x_wconf 90' lang='lat' dir='ltr'><strong>aiunt</strong></span> <span class='ocrx_word' id='word_1_141' title='bbox 635 2997 865 3090; x_wconf 90' lang='lat' dir='ltr'><strong>poenituisse,</strong></span> <span class='ocrx_word' id='word_1_142' title='bbox 905 2998 1000 3090; x_wconf 91' lang='lat' dir='ltr'><strong>quod</strong></span> <span class='ocrx_word' id='word_1_143' title='bbox 1025 2996 1211 3090; x_wconf 90' lang='lat' dir='ltr'><strong>Synodum</strong></span> <span class='ocrx_word' id='word_1_144' title='bbox 1231 2993 1483 3066; x_wconf 81' lang='lat' dir='ltr'><strong>Constantian-</strong></span> 
     </span>
     <span class='ocr_line' id='line_1_23' title="bbox 504 3098 1481 3186; baseline -0.005 -14"><span class='ocrx_word' id='word_1_145' title='bbox 504 3099 577 3173; x_wconf 85' lang='lat' dir='ltr'><strong>sem</strong></span> <span class='ocrx_word' id='word_1_146' title='bbox 604 3110 875 3178; x_wconf 85' lang='lat' dir='ltr'><strong>convocaverat,</strong></span> <span class='ocrx_word' id='word_1_147' title='bbox 907 3122 986 3167; x_wconf 92' lang='lat' dir='ltr'><strong>cum</strong></span> <span class='ocrx_word' id='word_1_148' title='bbox 1009 3123 1089 3169; x_wconf 90' lang='lat' dir='ltr'><strong>eum</strong></span> <span class='ocrx_word' id='word_1_149' title='bbox 1112 3123 1153 3167; x_wconf 85' lang='lat' dir='ltr'><strong>ex</strong></span> <span class='ocrx_word' id='word_1_150' title='bbox 1177 3122 1315 3166; x_wconf 89' lang='lat' dir='ltr'><strong>summo</strong></span> <span class='ocrx_word' id='word_1_151' title='bbox 1343 3098 1481 3186; x_wconf 89' lang='lat' dir='ltr'><strong>fastigio</strong></span> 
     </span>
     <span class='ocr_line' id='line_1_24' title="bbox 503 3199 1482 3291; baseline -0.008 -18"><span class='ocrx_word' id='word_1_152' title='bbox 503 3204 678 3276; x_wconf 87' lang='lat' dir='ltr'><strong>deiiceret.</strong></span> <span class='ocrx_word' id='word_1_153' title='bbox 730 3199 805 3290; x_wconf 86' lang='lat' dir='ltr'><strong>Ego</strong></span> <span class='ocrx_word' id='word_1_154' title='bbox 824 3224 906 3270; x_wconf 87' lang='lat' dir='ltr'><strong>vcro</strong></span> <span class='ocrx_word' id='word_1_155' title='bbox 922 3215 1085 3291; x_wconf 84' lang='lat' dir='ltr'><strong>expertus</strong></span> <span class='ocrx_word' id='word_1_156' title='bbox 1112 3200 1229 3269; x_wconf 90' lang='lat' dir='ltr'><strong>variae</strong></span> <span class='ocrx_word' id='word_1_157' title='bbox 1249 3200 1410 3267; x_wconf 91' lang='lat' dir='ltr'><strong>fortunae</strong></span> <span class='ocrx_word' id='word_1_158' title='bbox 1427 3200 1482 3266; x_wconf 90' lang='lat' dir='ltr'><strong>vi-</strong></span> 
     </span>
     <span class='ocr_line' id='line_1_25' title="bbox 503 3295 1483 3397; baseline -0.008 -20"><span class='ocrx_word' id='word_1_159' title='bbox 503 3329 578 3392; x_wconf 89' lang='lat' dir='ltr'><strong>ces,</strong></span> <span class='ocrx_word' id='word_1_160' title='bbox 604 3329 720 3397; x_wconf 87' lang='lat' dir='ltr'><strong>nuper</strong></span> <span class='ocrx_word' id='word_1_161' title='bbox 733 3304 836 3372; x_wconf 89' lang='lat' dir='ltr'><strong>etiam</strong></span> <span class='ocrx_word' id='word_1_162' title='bbox 853 3315 993 3394; x_wconf 88' lang='lat' dir='ltr'><strong>captus,</strong></span> <span class='ocrx_word' id='word_1_163' title='bbox 1013 3303 1128 3392; x_wconf 91' lang='lat' dir='ltr'><strong>cogito</strong></span> <span class='ocrx_word' id='word_1_164' title='bbox 1142 3327 1215 3372; x_wconf 91' lang='lat' dir='ltr'><strong>non</strong></span> <span class='ocrx_word' id='word_1_165' title='bbox 1237 3300 1350 3369; x_wconf 92' lang='lat' dir='ltr'><strong>solum</strong></span> <span class='ocrx_word' id='word_1_166' title='bbox 1366 3295 1483 3370; x_wconf 90' lang='lat' dir='ltr'><strong>hono-</strong></span> 
     </span>
    </p>

    <p class='ocr_par' dir='ltr' id='par_1_3' title="bbox 455 3400 1484 5333">
     <span class='ocr_line' id='line_1_26' title="bbox 501 3400 1483 3500; baseline -0.006 -21"><span class='ocrx_word' id='word_1_167' title='bbox 501 3432 557 3479; x_wconf 87' lang='lat' dir='ltr'><strong>res</strong></span> <span class='ocrx_word' id='word_1_168' title='bbox 581 3420 616 3478; x_wconf 90' lang='lat' dir='ltr'><strong>et</strong></span> <span class='ocrx_word' id='word_1_169' title='bbox 634 3407 848 3500; x_wconf 89' lang='lat' dir='ltr'><strong>potentiam,</strong></span> <span class='ocrx_word' id='word_1_170' title='bbox 873 3406 932 3472; x_wconf 90' lang='lat' dir='ltr'><strong>sed</strong></span> <span class='ocrx_word' id='word_1_171' title='bbox 956 3400 1048 3474; x_wconf 92' lang='lat' dir='ltr'><strong>hanc</strong></span> <span class='ocrx_word' id='word_1_172' title='bbox 1072 3406 1184 3495; x_wconf 89' lang='lat' dir='ltr'><strong>ipsam</strong></span> <span class='ocrx_word' id='word_1_173' title='bbox 1207 3404 1315 3473; x_wconf 89' lang='lat' dir='ltr'><strong>vitam</strong></span> <span class='ocrx_word' id='word_1_174' title='bbox 1341 3428 1483 3496; x_wconf 89' lang='lat' dir='ltr'><strong>quoque</strong></span> 
     </span>
     <span class='ocr_line' id='line_1_27' title="bbox 455 3499 1484 3601; baseline -0.007 -20"><span class='ocrx_word' id='word_1_175' title='bbox 455 3499 457 3504; x_wconf 42' lang='lat'><em>⁷</em></span> <span class='ocrx_word' id='word_1_176' title='bbox 501 3510 742 3601; x_wconf 75' lang='lat' dir='ltr'><strong>fugacissimos</strong></span> <span class='ocrx_word' id='word_1_177' title='bbox 756 3507 901 3576; x_wconf 92' lang='lat' dir='ltr'><strong>umbras</strong></span> <span class='ocrx_word' id='word_1_178' title='bbox 915 3529 1006 3590; x_wconf 90' lang='lat' dir='ltr'><strong>esse,</strong></span> <span class='ocrx_word' id='word_1_179' title='bbox 1032 3521 1066 3575; x_wconf 89' lang='lat' dir='ltr'><strong>et</strong></span> <span class='ocrx_word' id='word_1_180' title='bbox 1082 3506 1275 3598; x_wconf 88' lang='lat' dir='ltr'><strong>tranquillo</strong></span> <span class='ocrx_word' id='word_1_181' title='bbox 1291 3505 1411 3574; x_wconf 92' lang='lat' dir='ltr'><strong>animo</strong></span> <span class='ocrx_word' id='word_1_182' title='bbox 1426 3530 1484 3574; x_wconf 89' lang='lat' dir='ltr'><strong>ce-</strong></span> 
     </span>
     <span class='ocr_line' id='line_1_28' title="bbox 502 3605 1482 3700; baseline -0.008 -18"><span class='ocrx_word' id='word_1_183' title='bbox 502 3616 584 3682; x_wconf 92' lang='lat' dir='ltr'><strong>dam</strong></span> <span class='ocrx_word' id='word_1_184' title='bbox 603 3614 647 3682; x_wconf 91' lang='lat' dir='ltr'><strong>de</strong></span> <span class='ocrx_word' id='word_1_185' title='bbox 662 3607 727 3681; x_wconf 91' lang='lat' dir='ltr'><strong>hac</strong></span> <span class='ocrx_word' id='word_1_186' title='bbox 741 3608 911 3689; x_wconf 91' lang='lat' dir='ltr'><strong>statione,</strong></span> <span class='ocrx_word' id='word_1_187' title='bbox 935 3609 1219 3700; x_wconf 88' lang='lat' dir='ltr'><strong>quandocunque</strong></span> <span class='ocrx_word' id='word_1_188' title='bbox 1235 3632 1289 3675; x_wconf 92' lang='lat' dir='ltr'><strong>me</strong></span> <span class='ocrx_word' id='word_1_189' title='bbox 1305 3607 1361 3674; x_wconf 89' lang='lat' dir='ltr'><strong>vel</strong></span> <span class='ocrx_word' id='word_1_190' title='bbox 1375 3605 1482 3689; x_wconf 89' lang='lat' dir='ltr'><strong>Deus,</strong></span> 
     </span>
     <span class='ocr_line' id='line_1_29' title="bbox 501 3704 1482 3805; baseline -0.004 -24"><span class='ocrx_word' id='word_1_191' title='bbox 501 3716 557 3785; x_wconf 91' lang='lat' dir='ltr'><strong>vel</strong></span> <span class='ocrx_word' id='word_1_192' title='bbox 582 3737 680 3784; x_wconf 88' lang='lat' dir='ltr'><strong>casus</strong></span> <span class='ocrx_word' id='word_1_193' title='bbox 703 3712 832 3805; x_wconf 87' lang='lat' dir='ltr'><strong>aliquis</strong></span> <span class='ocrx_word' id='word_1_194' title='bbox 856 3711 940 3778; x_wconf 90' lang='lat' dir='ltr'><strong>inde</strong></span> <span class='ocrx_word' id='word_1_195' title='bbox 963 3704 1149 3781; x_wconf 85' lang='lat' dir='ltr'><strong>abstrahet.</strong></span> <span class='ocrx_word' id='word_1_196' title='bbox 1201 3707 1341 3785; x_wconf 83' lang='lat' dir='ltr'><strong>Deinde</strong></span> <span class='ocrx_word' id='word_1_197' title='bbox 1357 3732 1422 3777; x_wconf 91' lang='lat' dir='ltr'><strong>nec</strong></span> <span class='ocrx_word' id='word_1_198' title='bbox 1437 3709 1482 3778; x_wconf 92' lang='lat' dir='ltr'><strong>de</strong></span> 
     </span>
     <span class='ocr_line' id='line_1_30' title="bbox 502 3810 1482 3905; baseline -0.005 -21"><span class='ocrx_word' id='word_1_199' title='bbox 502 3816 629 3905; x_wconf 91' lang='lat' dir='ltr'><strong>opibus</strong></span> <span class='ocrx_word' id='word_1_200' title='bbox 640 3811 824 3885; x_wconf 87' lang='lat' dir='ltr'><strong>Romanae</strong></span> <span class='ocrx_word' id='word_1_201' title='bbox 838 3812 931 3883; x_wconf 88' lang='lat' dir='ltr'><strong>sedis</strong></span> <span class='ocrx_word' id='word_1_202' title='bbox 946 3835 1073 3900; x_wconf 90' lang='lat' dir='ltr'><strong>angor,</strong></span> <span class='ocrx_word' id='word_1_203' title='bbox 1097 3834 1183 3905; x_wconf 90' lang='lat' dir='ltr'><strong>quas</strong></span> <span class='ocrx_word' id='word_1_204' title='bbox 1198 3810 1361 3880; x_wconf 90' lang='lat' dir='ltr'><strong>attribuit</strong></span> <span class='ocrx_word' id='word_1_205' title='bbox 1379 3810 1482 3880; x_wconf 90' lang='lat' dir='ltr'><strong>nobis</strong></span> 
     </span>
     <span class='ocr_line' id='line_1_31' title="bbox 502 3907 1483 3999; baseline -0.003 -14"><span class='ocrx_word' id='word_1_206' title='bbox 502 3915 704 3985; x_wconf 82' lang='lat' dir='ltr'><strong>Ludovicus</strong></span> <span class='ocrx_word' id='word_1_207' title='bbox 724 3915 842 3987; x_wconf 86' lang='lat' dir='ltr'><strong>Caroli</strong></span> <span class='ocrx_word' id='word_1_208' title='bbox 861 3914 971 3999; x_wconf 82' lang='lat' dir='ltr'><strong>tilius,</strong></span> <span class='ocrx_word' id='word_1_209' title='bbox 997 3930 1031 3984; x_wconf 93' lang='lat' dir='ltr'><strong>et</strong></span> <span class='ocrx_word' id='word_1_210' title='bbox 1052 3928 1091 3986; x_wconf 94' lang='lat' dir='ltr'><strong>ut</strong></span> <span class='ocrx_word' id='word_1_211' title='bbox 1106 3907 1242 3985; x_wconf 87' lang='lat' dir='ltr'><strong>sumtus</strong></span> <span class='ocrx_word' id='word_1_212' title='bbox 1267 3913 1483 3982; x_wconf 86' lang='lat' dir='ltr'><strong>necessarios</strong></span> 
     </span>
     <span class='ocr_line' id='line_1_32' title="bbox 502 4012 1483 4106; baseline -0.003 -21"><span class='ocrx_word' id='word_1_213' title='bbox 502 4018 541 4085; x_wconf 90' lang='lat' dir='ltr'><strong>in</strong></span> <span class='ocrx_word' id='word_1_214' title='bbox 567 4017 820 4106; x_wconf 80' lang='lat' dir='ltr'><strong>gubernatione</strong></span> <span class='ocrx_word' id='word_1_215' title='bbox 844 4012 1054 4099; x_wconf 91' lang='lat' dir='ltr'><strong>babeamus,</strong></span> <span class='ocrx_word' id='word_1_216' title='bbox 1086 4030 1120 4085; x_wconf 92' lang='lat' dir='ltr'><strong>et</strong></span> <span class='ocrx_word' id='word_1_217' title='bbox 1144 4029 1185 4086; x_wconf 91' lang='lat' dir='ltr'><strong>ut</strong></span> <span class='ocrx_word' id='word_1_218' title='bbox 1205 4016 1315 4085; x_wconf 90' lang='lat' dir='ltr'><strong>simus</strong></span> <span class='ocrx_word' id='word_1_219' title='bbox 1337 4014 1483 4084; x_wconf 90' lang='lat' dir='ltr'><strong>tutiores</strong></span> 
     </span>
     <span class='ocr_line' id='line_1_33' title="bbox 502 4112 1481 4189; baseline -0.004 -1"><span class='ocrx_word' id='word_1_220' title='bbox 502 4131 626 4189; x_wconf 88' lang='lat' dir='ltr'><strong>contra</strong></span> <span class='ocrx_word' id='word_1_221' title='bbox 649 4119 764 4187; x_wconf 89' lang='lat' dir='ltr'><strong>subita</strong></span> <span class='ocrx_word' id='word_1_222' title='bbox 787 4119 980 4188; x_wconf 89' lang='lat' dir='ltr'><strong>latrocinia.</strong></span> <span class='ocrx_word' id='word_1_223' title='bbox 1032 4117 1102 4189; x_wconf 87' lang='lat' dir='ltr'><strong>Sed</strong></span> <span class='ocrx_word' id='word_1_224' title='bbox 1128 4119 1233 4187; x_wconf 92' lang='lat' dir='ltr'><strong>velim</strong></span> <span class='ocrx_word' id='word_1_225' title='bbox 1259 4112 1323 4185; x_wconf 91' lang='lat' dir='ltr'><strong>hac</strong></span> <span class='ocrx_word' id='word_1_226' title='bbox 1345 4118 1481 4186; x_wconf 86' lang='lat' dir='ltr'><strong>sarcina</strong></span> 
     </span>
     <span class='ocr_line' id='line_1_34' title="bbox 501 4215 1482 4313; baseline -0.008 -19"><span class='ocrx_word' id='word_1_227' title='bbox 501 4220 708 4294; x_wconf 89' lang='lat' dir='ltr'><strong>Romanum</strong></span> <span class='ocrx_word' id='word_1_228' title='bbox 723 4215 937 4312; x_wconf 89' lang='lat' dir='ltr'><strong>Episcopum</strong></span> <span class='ocrx_word' id='word_1_229' title='bbox 954 4221 1082 4301; x_wconf 85' lang='lat' dir='ltr'><strong>levari,</strong></span> <span class='ocrx_word' id='word_1_230' title='bbox 1104 4221 1132 4289; x_wconf 90' lang='lat' dir='ltr'><strong>si</strong></span> <span class='ocrx_word' id='word_1_231' title='bbox 1157 4245 1294 4313; x_wconf 89' lang='lat' dir='ltr'><strong>semper</strong></span> <span class='ocrx_word' id='word_1_232' title='bbox 1311 4219 1396 4289; x_wconf 89' lang='lat' dir='ltr'><strong>tales</strong></span> <span class='ocrx_word' id='word_1_233' title='bbox 1409 4219 1482 4287; x_wconf 90' lang='lat' dir='ltr'><strong>Im-</strong></span> 
     </span>
     <span class='ocr_line' id='line_1_35' title="bbox 501 4319 1481 4416; baseline -0.006 -22"><span class='ocrx_word' id='word_1_234' title='bbox 501 4338 679 4415; x_wconf 90' lang='lat' dir='ltr'><strong>peratores</strong></span> <span class='ocrx_word' id='word_1_235' title='bbox 693 4320 915 4407; x_wconf 90' lang='lat' dir='ltr'><strong>haberemus,</strong></span> <span class='ocrx_word' id='word_1_236' title='bbox 933 4324 1072 4416; x_wconf 87' lang='lat' dir='ltr'><strong>qualem</strong></span> <span class='ocrx_word' id='word_1_237' title='bbox 1088 4336 1128 4393; x_wconf 88' lang='lat' dir='ltr'><strong>te·</strong></span> <span class='ocrx_word' id='word_1_238' title='bbox 1139 4347 1212 4393; x_wconf 86' lang='lat' dir='ltr'><strong>esse</strong></span> <span class='ocrx_word' id='word_1_239' title='bbox 1231 4323 1348 4391; x_wconf 82' lang='lat' dir='ltr'><strong>video.</strong></span> <span class='ocrx_word' id='word_1_240' title='bbox 1399 4319 1481 4390; x_wconf 91' lang='lat' dir='ltr'><strong>Non</strong></span> 
     </span>
     <span class='ocr_line' id='line_1_36' title="bbox 502 4419 1482 4521; baseline -0.003 -27"><span class='ocrx_word' id='word_1_241' title='bbox 502 4427 610 4517; x_wconf 89' lang='lat' dir='ltr'><strong>igitur</strong></span> <span class='ocrx_word' id='word_1_242' title='bbox 639 4425 824 4521; x_wconf 90' lang='lat' dir='ltr'><strong>Synodum</strong></span> <span class='ocrx_word' id='word_1_243' title='bbox 854 4442 999 4516; x_wconf 90' lang='lat' dir='ltr'><strong>propter</strong></span> <span class='ocrx_word' id='word_1_244' title='bbox 1022 4419 1087 4492; x_wconf 91' lang='lat' dir='ltr'><strong>bas</strong></span> <span class='ocrx_word' id='word_1_245' title='bbox 1117 4427 1241 4494; x_wconf 90' lang='lat' dir='ltr'><strong>stultas</strong></span> <span class='ocrx_word' id='word_1_246' title='bbox 1271 4423 1482 4513; x_wconf 91' lang='lat' dir='ltr'><strong>cupiditates</strong></span> 
     </span>
     <span class='ocr_line' id='line_1_37' title="bbox 501 4524 1483 4624; baseline -0.009 -26"><span class='ocrx_word' id='word_1_247' title='bbox 501 4529 610 4618; x_wconf 91' lang='lat' dir='ltr'><strong>fugio.</strong></span> <span class='ocrx_word' id='word_1_248' title='bbox 661 4530 784 4624; x_wconf 89' lang='lat' dir='ltr'><strong>Neque</strong></span> <span class='ocrx_word' id='word_1_249' title='bbox 798 4524 866 4598; x_wconf 90' lang='lat' dir='ltr'><strong>hoc</strong></span> <span class='ocrx_word' id='word_1_250' title='bbox 882 4540 1089 4618; x_wconf 89' lang='lat' dir='ltr'><strong>argumento</strong></span> <span class='ocrx_word' id='word_1_251' title='bbox 1105 4549 1267 4607; x_wconf 92' lang='lat' dir='ltr'><strong>moveor,</strong></span> <span class='ocrx_word' id='word_1_252' title='bbox 1291 4525 1387 4616; x_wconf 91' lang='lat' dir='ltr'><strong>quod</strong></span> <span class='ocrx_word' id='word_1_253' title='bbox 1405 4546 1483 4590; x_wconf 93' lang='lat' dir='ltr'><strong>ma·</strong></span> 
     </span>
     <span class='ocr_line' id='line_1_38' title="bbox 501 4624 1482 4719; baseline -0.008 -21"><span class='ocrx_word' id='word_1_254' title='bbox 501 4632 696 4719; x_wconf 90' lang='lat' dir='ltr'><strong>gnifaciunt</strong></span> <span class='ocrx_word' id='word_1_255' title='bbox 713 4630 975 4701; x_wconf 83' lang='lat' dir='ltr'><strong>Iurisconsulti:</strong></span> <span class='ocrx_word' id='word_1_256' title='bbox 1004 4627 1130 4695; x_wconf 89' lang='lat' dir='ltr'><strong>Valere</strong></span> <span class='ocrx_word' id='word_1_257' title='bbox 1147 4626 1275 4718; x_wconf 67' lang='lat' dir='ltr'><strong>debere</strong></span> <span class='ocrx_word' id='word_1_258' title='bbox 1291 4648 1410 4692; x_wconf 90' lang='lat' dir='ltr'><strong>rerum</strong></span> <span class='ocrx_word' id='word_1_259' title='bbox 1425 4624 1482 4691; x_wconf 90' lang='lat' dir='ltr'><strong>iu-</strong></span> 
     </span>
     <span class='ocr_line' id='line_1_39' title="bbox 501 4725 1480 4813; baseline -0.009 -12"><span class='ocrx_word' id='word_1_260' title='bbox 501 4733 692 4803; x_wconf 92' lang='lat' dir='ltr'><strong>dicatarum</strong></span> <span class='ocrx_word' id='word_1_261' title='bbox 715 4732 956 4813; x_wconf 87' lang='lat' dir='ltr'><strong>autoritatem,</strong></span> <span class='ocrx_word' id='word_1_262' title='bbox 987 4753 1053 4798; x_wconf 89' lang='lat' dir='ltr'><strong>nec</strong></span> <span class='ocrx_word' id='word_1_263' title='bbox 1075 4740 1177 4797; x_wconf 91' lang='lat' dir='ltr'><strong>antea</strong></span> <span class='ocrx_word' id='word_1_264' title='bbox 1208 4725 1480 4794; x_wconf 85' lang='lat' dir='ltr'><strong>decreta.novis</strong></span> 
     </span>
     <span class='ocr_line' id='line_1_40' title="bbox 499 4822 1479 4928; baseline -0.014 -22"><span class='ocrx_word' id='word_1_265' title='bbox 499 4836 799 4928; x_wconf 89' lang='lat' dir='ltr'><strong>disputationibus</strong></span> <span class='ocrx_word' id='word_1_266' title='bbox 821 4831 1061 4902; x_wconf 90' lang='lat' dir='ltr'><strong>labefactanda</strong></span> <span class='ocrx_word' id='word_1_267' title='bbox 1087 4851 1171 4900; x_wconf 89' lang='lat' dir='ltr'><strong>esse.</strong></span> <span class='ocrx_word' id='word_1_268' title='bbox 1222 4822 1300 4917; x_wconf 89' lang='lat' dir='ltr'><strong>Ego</strong></span> <span class='ocrx_word' id='word_1_269' title='bbox 1323 4850 1424 4915; x_wconf 88' lang='lat' dir='ltr'><strong>vero,</strong></span> <span class='ocrx_word' id='word_1_270' title='bbox 1449 4825 1479 4893; x_wconf 90' lang='lat' dir='ltr'><strong>si</strong></span> 
     </span>
     <span class='ocr_line' id='line_1_41' title="bbox 500 4929 1479 5031; baseline -0.015 -22"><span class='ocrx_word' id='word_1_271' title='bbox 500 4940 588 5031; x_wconf 88' lang='lat' dir='ltr'><strong>paci,</strong></span> <span class='ocrx_word' id='word_1_272' title='bbox 603 4940 630 5008; x_wconf 89' lang='lat' dir='ltr'><strong>si</strong></span> <span class='ocrx_word' id='word_1_273' title='bbox 648 4935 828 5030; x_wconf 86' lang='lat' dir='ltr'><strong>posteriati</strong></span> <span class='ocrx_word' id='word_1_274' title='bbox 846 4930 1238 5024; x_wconf 89' lang='lat' dir='ltr'><strong>prodessetdisputatio,</strong></span> <span class='ocrx_word' id='word_1_275' title='bbox 1256 4929 1388 5000; x_wconf 89' lang='lat' dir='ltr'><strong>nollem</strong></span> <span class='ocrx_word' id='word_1_276' title='bbox 1404 4951 1479 4995; x_wconf 89' lang='lat' dir='ltr'><strong>eam</strong></span> 
     </span>
     <span class='ocr_line' id='line_1_42' title="bbox 497 5029 1480 5133; baseline -0.017 -21"><span class='ocrx_word' id='word_1_277' title='bbox 497 5038 704 5133; x_wconf 90' lang='lat' dir='ltr'><strong>prohibere,</strong></span> <span class='ocrx_word' id='word_1_278' title='bbox 725 5065 764 5109; x_wconf 88' lang='lat' dir='ltr'><strong>ac</strong></span> <span class='ocrx_word' id='word_1_279' title='bbox 781 5049 917 5109; x_wconf 91' lang='lat' dir='ltr'><strong>tantum</strong></span> <span class='ocrx_word' id='word_1_280' title='bbox 935 5035 978 5103; x_wconf 92' lang='lat' dir='ltr'><strong>ad</strong></span> <span class='ocrx_word' id='word_1_281' title='bbox 995 5035 1172 5126; x_wconf 90' lang='lat' dir='ltr'><strong>publicam</strong></span> <span class='ocrx_word' id='word_1_282' title='bbox 1189 5058 1309 5125; x_wconf 89' lang='lat' dir='ltr'><strong>pacem</strong></span> <span class='ocrx_word' id='word_1_283' title='bbox 1332 5043 1366 5098; x_wconf 88' lang='lat' dir='ltr'><strong>et</strong></span> <span class='ocrx_word' id='word_1_284' title='bbox 1384 5029 1480 5098; x_wconf 89' lang='lat' dir='ltr'><strong>salu-</strong></span> 
     </span>
     <span class='ocr_line' id='line_1_43' title="bbox 496 5128 1479 5236; baseline -0.013 -22"><span class='ocrx_word' id='word_1_285' title='bbox 496 5161 564 5214; x_wconf 89' lang='lat' dir='ltr'><strong>tem</strong></span> <span class='ocrx_word' id='word_1_286' title='bbox 579 5144 791 5236; x_wconf 87' lang='lat' dir='ltr'><strong>posteritatis</strong></span> <span class='ocrx_word' id='word_1_287' title='bbox 805 5165 881 5210; x_wconf 90' lang='lat' dir='ltr'><strong>mea</strong></span> <span class='ocrx_word' id='word_1_288' title='bbox 897 5139 1069 5209; x_wconf 88' lang='lat' dir='ltr'><strong>sententia</strong></span> <span class='ocrx_word' id='word_1_289' title='bbox 1086 5139 1218 5208; x_wconf 88' lang='lat' dir='ltr'><strong>directa</strong></span> <span class='ocrx_word' id='word_1_290' title='bbox 1234 5151 1296 5210; x_wconf 86' lang='lat' dir='ltr'><strong>est.</strong></span> <span class='ocrx_word' id='word_1_291' title='bbox 1343 5128 1479 5203; x_wconf 89' lang='lat' dir='ltr'><strong>Osten-</strong></span> 
     </span>
     <span class='ocr_line' id='line_1_44' title="bbox 496 5237 1481 5333; baseline -0.014 -17"><span class='ocrx_word' id='word_1_292' title='bbox 496 5249 577 5316; x_wconf 89' lang='lat' dir='ltr'><strong>dam</strong></span> <span class='ocrx_word' id='word_1_293' title='bbox 592 5254 708 5315; x_wconf 88' lang='lat' dir='ltr'><strong>autem</strong></span> <span class='ocrx_word' id='word_1_294' title='bbox 725 5264 765 5308; x_wconf 83' lang='lat' dir='ltr'><strong>ex</strong></span> <span class='ocrx_word' id='word_1_295' title='bbox 781 5244 866 5333; x_wconf 87' lang='lat' dir='ltr'><strong>ipsis</strong></span> <span class='ocrx_word' id='word_1_296' title='bbox 882 5244 1083 5332; x_wconf 90' lang='lat' dir='ltr'><strong>dogmatum</strong></span> <span class='ocrx_word' id='word_1_297' title='bbox 1102 5240 1289 5330; x_wconf 90' lang='lat' dir='ltr'><strong>generibus</strong></span> <span class='ocrx_word' id='word_1_298' title='bbox 1308 5237 1377 5306; x_wconf 81' lang='lat' dir='ltr'><strong>mei</strong></span> <span class='ocrx_word' id='word_1_299' title='bbox 1394 5259 1481 5304; x_wconf 93' lang='lat' dir='ltr'><strong>con-</strong></span> 
     </span>
    </p>
   </div>
   <div class='ocr_carea' id='block_1_3' title="bbox 496 5340 734 5417">
    <p class='ocr_par' dir='ltr' id='par_1_4' title="bbox 496 5340 734 5417">
     <span class='ocr_line' id='line_1_45' title="bbox 496 5340 734 5417; baseline -0.017 -1"><span class='ocrx_word' id='word_1_300' title='bbox 496 5349 568 5417; x_wconf 91' lang='lat' dir='ltr'><strong>silii</strong></span> <span class='ocrx_word' id='word_1_301' title='bbox 582 5367 711 5416; x_wconf 88' lang='lat' dir='ltr'><strong>causas.</strong></span> <span class='ocrx_word' id='word_1_302' title='bbox 718 5340 734 5364; x_wconf 75' lang='lat'><strong>’¹</strong></span> 
     </span>
    </p>
   </div>
   <div class='ocr_carea' id='block_1_4' title="bbox 969 688 2049 775">
    <p class='ocr_par' dir='ltr' id='par_1_5' title="bbox 969 688 2049 775">
     <span class='ocr_line' id='line_1_46' title="bbox 969 688 2049 775; baseline 0.012 -14"><span class='ocrx_word' id='word_1_303' title='bbox 969 689 1127 764; x_wconf 80' lang='lat' dir='ltr'><strong>DECL.</strong></span> <span class='ocrx_word' id='word_1_304' title='bbox 1160 688 1234 761; x_wconf 83' lang='lat' dir='ltr'><strong>DE</strong></span> <span class='ocrx_word' id='word_1_305' title='bbox 1275 688 1625 765; x_wconf 87' lang='lat' dir='ltr'><strong>CONGRESSU</strong></span> <span class='ocrx_word' id='word_1_306' title='bbox 1663 689 2049 775; x_wconf 85' lang='lat' dir='ltr'><strong>BONONlENSl.</strong></span> 
     </span>
    </p>
   </div>
   <div class='ocr_carea' id='block_1_5' title="bbox 501 856 1514 965">
    <p class='ocr_par' dir='ltr' id='par_1_6' title="bbox 501 856 1514 965">
     <span class='ocr_line' id='line_1_47' title="bbox 501 856 1514 965; baseline -0.008 -27"><span class='ocrx_word' id='word_1_307' title='bbox 501 870 604 962; x_wconf 91' lang='lat' dir='ltr'><strong>piens</strong></span> <span class='ocrx_word' id='word_1_308' title='bbox 628 882 665 940; x_wconf 92' lang='lat' dir='ltr'><strong>et</strong></span> <span class='ocrx_word' id='word_1_309' title='bbox 686 867 854 959; x_wconf 89' lang='lat' dir='ltr'><strong>eloquens</strong></span> <span class='ocrx_word' id='word_1_310' title='bbox 877 876 969 946; x_wconf 89' lang='lat' dir='ltr'><strong>erat,</strong></span> <span class='ocrx_word' id='word_1_311' title='bbox 1000 864 1099 930; x_wconf 91' lang='lat' dir='ltr'><strong>etad</strong></span> <span class='ocrx_word' id='word_1_312' title='bbox 1126 856 1219 931; x_wconf 90' lang='lat' dir='ltr'><strong>banc</strong></span> <span class='ocrx_word' id='word_1_313' title='bbox 1244 875 1377 933; x_wconf 90' lang='lat' dir='ltr'><strong>tantam</strong></span> <span class='ocrx_word' id='word_1_314' title='bbox 1400 886 1484 931; x_wconf 88' lang='lat' dir='ltr'><strong>cau·</strong></span> <span class='ocrx_word' id='word_1_315' title='bbox 1510 944 1514 965; x_wconf 36' lang='grc' dir='ltr'>ι</span> 
     </span>
    </p>
   </div>
   <div class='ocr_carea' id='block_1_6' title="bbox 2446 709 2525 779">
    <p class='ocr_par' dir='ltr' id='par_1_7' title="bbox 2446 709 2525 779">
     <span class='ocr_line' id='line_1_48' title="bbox 2446 709 2525 779; baseline 0 -1"><span class='ocrx_word' id='word_1_316' title='bbox 2446 709 2525 779; x_wconf 75' lang='lat'><strong>312</strong></span> 
     </span>
    </p>
   </div>
   <div class='ocr_carea' id='block_1_7' title="bbox 1536 865 2525 2786">
    <p class='ocr_par' dir='ltr' id='par_1_8' title="bbox 1536 865 2525 2786">
     <span class='ocr_line' id='line_1_49' title="bbox 1536 865 2520 957; baseline 0.018 -26"><span class='ocrx_word' id='word_1_317' title='bbox 1536 865 1750 952; x_wconf 84' lang='lat' dir='ltr'><strong>necessario,</strong></span> <span class='ocrx_word' id='word_1_318' title='bbox 1776 868 2046 957; x_wconf 83' lang='lat' dir='ltr'><strong>etiam&#39;scelera,</strong></span> <span class='ocrx_word' id='word_1_319' title='bbox 2072 874 2211 944; x_wconf 90' lang='lat' dir='ltr'><strong>nullam</strong></span> <span class='ocrx_word' id='word_1_320' title='bbox 2227 899 2299 946; x_wconf 89' lang='lat' dir='ltr'><strong>esse</strong></span> <span class='ocrx_word' id='word_1_321' title='bbox 2322 878 2520 949; x_wconf 87' lang='lat' dir='ltr'><strong>libertatem</strong></span> 
     </span>
     <span class='ocr_line' id='line_1_50' title="bbox 1537 960 2521 1053; baseline 0.016 -20"><span class='ocrx_word' id='word_1_322' title='bbox 1537 960 1712 1036; x_wconf 89' lang='lat' dir='ltr'><strong>humanae</strong></span> <span class='ocrx_word' id='word_1_323' title='bbox 1738 969 1953 1053; x_wconf 86' lang='lat' dir='ltr'><strong>voluntatis,</strong></span> <span class='ocrx_word' id='word_1_324' title='bbox 1994 975 2130 1043; x_wconf 88' lang='lat' dir='ltr'><strong>renasci</strong></span> <span class='ocrx_word' id='word_1_325' title='bbox 2154 970 2318 1048; x_wconf 90' lang='lat' dir='ltr'><strong>homines</strong></span> <span class='ocrx_word' id='word_1_326' title='bbox 2341 979 2415 1047; x_wconf 90' lang='lat' dir='ltr'><strong>sine</strong></span> <span class='ocrx_word' id='word_1_327' title='bbox 2437 1004 2521 1049; x_wconf 89' lang='lat' dir='ltr'><strong>voce</strong></span> 
     </span>
     <span class='ocr_line' id='line_1_51' title="bbox 1537 1067 2519 1170; baseline 0.016 -35"><span class='ocrx_word' id='word_1_328' title='bbox 1537 1068 1736 1154; x_wconf 88' lang='lat' dir='ltr'><strong>doctrinae,</strong></span> <span class='ocrx_word' id='word_1_329' title='bbox 1766 1067 2012 1143; x_wconf 85' lang='lat' dir='ltr'><strong>enthusiasmis</strong></span> <span class='ocrx_word' id='word_1_330' title='bbox 2032 1077 2240 1165; x_wconf 80' lang='lat' dir='ltr'><strong>cogentibus</strong></span> <span class='ocrx_word' id='word_1_331' title='bbox 2264 1094 2519 1170; x_wconf 77' lang='lat' dir='ltr'><strong>repugnantem</strong></span> 
     </span>
     <span class='ocr_line' id='line_1_52' title="bbox 1537 1168 2523 1267; baseline 0.016 -32"><span class='ocrx_word' id='word_1_332' title='bbox 1537 1168 1769 1241; x_wconf 89' lang='lat' dir='ltr'><strong>voluntatem.</strong></span> <span class='ocrx_word' id='word_1_333' title='bbox 1839 1173 1960 1267; x_wconf 87' lang='lat' dir='ltr'><strong>Nuper</strong></span> <span class='ocrx_word' id='word_1_334' title='bbox 1991 1177 2094 1246; x_wconf 90' lang='lat' dir='ltr'><strong>etiam</strong></span> <span class='ocrx_word' id='word_1_335' title='bbox 2128 1176 2392 1250; x_wconf 86' lang='lat' dir='ltr'><strong>Samosatenica</strong></span> <span class='ocrx_word' id='word_1_336' title='bbox 2426 1195 2523 1251; x_wconf 92' lang='lat' dir='ltr'><strong>mota</strong></span> 
     </span>
     <span class='ocr_line' id='line_1_53' title="bbox 1537 1270 2525 1369; baseline 0.015 -31"><span class='ocrx_word' id='word_1_337' title='bbox 1537 1282 1620 1338; x_wconf 93' lang='lat' dir='ltr'><strong>sunt</strong></span> <span class='ocrx_word' id='word_1_338' title='bbox 1634 1272 1678 1340; x_wconf 92' lang='lat' dir='ltr'><strong>de</strong></span> <span class='ocrx_word' id='word_1_339' title='bbox 1694 1270 1768 1341; x_wconf 89' lang='lat' dir='ltr'><strong>filio</strong></span> <span class='ocrx_word' id='word_1_340' title='bbox 1782 1271 1861 1354; x_wconf 88' lang='lat' dir='ltr'><strong>Dei,</strong></span> <span class='ocrx_word' id='word_1_341' title='bbox 1888 1300 1976 1369; x_wconf 90' lang='lat' dir='ltr'><strong>quae</strong></span> <span class='ocrx_word' id='word_1_342' title='bbox 1991 1279 2241 1350; x_wconf 88' lang='lat' dir='ltr'><strong>transformant</strong></span> <span class='ocrx_word' id='word_1_343' title='bbox 2257 1276 2437 1351; x_wconf 90' lang='lat' dir='ltr'><strong>Ecclesiae</strong></span> <span class='ocrx_word' id='word_1_344' title='bbox 2456 1284 2525 1353; x_wconf 90' lang='lat' dir='ltr'><strong>do·</strong></span> 
     </span>
     <span class='ocr_line' id='line_1_54' title="bbox 1537 1371 2523 1452; baseline 0.013 -13"><span class='ocrx_word' id='word_1_345' title='bbox 1537 1371 1686 1440; x_wconf 87' lang='lat' dir='ltr'><strong>ctrinam</strong></span> <span class='ocrx_word' id='word_1_346' title='bbox 1703 1371 2038 1449; x_wconf 90' lang='lat' dir='ltr'><strong>inMabometicam.</strong></span> <span class='ocrx_word' id='word_1_347' title='bbox 2061 1376 2110 1450; x_wconf 76' lang='lat' dir='ltr'><strong>b&#39;t</strong></span> <span class='ocrx_word' id='word_1_348' title='bbox 2124 1395 2238 1450; x_wconf 90' lang='lat' dir='ltr'><strong>autem</strong></span> <span class='ocrx_word' id='word_1_349' title='bbox 2257 1382 2301 1450; x_wconf 92' lang='lat' dir='ltr'><strong>ad</strong></span> <span class='ocrx_word' id='word_1_350' title='bbox 2316 1382 2523 1452; x_wconf 88' lang='lat' dir='ltr'><strong>incendium</strong></span> 
     </span>
     <span class='ocr_line' id='line_1_55' title="bbox 1537 1475 2523 1568; baseline 0.011 -26"><span class='ocrx_word' id='word_1_351' title='bbox 1537 1475 1829 1562; x_wconf 88' lang='lat' dir='ltr'><strong>restinguendum</strong></span> <span class='ocrx_word' id='word_1_352' title='bbox 1854 1480 1941 1548; x_wconf 88' lang='lat' dir='ltr'><strong>boni</strong></span> <span class='ocrx_word' id='word_1_353' title='bbox 1962 1502 2084 1550; x_wconf 88' lang='lat' dir='ltr'><strong>omnes</strong></span> <span class='ocrx_word' id='word_1_354' title='bbox 2108 1506 2188 1551; x_wconf 85' lang='lat' dir='ltr'><strong>mox</strong></span> <span class='ocrx_word' id='word_1_355' title='bbox 2208 1496 2444 1568; x_wconf 88' lang='lat' dir='ltr'><strong>concurrunt,</strong></span> <span class='ocrx_word' id='word_1_356' title='bbox 2470 1485 2523 1554; x_wconf 92' lang='lat' dir='ltr'><strong>sic</strong></span> 
     </span>
     <span class='ocr_line' id='line_1_56' title="bbox 1537 1579 2522 1677; baseline 0.013 -36"><span class='ocrx_word' id='word_1_357' title='bbox 1537 1598 1748 1647; x_wconf 91' lang='lat' dir='ltr'><strong>concurrere</strong></span> <span class='ocrx_word' id='word_1_358' title='bbox 1769 1603 1893 1649; x_wconf 89' lang='lat' dir='ltr'><strong>omues</strong></span> <span class='ocrx_word' id='word_1_359' title='bbox 1916 1579 2167 1666; x_wconf 74' lang='lat' dir='ltr'><strong>gubernatores</strong></span> <span class='ocrx_word' id='word_1_360' title='bbox 2191 1585 2376 1675; x_wconf 90' lang='lat' dir='ltr'><strong>oportebat</strong></span> <span class='ocrx_word' id='word_1_361' title='bbox 2392 1586 2435 1653; x_wconf 94' lang='lat' dir='ltr'><strong>ad</strong></span> <span class='ocrx_word' id='word_1_362' title='bbox 2454 1608 2522 1677; x_wconf 86' lang='lat' dir='ltr'><strong>op-</strong></span> 
     </span>
     <span class='ocr_line' id='line_1_57' title="bbox 1538 1676 2521 1778; baseline 0.013 -35"><span class='ocrx_word' id='word_1_363' title='bbox 1538 1676 1723 1765; x_wconf 89' lang='lat' dir='ltr'><strong>primenda</strong></span> <span class='ocrx_word' id='word_1_364' title='bbox 1747 1679 1847 1749; x_wconf 89' lang='lat' dir='ltr'><strong>initia</strong></span> <span class='ocrx_word' id='word_1_365' title='bbox 1871 1677 1996 1752; x_wconf 89' lang='lat' dir='ltr'><strong>harum</strong></span> <span class='ocrx_word' id='word_1_366' title='bbox 2019 1683 2289 1776; x_wconf 83' lang='lat' dir='ltr'><strong>quaestionum,</strong></span> <span class='ocrx_word' id='word_1_367' title='bbox 2314 1710 2354 1755; x_wconf 90' lang='lat' dir='ltr'><strong>ac</strong></span> <span class='ocrx_word' id='word_1_368' title='bbox 2368 1709 2424 1756; x_wconf 86' lang='lat' dir='ltr'><strong>res</strong></span> <span class='ocrx_word' id='word_1_369' title='bbox 2441 1711 2521 1778; x_wconf 91' lang='lat' dir='ltr'><strong>pes·</strong></span> 
     </span>
     <span class='ocr_line' id='line_1_58' title="bbox 1536 1777 2521 1879; baseline 0.015 -36"><span class='ocrx_word' id='word_1_370' title='bbox 1536 1777 1617 1844; x_wconf 88' lang='lat' dir='ltr'><strong>simi</strong></span> <span class='ocrx_word' id='word_1_371' title='bbox 1632 1783 1784 1871; x_wconf 85' lang='lat' dir='ltr'><strong>exempli</strong></span> <span class='ocrx_word' id='word_1_372' title='bbox 1800 1784 1920 1868; x_wconf 91' lang='lat' dir='ltr'><strong>fuerit,</strong></span> <span class='ocrx_word' id='word_1_373' title='bbox 1941 1787 2051 1853; x_wconf 82' lang='lat' dir='ltr'><strong>decis</strong></span> <span class='ocrx_word' id='word_1_374' title='bbox 2068 1787 2255 1856; x_wconf 83' lang='lat' dir='ltr'><strong>admittere</strong></span> <span class='ocrx_word' id='word_1_375' title='bbox 2273 1788 2380 1857; x_wconf 91' lang='lat' dir='ltr'><strong>ullam</strong></span> <span class='ocrx_word' id='word_1_376' title='bbox 2397 1788 2521 1879; x_wconf 91' lang='lat' dir='ltr'><strong>dispu-</strong></span> 
     </span>
     <span class='ocr_line' id='line_1_59' title="bbox 1536 1879 2524 1981; baseline 0.012 -34"><span class='ocrx_word' id='word_1_377' title='bbox 1536 1879 1717 1953; x_wconf 89' lang='lat' dir='ltr'><strong>tationem.</strong></span> <span class='ocrx_word' id='word_1_378' title='bbox 1768 1880 1868 1955; x_wconf 88' lang='lat' dir='ltr'><strong>Sedit</strong></span> <span class='ocrx_word' id='word_1_379' title='bbox 1882 1884 2113 1958; x_wconf 90' lang='lat' dir='ltr'><strong>Constantius</strong></span> <span class='ocrx_word' id='word_1_380' title='bbox 2131 1885 2345 1980; x_wconf 84' lang='lat' dir='ltr'><strong>imperator,</strong></span> <span class='ocrx_word' id='word_1_381' title='bbox 2372 1902 2406 1959; x_wconf 89' lang='lat' dir='ltr'><strong>et</strong></span> <span class='ocrx_word' id='word_1_382' title='bbox 2421 1914 2524 1981; x_wconf 90' lang='lat' dir='ltr'><strong>prae·</strong></span> 
     </span>
     <span class='ocr_line' id='line_1_60' title="bbox 1536 1979 2524 2081; baseline 0.015 -33"><span class='ocrx_word' id='word_1_383' title='bbox 1536 1979 1750 2069; x_wconf 86' lang='lat' dir='ltr'><strong>stigiatorem</strong></span> <span class='ocrx_word' id='word_1_384' title='bbox 1769 1987 1894 2056; x_wconf 89' lang='lat' dir='ltr'><strong>audire</strong></span> <span class='ocrx_word' id='word_1_385' title='bbox 1920 1989 2055 2078; x_wconf 88' lang='lat' dir='ltr'><strong>potuit,</strong></span> <span class='ocrx_word' id='word_1_386' title='bbox 2080 1985 2166 2059; x_wconf 92' lang='lat' dir='ltr'><strong>haec</strong></span> <span class='ocrx_word' id='word_1_387' title='bbox 2181 1985 2383 2081; x_wconf 88' lang='lat' dir='ltr'><strong>blasphema</strong></span> <span class='ocrx_word' id='word_1_388' title='bbox 2399 1992 2524 2062; x_wconf 89' lang='lat' dir='ltr'><strong>diceu-</strong></span> 
     </span>
     <span class='ocr_line' id='line_1_61' title="bbox 1537 2083 2522 2185; baseline 0.015 -35"><span class='ocrx_word' id='word_1_389' title='bbox 1537 2095 1605 2150; x_wconf 91' lang='lat' dir='ltr'><strong>tem</strong></span> <span class='ocrx_word' id='word_1_390' title='bbox 1633 2083 1670 2151; x_wconf 77' lang='lat' dir='ltr'><strong>in¹</strong></span> <span class='ocrx_word' id='word_1_391' title='bbox 1688 2083 1852 2177; x_wconf 88' lang='lat' dir='ltr'><strong>Synodo:</strong></span> <span class='ocrx_word' id='word_1_392' title='bbox 1884 2088 1990 2162; x_wconf 88' lang='lat' dir='ltr'><strong>Pater</strong></span> <span class='ocrx_word' id='word_1_393' title='bbox 2012 2103 2062 2159; x_wconf 89' lang='lat' dir='ltr'><strong>est</strong></span> <span class='ocrx_word' id='word_1_394' title='bbox 2089 2087 2248 2185; x_wconf 79' lang='grc' dir='ltr'><strong><em>ἀσεβὴς,</em></strong></span> <span class='ocrx_word' id='word_1_395' title='bbox 2274 2091 2367 2161; x_wconf 90' lang='lat' dir='ltr'><strong>lilius</strong></span> <span class='ocrx_word' id='word_1_396' title='bbox 2387 2106 2438 2162; x_wconf 88' lang='lat' dir='ltr'><strong>est</strong></span> <span class='ocrx_word' id='word_1_397' title='bbox 2458 2089 2522 2164; x_wconf 77' lang='lat' dir='ltr'><strong>sai·</strong></span> 
     </span>
     <span class='ocr_line' id='line_1_62' title="bbox 1537 2178 2520 2285; baseline 0.013 -34"><span class='ocrx_word' id='word_1_398' title='bbox 1537 2178 1663 2275; x_wconf 75' lang='grc' dir='ltr'><strong><em>σεβὴς,</em></strong></span> <span class='ocrx_word' id='word_1_399' title='bbox 1708 2187 1891 2259; x_wconf 89' lang='lat' dir='ltr'><strong>dissimilis</strong></span> <span class='ocrx_word' id='word_1_400' title='bbox 1922 2205 1973 2261; x_wconf 93' lang='lat' dir='ltr'><strong>est</strong></span> <span class='ocrx_word' id='word_1_401' title='bbox 2011 2214 2094 2281; x_wconf 93' lang='lat' dir='ltr'><strong>ergo</strong></span> <span class='ocrx_word' id='word_1_402' title='bbox 2127 2194 2224 2263; x_wconf 85' lang='lat' dir='ltr'><strong>filius</strong></span> <span class='ocrx_word' id='word_1_403' title='bbox 2253 2194 2356 2285; x_wconf 92' lang='lat' dir='ltr'><strong>patri.</strong></span> <span class='ocrx_word' id='word_1_404' title='bbox 2421 2192 2520 2283; x_wconf 89' lang='lat' dir='ltr'><strong>Quae</strong></span> 
     </span>
     <span class='ocr_line' id='line_1_63' title="bbox 1536 2279 2521 2384; baseline 0.013 -33"><span class='ocrx_word' id='word_1_405' title='bbox 1536 2283 1605 2353; x_wconf 87' lang='lat' dir='ltr'><strong>fuit</strong></span> <span class='ocrx_word' id='word_1_406' title='bbox 1624 2279 1709 2355; x_wconf 90' lang='lat' dir='ltr'><strong>baec</strong></span> <span class='ocrx_word' id='word_1_407' title='bbox 1723 2287 1869 2375; x_wconf 86' lang='lat' dir='ltr'><strong>lenitas,</strong></span> <span class='ocrx_word' id='word_1_408' title='bbox 1895 2294 1950 2361; x_wconf 91' lang='lat' dir='ltr'><strong>vel</strong></span> <span class='ocrx_word' id='word_1_409' title='bbox 1967 2295 2085 2384; x_wconf 85' lang='lat' dir='ltr'><strong>potius</strong></span> <span class='ocrx_word' id='word_1_410' title='bbox 2099 2295 2281 2382; x_wconf 89' lang='lat' dir='ltr'><strong>impietas,</strong></span> <span class='ocrx_word' id='word_1_411' title='bbox 2307 2295 2395 2364; x_wconf 88' lang='lat' dir='ltr'><strong>tales</strong></span> <span class='ocrx_word' id='word_1_412' title='bbox 2417 2319 2521 2365; x_wconf 90' lang='lat' dir='ltr'><strong>voces</strong></span> 
     </span>
     <span class='ocr_line' id='line_1_64' title="bbox 1536 2385 2522 2481; baseline 0.017 -31"><span class='ocrx_word' id='word_1_413' title='bbox 1536 2385 1685 2454; x_wconf 84' lang='lat' dir='ltr'><strong>audire?</strong></span> <span class='ocrx_word' id='word_1_414' title='bbox 1725 2386 1779 2456; x_wconf 85' lang='lat' dir='ltr'><strong>Te</strong></span> <span class='ocrx_word' id='word_1_415' title='bbox 1795 2414 1841 2459; x_wconf 94' lang='lat' dir='ltr'><strong>ne</strong></span> <span class='ocrx_word' id='word_1_416' title='bbox 1855 2388 1980 2463; x_wconf 88' lang='lat' dir='ltr'><strong>Carole</strong></span> <span class='ocrx_word' id='word_1_417' title='bbox 2000 2396 2214 2481; x_wconf 84' lang='lat' dir='ltr'><strong>existimem,</strong></span> <span class='ocrx_word' id='word_1_418' title='bbox 2245 2411 2318 2466; x_wconf 91' lang='lat' dir='ltr'><strong>tam</strong></span> <span class='ocrx_word' id='word_1_419' title='bbox 2344 2420 2419 2464; x_wconf 91' lang='lat' dir='ltr'><strong>non</strong></span> <span class='ocrx_word' id='word_1_420' title='bbox 2440 2397 2522 2467; x_wconf 90' lang='lat' dir='ltr'><strong>dico</strong></span> 
     </span>
     <span class='ocr_line' id='line_1_65' title="bbox 1537 2487 2523 2587; baseline 0.013 -35"><span class='ocrx_word' id='word_1_421' title='bbox 1537 2487 1691 2571; x_wconf 91' lang='lat' dir='ltr'><strong>lentum,</strong></span> <span class='ocrx_word' id='word_1_422' title='bbox 1717 2493 1777 2558; x_wconf 91' lang='lat' dir='ltr'><strong>sed</strong></span> <span class='ocrx_word' id='word_1_423' title='bbox 1803 2497 1988 2563; x_wconf 85' lang='lat' dir='ltr'><strong>vecordem</strong></span> <span class='ocrx_word' id='word_1_424' title='bbox 2013 2519 2104 2576; x_wconf 88' lang='lat' dir='ltr'><strong>esse,</strong></span> <span class='ocrx_word' id='word_1_425' title='bbox 2129 2512 2169 2567; x_wconf 91' lang='lat' dir='ltr'><strong>ut</strong></span> <span class='ocrx_word' id='word_1_426' title='bbox 2190 2499 2260 2567; x_wconf 91' lang='lat' dir='ltr'><strong>fuit</strong></span> <span class='ocrx_word' id='word_1_427' title='bbox 2276 2495 2523 2587; x_wconf 85' lang='lat' dir='ltr'><strong>Constantius,</strong></span> 
     </span>
     <span class='ocr_line' id='line_1_66' title="bbox 1539 2589 2525 2688; baseline 0.012 -33"><span class='ocrx_word' id='word_1_428' title='bbox 1539 2600 1578 2656; x_wconf 95' lang='lat' dir='ltr'><strong>ut</strong></span> <span class='ocrx_word' id='word_1_429' title='bbox 1598 2589 1723 2658; x_wconf 89' lang='lat' dir='ltr'><strong>sedens</strong></span> <span class='ocrx_word' id='word_1_430' title='bbox 1750 2591 1789 2660; x_wconf 92' lang='lat' dir='ltr'><strong>in</strong></span> <span class='ocrx_word' id='word_1_431' title='bbox 1806 2591 1973 2688; x_wconf 89' lang='lat' dir='ltr'><strong>Synodo,</strong></span> <span class='ocrx_word' id='word_1_432' title='bbox 1996 2596 2072 2665; x_wconf 91' lang='lat' dir='ltr'><strong>sine</strong></span> <span class='ocrx_word' id='word_1_433' title='bbox 2093 2596 2229 2687; x_wconf 82' lang='lat' dir='ltr'><strong>ingenti</strong></span> <span class='ocrx_word' id='word_1_434' title='bbox 2254 2599 2378 2668; x_wconf 89' lang='lat' dir='ltr'><strong>dolore</strong></span> <span class='ocrx_word' id='word_1_435' title='bbox 2405 2612 2441 2669; x_wconf 90' lang='lat' dir='ltr'><strong>et</strong></span> <span class='ocrx_word' id='word_1_436' title='bbox 2466 2598 2525 2667; x_wconf 91' lang='lat' dir='ltr'><strong>in-</strong></span> 
     </span>
     <span class='ocr_line' id='line_1_67' title="bbox 1538 2689 2303 2786; baseline 0.02 -31"><span class='ocrx_word' id='word_1_437' title='bbox 1538 2689 1762 2778; x_wconf 83' lang='lat' dir='ltr'><strong>dignatione,</strong></span> <span class='ocrx_word' id='word_1_438' title='bbox 1788 2692 2004 2786; x_wconf 88' lang='lat' dir='ltr'><strong>sophismata</strong></span> <span class='ocrx_word' id='word_1_439' title='bbox 2020 2699 2206 2768; x_wconf 90' lang='lat' dir='ltr'><strong>auditurus</strong></span> <span class='ocrx_word' id='word_1_440' title='bbox 2219 2700 2303 2769; x_wconf 84' lang='lat' dir='ltr'><strong>sis.&#39;&#39;</strong></span> 
     </span>
    </p>
   </div>
   <div class='ocr_carea' id='block_1_8' title="bbox 1535 2822 2522 3123">
    <p class='ocr_par' dir='ltr' id='par_1_9' title="bbox 1535 2822 2522 3123">
     <span class='ocr_line' id='line_1_68' title="bbox 1634 2822 2522 2924; baseline 0.015 -30"><span class='ocrx_word' id='word_1_441' title='bbox 1634 2822 1826 2909; x_wconf 90' lang='lat' dir='ltr'><strong>„Secunda</strong></span> <span class='ocrx_word' id='word_1_442' title='bbox 1847 2828 1966 2897; x_wconf 90' lang='lat' dir='ltr'><strong>classis</strong></span> <span class='ocrx_word' id='word_1_443' title='bbox 1988 2844 2058 2914; x_wconf 92' lang='lat' dir='ltr'><strong>est,</strong></span> <span class='ocrx_word' id='word_1_444' title='bbox 2082 2845 2123 2900; x_wconf 94' lang='lat' dir='ltr'><strong>ut</strong></span> <span class='ocrx_word' id='word_1_445' title='bbox 2138 2831 2185 2901; x_wconf 89' lang='lat' dir='ltr'><strong>ita</strong></span> <span class='ocrx_word' id='word_1_446' title='bbox 2202 2832 2333 2918; x_wconf 88' lang='lat' dir='ltr'><strong>dicam,</strong></span> <span class='ocrx_word' id='word_1_447' title='bbox 2358 2834 2522 2924; x_wconf 86' lang='lat' dir='ltr'><strong>dogmata</strong></span> 
     </span>
     <span class='ocr_line' id='line_1_69' title="bbox 1540 2924 2520 3006; baseline 0.014 -14"><span class='ocrx_word' id='word_1_448' title='bbox 1540 2924 1807 2997; x_wconf 79' lang='lat' dir='ltr'><strong>inextricabilia.</strong></span> <span class='ocrx_word' id='word_1_449' title='bbox 1856 2925 1911 2999; x_wconf 91' lang='lat' dir='ltr'><strong>De</strong></span> <span class='ocrx_word' id='word_1_450' title='bbox 1937 2925 2092 3000; x_wconf 92' lang='lat' dir='ltr'><strong>hiscum</strong></span> <span class='ocrx_word' id='word_1_451' title='bbox 2119 2933 2200 3001; x_wconf 92' lang='lat' dir='ltr'><strong>tolli</strong></span> <span class='ocrx_word' id='word_1_452' title='bbox 2230 2936 2422 3006; x_wconf 89' lang='lat' dir='ltr'><strong>certamina</strong></span> <span class='ocrx_word' id='word_1_453' title='bbox 2445 2960 2520 3006; x_wconf 90' lang='lat' dir='ltr'><strong>non</strong></span> 
     </span>
     <span class='ocr_line' id='line_1_70' title="bbox 1535 3027 2521 3123; baseline 0.016 -30"><span class='ocrx_word' id='word_1_454' title='bbox 1535 3027 1692 3118; x_wconf 83' lang='lat' dir='ltr'><strong>possint,</strong></span> <span class='ocrx_word' id='word_1_455' title='bbox 1719 3030 1846 3101; x_wconf 89' lang='lat' dir='ltr'><strong>melius</strong></span> <span class='ocrx_word' id='word_1_456' title='bbox 1862 3032 1968 3101; x_wconf 90' lang='lat' dir='ltr'><strong>fuerit</strong></span> <span class='ocrx_word' id='word_1_457' title='bbox 1982 3057 2022 3101; x_wconf 90' lang='lat' dir='ltr'><strong>ea</strong></span> <span class='ocrx_word' id='word_1_458' title='bbox 2037 3057 2112 3101; x_wconf 92' lang='lat' dir='ltr'><strong>non</strong></span> <span class='ocrx_word' id='word_1_459' title='bbox 2126 3036 2264 3123; x_wconf 90' lang='lat' dir='ltr'><strong>agitari.</strong></span> <span class='ocrx_word' id='word_1_460' title='bbox 2317 3036 2423 3106; x_wconf 86' lang='lat' dir='ltr'><strong>Tales</strong></span> <span class='ocrx_word' id='word_1_461' title='bbox 2436 3053 2521 3110; x_wconf 90' lang='lat' dir='ltr'><strong>sunt</strong></span> 
     </span>
    </p>
   </div>
   <div class='ocr_carea' id='block_1_9' title="bbox 1535 3129 2522 3305">
    <p class='ocr_par' dir='ltr' id='par_1_10' title="bbox 1535 3129 2522 3305">
     <span class='ocr_line' id='line_1_71' title="bbox 1535 3129 2522 3227; baseline 0.015 -31"><span class='ocrx_word' id='word_1_462' title='bbox 1535 3129 1760 3220; x_wconf 90' lang='lat' dir='ltr'><strong>quaestiones</strong></span> <span class='ocrx_word' id='word_1_463' title='bbox 1776 3132 1820 3200; x_wconf 89' lang='lat' dir='ltr'><strong>de</strong></span> <span class='ocrx_word' id='word_1_464' title='bbox 1834 3134 2042 3204; x_wconf 90' lang='lat' dir='ltr'><strong>adoratione</strong></span> <span class='ocrx_word' id='word_1_465' title='bbox 2059 3135 2172 3227; x_wconf 89' lang='lat' dir='ltr'><strong>panis,</strong></span> <span class='ocrx_word' id='word_1_466' title='bbox 2198 3139 2242 3205; x_wconf 92' lang='lat' dir='ltr'><strong>de</strong></span> <span class='ocrx_word' id='word_1_467' title='bbox 2259 3138 2453 3226; x_wconf 89' lang='lat' dir='ltr'><strong>oblatione,</strong></span> <span class='ocrx_word' id='word_1_468' title='bbox 2476 3142 2522 3211; x_wconf 89' lang='lat' dir='ltr'><strong>de</strong></span> 
     </span>
     <span class='ocr_line' id='line_1_72' title="bbox 1535 3231 1991 3305; baseline -0.004 -6"><span class='ocrx_word' id='word_1_469' title='bbox 1535 3231 1705 3302; x_wconf 87' lang='lat' dir='ltr'><strong>sacrificio</strong></span> <span class='ocrx_word' id='word_1_470' title='bbox 1722 3231 1883 3305; x_wconf 84' lang='lat' dir='ltr'><strong>Missae.&#39;&#39;</strong></span> <span class='ocrx_word' id='word_1_471' title='bbox 1986 3290 1991 3297; x_wconf 90' lang='lat'><strong>.</strong></span> 
     </span>
    </p>
   </div>
   <div class='ocr_carea' id='block_1_10' title="bbox 1534 3364 2522 4470">
    <p class='ocr_par' dir='ltr' id='par_1_11' title="bbox 1534 3364 2522 4470">
     <span class='ocr_line' id='line_1_73' title="bbox 1636 3364 2520 3465; baseline 0.01 -28"><span class='ocrx_word' id='word_1_472' title='bbox 1636 3364 1789 3451; x_wconf 87' lang='lat' dir='ltr'><strong>„Tertia</strong></span> <span class='ocrx_word' id='word_1_473' title='bbox 1810 3369 1930 3441; x_wconf 85' lang='lat' dir='ltr'><strong>classis</strong></span> <span class='ocrx_word' id='word_1_474' title='bbox 1951 3384 2020 3442; x_wconf 88' lang='lat' dir='ltr'><strong>est:</strong></span> <span class='ocrx_word' id='word_1_475' title='bbox 2055 3371 2315 3465; x_wconf 88' lang='lat' dir='ltr'><strong>Dispensabilia</strong></span> <span class='ocrx_word' id='word_1_476' title='bbox 2337 3373 2520 3447; x_wconf 76' lang='lat' dir='ltr'><strong>Ponuficu</strong></span> 
     </span>
     <span class='ocr_line' id='line_1_74' title="bbox 1535 3469 2518 3560; baseline 0.01 -23"><span class='ocrx_word' id='word_1_477' title='bbox 1535 3469 1739 3556; x_wconf 89' lang='lat' dir='ltr'><strong>autoritate,</strong></span> <span class='ocrx_word' id='word_1_478' title='bbox 1763 3485 1805 3542; x_wconf 89' lang='lat' dir='ltr'><strong>ut</strong></span> <span class='ocrx_word' id='word_1_479' title='bbox 1826 3473 1956 3543; x_wconf 83' lang='lat' dir='ltr'><strong>laxatio</strong></span> <span class='ocrx_word' id='word_1_480' title='bbox 1979 3488 2163 3560; x_wconf 88' lang='lat' dir='ltr'><strong>votorum,</strong></span> <span class='ocrx_word' id='word_1_481' title='bbox 2188 3478 2367 3548; x_wconf 88' lang='lat' dir='ltr'><strong>concessio</strong></span> <span class='ocrx_word' id='word_1_482' title='bbox 2391 3478 2518 3548; x_wconf 87' lang='lat' dir='ltr'><strong>coniu-</strong></span> 
     </span>
     <span class='ocr_line' id='line_1_75' title="bbox 1535 3569 2522 3664; baseline 0.012 -27"><span class='ocrx_word' id='word_1_483' title='bbox 1535 3569 1604 3660; x_wconf 92' lang='lat' dir='ltr'><strong>gii,</strong></span> <span class='ocrx_word' id='word_1_484' title='bbox 1629 3573 1828 3642; x_wconf 89' lang='lat' dir='ltr'><strong>emendatio</strong></span> <span class='ocrx_word' id='word_1_485' title='bbox 1844 3576 2114 3664; x_wconf 88' lang='lat' dir='ltr'><strong>superstitionis,</strong></span> <span class='ocrx_word' id='word_1_486' title='bbox 2140 3578 2178 3644; x_wconf 92' lang='lat' dir='ltr'><strong>in</strong></span> <span class='ocrx_word' id='word_1_487' title='bbox 2192 3580 2294 3663; x_wconf 92' lang='lat' dir='ltr'><strong>cibis,</strong></span> <span class='ocrx_word' id='word_1_488' title='bbox 2320 3581 2461 3661; x_wconf 90' lang='lat' dir='ltr'><strong>vestitu,</strong></span> <span class='ocrx_word' id='word_1_489' title='bbox 2486 3591 2522 3649; x_wconf 86' lang='lat' dir='ltr'><strong>et</strong></span> 
     </span>
     <span class='ocr_line' id='line_1_76' title="bbox 1537 3671 2521 3761; baseline 0.013 -21"><span class='ocrx_word' id='word_1_490' title='bbox 1537 3671 1714 3741; x_wconf 86' lang='lat' dir='ltr'><strong>similibus</strong></span> <span class='ocrx_word' id='word_1_491' title='bbox 1739 3673 1895 3761; x_wconf 87' lang='lat' dir='ltr'><strong>ineptiis.</strong></span> <span class='ocrx_word' id='word_1_492' title='bbox 1945 3674 1999 3741; x_wconf 90' lang='lat' dir='ltr'><strong>De</strong></span> <span class='ocrx_word' id='word_1_493' title='bbox 2021 3671 2086 3742; x_wconf 92' lang='lat' dir='ltr'><strong>bac</strong></span> <span class='ocrx_word' id='word_1_494' title='bbox 2114 3676 2239 3761; x_wconf 85' lang='lat' dir='ltr'><strong>classe,</strong></span> <span class='ocrx_word' id='word_1_495' title='bbox 2265 3703 2346 3748; x_wconf 89' lang='lat' dir='ltr'><strong>cum</strong></span> <span class='ocrx_word' id='word_1_496' title='bbox 2366 3679 2425 3750; x_wconf 66' lang='lat' dir='ltr'><strong>&#39;res</strong></span> <span class='ocrx_word' id='word_1_497' title='bbox 2449 3683 2521 3753; x_wconf 90' lang='lat' dir='ltr'><strong>sint</strong></span> 
     </span>
     <span class='ocr_line' id='line_1_77' title="bbox 1534 3767 2516 3872; baseline 0.009 -32"><span class='ocrx_word' id='word_1_498' title='bbox 1534 3770 1755 3857; x_wconf 84' lang='lat' dir='ltr'><strong>manifestae,</strong></span> <span class='ocrx_word' id='word_1_499' title='bbox 1787 3767 1880 3840; x_wconf 93' lang='lat' dir='ltr'><strong>nihil</strong></span> <span class='ocrx_word' id='word_1_500' title='bbox 1902 3795 1992 3863; x_wconf 92' lang='lat' dir='ltr'><strong>opus</strong></span> <span class='ocrx_word' id='word_1_501' title='bbox 2023 3787 2075 3843; x_wconf 88' lang='lat' dir='ltr'><strong>est</strong></span> <span class='ocrx_word' id='word_1_502' title='bbox 2103 3774 2343 3864; x_wconf 88' lang='lat' dir='ltr'><strong>disputatione</strong></span> <span class='ocrx_word' id='word_1_503' title='bbox 2367 3780 2516 3872; x_wconf 86' lang='lat' dir='ltr'><strong>Synodi.</strong></span> 
     </span>
     <span class='ocr_line' id='line_1_78' title="bbox 1535 3869 2518 3966; baseline 0.004 -22"><span class='ocrx_word' id='word_1_504' title='bbox 1535 3871 1575 3944; x_wconf 83' lang='lat' dir='ltr'><strong>si</strong></span> <span class='ocrx_word' id='word_1_505' title='bbox 1589 3869 1704 3960; x_wconf 87' lang='lat' dir='ltr'><strong>Reges</strong></span> <span class='ocrx_word' id='word_1_506' title='bbox 1725 3886 1761 3943; x_wconf 94' lang='lat' dir='ltr'><strong>et</strong></span> <span class='ocrx_word' id='word_1_507' title='bbox 1775 3871 1957 3964; x_wconf 86' lang='lat' dir='ltr'><strong>Principes</strong></span> <span class='ocrx_word' id='word_1_508' title='bbox 1980 3888 2101 3966; x_wconf 90' lang='lat' dir='ltr'><strong>petent</strong></span> <span class='ocrx_word' id='word_1_509' title='bbox 2116 3869 2244 3946; x_wconf 89' lang='lat' dir='ltr'><strong>harum</strong></span> <span class='ocrx_word' id='word_1_510' title='bbox 2258 3901 2379 3946; x_wconf 89' lang='lat' dir='ltr'><strong>rerum</strong></span> <span class='ocrx_word' id='word_1_511' title='bbox 2392 3881 2518 3948; x_wconf 88' lang='lat' dir='ltr'><strong>mode·</strong></span> 
     </span>
     <span class='ocr_line' id='line_1_79' title="bbox 1534 3972 2515 4060; baseline 0.007 -17"><span class='ocrx_word' id='word_1_512' title='bbox 1534 3974 1722 4060; x_wconf 90' lang='lat' dir='ltr'><strong>rationem,</strong></span> <span class='ocrx_word' id='word_1_513' title='bbox 1740 3976 1838 4044; x_wconf 90' lang='lat' dir='ltr'><strong>sedes</strong></span> <span class='ocrx_word' id='word_1_514' title='bbox 1853 3972 2017 4046; x_wconf 87' lang='lat' dir='ltr'><strong>Romana</strong></span> <span class='ocrx_word' id='word_1_515' title='bbox 2034 4001 2106 4047; x_wconf 90' lang='lat' dir='ltr'><strong>uno</strong></span> <span class='ocrx_word' id='word_1_516' title='bbox 2124 3978 2238 4048; x_wconf 89' lang='lat' dir='ltr'><strong>edicto</strong></span> <span class='ocrx_word' id='word_1_517' title='bbox 2255 3976 2381 4050; x_wconf 89' lang='lat' dir='ltr'><strong>barum</strong></span> <span class='ocrx_word' id='word_1_518' title='bbox 2394 4003 2515 4050; x_wconf 90' lang='lat' dir='ltr'><strong>rerum</strong></span> 
     </span>
     <span class='ocr_line' id='line_1_80' title="bbox 1535 4072 2515 4175; baseline 0.008 -32"><span class='ocrx_word' id='word_1_519' title='bbox 1535 4075 1696 4144; x_wconf 91' lang='lat' dir='ltr'><strong>omnium</strong></span> <span class='ocrx_word' id='word_1_520' title='bbox 1720 4072 1913 4150; x_wconf 70' lang='grc' dir='ltr'><em>ἐπιείκειαν</em></span> <span class='ocrx_word' id='word_1_521' title='bbox 1933 4081 2038 4148; x_wconf 89' lang='lat' dir='ltr'><strong>edere</strong></span> <span class='ocrx_word' id='word_1_522' title='bbox 2060 4093 2185 4171; x_wconf 85' lang='lat' dir='ltr'><strong>posset.</strong></span> <span class='ocrx_word' id='word_1_523' title='bbox 2235 4078 2352 4151; x_wconf 83' lang='lat' dir='ltr'><strong>Velim</strong></span> <span class='ocrx_word' id='word_1_524' title='bbox 2375 4096 2409 4152; x_wconf 89' lang='lat' dir='ltr'><strong>et</strong></span> <span class='ocrx_word' id='word_1_525' title='bbox 2439 4083 2515 4175; x_wconf 89' lang='lat' dir='ltr'><strong>ipse</strong></span> 
     </span>
     <span class='ocr_line' id='line_1_81' title="bbox 1534 4178 2517 4275; baseline 0.005 -27"><span class='ocrx_word' id='word_1_526' title='bbox 1534 4178 1614 4248; x_wconf 91' lang='lat' dir='ltr'><strong>tolli</strong></span> <span class='ocrx_word' id='word_1_527' title='bbox 1631 4179 1936 4270; x_wconf 86' lang='lat' dir='ltr'><strong>superstitionem,</strong></span> <span class='ocrx_word' id='word_1_528' title='bbox 1960 4194 1996 4250; x_wconf 89' lang='lat' dir='ltr'><strong>et</strong></span> <span class='ocrx_word' id='word_1_529' title='bbox 2011 4204 2151 4250; x_wconf 88' lang='lat' dir='ltr'><strong>morum</strong></span> <span class='ocrx_word' id='word_1_530' title='bbox 2167 4182 2274 4267; x_wconf 92' lang='lat' dir='ltr'><strong>vitia,</strong></span> <span class='ocrx_word' id='word_1_531' title='bbox 2295 4207 2385 4275; x_wconf 90' lang='lat' dir='ltr'><strong>quae</strong></span> <span class='ocrx_word' id='word_1_532' title='bbox 2399 4184 2517 4256; x_wconf 88' lang='lat' dir='ltr'><strong>stultis</strong></span> 
     </span>
     <span class='ocr_line' id='line_1_82' title="bbox 1535 4276 2518 4376; baseline 0.008 -28"><span class='ocrx_word' id='word_1_533' title='bbox 1535 4280 1673 4370; x_wconf 92' lang='lat' dir='ltr'><strong>legibus</strong></span> <span class='ocrx_word' id='word_1_534' title='bbox 1687 4276 1871 4370; x_wconf 84' lang='lat' dir='ltr'><strong>augentur.</strong></span> <span class='ocrx_word' id='word_1_535' title='bbox 1922 4282 1992 4354; x_wconf 86' lang='lat' dir='ltr'><strong>Sed</strong></span> <span class='ocrx_word' id='word_1_536' title='bbox 2008 4277 2195 4376; x_wconf 79' lang='grc' dir='ltr'><em>ἀναρχίαν</em></span> <span class='ocrx_word' id='word_1_537' title='bbox 2209 4285 2284 4354; x_wconf 88' lang='lat' dir='ltr'><strong>lieri</strong></span> <span class='ocrx_word' id='word_1_538' title='bbox 2300 4286 2396 4357; x_wconf 89' lang='lat' dir='ltr'><strong>nolo.</strong></span> <span class='ocrx_word' id='word_1_539' title='bbox 2448 4284 2518 4356; x_wconf 89' lang='lat' dir='ltr'><strong>Pe-</strong></span> 
     </span>
     <span class='ocr_line' id='line_1_83' title="bbox 1535 4379 2520 4470; baseline 0.004 -18"><span class='ocrx_word' id='word_1_540' title='bbox 1535 4396 1660 4453; x_wconf 87' lang='lat' dir='ltr'><strong>tatura</strong></span> <span class='ocrx_word' id='word_1_541' title='bbox 1684 4379 1848 4453; x_wconf 88' lang='lat' dir='ltr'><strong>Romana</strong></span> <span class='ocrx_word' id='word_1_542' title='bbox 1871 4385 1953 4454; x_wconf 89' lang='lat' dir='ltr'><strong>sede</strong></span> <span class='ocrx_word' id='word_1_543' title='bbox 1975 4385 2194 4470; x_wconf 88' lang='lat' dir='ltr'><strong>emendatio,</strong></span> <span class='ocrx_word' id='word_1_544' title='bbox 2226 4387 2285 4455; x_wconf 92' lang='lat' dir='ltr'><strong>cui</strong></span> <span class='ocrx_word' id='word_1_545' title='bbox 2306 4388 2392 4457; x_wconf 92' lang='lat' dir='ltr'><strong>nolo</strong></span> <span class='ocrx_word' id='word_1_546' title='bbox 2407 4386 2520 4456; x_wconf 89' lang='lat' dir='ltr'><strong>adimi</strong></span> 
     </span>
    </p>
   </div>
   <div class='ocr_carea' id='block_1_11' title="bbox 1535 4482 2521 4653">
    <p class='ocr_par' dir='ltr' id='par_1_12' title="bbox 1535 4482 2521 4653">
     <span class='ocr_line' id='line_1_84' title="bbox 1535 4482 2521 4653; baseline 0.007 -102"><span class='ocrx_word' id='word_1_547' title='bbox 1535 4483 1781 4653; x_wconf 63' lang='lat' dir='ltr'><strong>qutoritatem,</strong></span> <span class='ocrx_word' id='word_1_548' title='bbox 1805 4500 1966 4558; x_wconf 86' lang='lat' dir='ltr'><strong>vetustae</strong></span> <span class='ocrx_word' id='word_1_549' title='bbox 1982 4482 2161 4557; x_wconf 88' lang='lat' dir='ltr'><strong>Ecclesiae</strong></span> <span class='ocrx_word' id='word_1_550' title='bbox 2180 4489 2358 4558; x_wconf 88' lang='lat' dir='ltr'><strong>sententia</strong></span> <span class='ocrx_word' id='word_1_551' title='bbox 2371 4489 2404 4558; x_wconf 90' lang='lat' dir='ltr'><strong>ei</strong></span> <span class='ocrx_word' id='word_1_552' title='bbox 2418 4488 2521 4560; x_wconf 86' lang='lat' dir='ltr'><strong>attri-</strong></span> 
     </span>
     <span class='ocr_line' id='line_1_85' title="bbox 1558 4583 2241 4653; baseline 0.006 -1"><span class='ocrx_word' id='word_1_553' title='bbox 1558 4583 1694 4653; x_wconf 82' lang='lat' dir='ltr'><strong>utam.”</strong></span> <span class='ocrx_word' id='word_1_554' title='bbox 2238 4615 2241 4622; x_wconf 63' lang='lat'>¹</span> 
     </span>
    </p>
   </div>
   <div class='ocr_carea' id='block_1_12' title="bbox 1533 4715 2521 5422">
    <p class='ocr_par' dir='ltr' id='par_1_13' title="bbox 1533 4715 2521 5422">
     <span class='ocr_line' id='line_1_86' title="bbox 1633 4715 2517 4814; baseline 0.008 -29"><span class='ocrx_word' id='word_1_555' title='bbox 1633 4715 1722 4803; x_wconf 91' lang='lat' dir='ltr'><strong>„His</strong></span> <span class='ocrx_word' id='word_1_556' title='bbox 1737 4720 1906 4790; x_wconf 91' lang='lat' dir='ltr'><strong>classibus</strong></span> <span class='ocrx_word' id='word_1_557' title='bbox 1920 4722 2123 4810; x_wconf 91' lang='lat' dir='ltr'><strong>dogmatum</strong></span> <span class='ocrx_word' id='word_1_558' title='bbox 2141 4722 2389 4814; x_wconf 79' lang='lat' dir='ltr'><strong>consideratis,</strong></span> <span class='ocrx_word' id='word_1_559' title='bbox 2413 4744 2517 4792; x_wconf 88' lang='lat' dir='ltr'><strong>causa</strong></span> 
     </span>
     <span class='ocr_line' id='line_1_87' title="bbox 1535 4817 2519 4918; baseline 0.005 -27"><span class='ocrx_word' id='word_1_560' title='bbox 1535 4817 1748 4899; x_wconf 80' lang='lat' dir='ltr'><strong>cernuntur,</strong></span> <span class='ocrx_word' id='word_1_561' title='bbox 1784 4847 1893 4915; x_wconf 89' lang='lat' dir='ltr'><strong>quare</strong></span> <span class='ocrx_word' id='word_1_562' title='bbox 1923 4848 1997 4893; x_wconf 87' lang='lat' dir='ltr'><strong>nou</strong></span> <span class='ocrx_word' id='word_1_563' title='bbox 2023 4823 2067 4893; x_wconf 88' lang='lat' dir='ltr'><strong>sit</strong></span> <span class='ocrx_word' id='word_1_564' title='bbox 2089 4825 2315 4894; x_wconf 90' lang='lat' dir='ltr'><strong>convocanda</strong></span> <span class='ocrx_word' id='word_1_565' title='bbox 2339 4822 2519 4918; x_wconf 87' lang='lat' dir='ltr'><strong>Synodus.</strong></span> 
     </span>
     <span class='ocr_line' id='line_1_88' title="bbox 1534 4922 2521 5016; baseline 0 -21"><span class='ocrx_word' id='word_1_566' title='bbox 1534 4922 1728 5015; x_wconf 88' lang='lat' dir='ltr'><strong>Reliquum</strong></span> <span class='ocrx_word' id='word_1_567' title='bbox 1743 4937 1795 4992; x_wconf 91' lang='lat' dir='ltr'><strong>est</strong></span> <span class='ocrx_word' id='word_1_568' title='bbox 1809 4924 1936 5014; x_wconf 92' lang='lat' dir='ltr'><strong>igitur,</strong></span> <span class='ocrx_word' id='word_1_569' title='bbox 1960 4941 2000 4996; x_wconf 92' lang='lat' dir='ltr'><strong>ut</strong></span> <span class='ocrx_word' id='word_1_570' title='bbox 2015 4923 2144 4996; x_wconf 88' lang='lat' dir='ltr'><strong>Carole</strong></span> <span class='ocrx_word' id='word_1_571' title='bbox 2155 4926 2260 4995; x_wconf 90' lang='lat' dir='ltr'><strong>armis</strong></span> <span class='ocrx_word' id='word_1_572' title='bbox 2276 4950 2396 5016; x_wconf 89' lang='lat' dir='ltr'><strong>pacem</strong></span> <span class='ocrx_word' id='word_1_573' title='bbox 2416 4926 2521 4997; x_wconf 85' lang='lat' dir='ltr'><strong>resti·</strong></span> 
     </span>
     <span class='ocr_line' id='line_1_89' title="bbox 1534 5024 2517 5119; baseline -0.001 -22"><span class='ocrx_word' id='word_1_574' title='bbox 1534 5042 1621 5097; x_wconf 89' lang='lat' dir='ltr'><strong>tuas.</strong></span> <span class='ocrx_word' id='word_1_575' title='bbox 1679 5024 1779 5097; x_wconf 87' lang='lat' dir='ltr'><strong>ltalia</strong></span> <span class='ocrx_word' id='word_1_576' title='bbox 1800 5027 1933 5097; x_wconf 90' lang='lat' dir='ltr'><strong>domita</strong></span> <span class='ocrx_word' id='word_1_577' title='bbox 1960 5027 2031 5098; x_wconf 92' lang='lat' dir='ltr'><strong>tuis</strong></span> <span class='ocrx_word' id='word_1_578' title='bbox 2053 5028 2180 5111; x_wconf 90' lang='lat' dir='ltr'><strong>armis,</strong></span> <span class='ocrx_word' id='word_1_579' title='bbox 2211 5028 2329 5119; x_wconf 90' lang='lat' dir='ltr'><strong>quieta</strong></span> <span class='ocrx_word' id='word_1_580' title='bbox 2353 5042 2425 5112; x_wconf 89' lang='lat' dir='ltr'><strong>est,</strong></span> <span class='ocrx_word' id='word_1_581' title='bbox 2457 5050 2517 5097; x_wconf 84' lang='lat' dir='ltr'><strong>rex</strong></span> 
     </span>
     <span class='ocr_line' id='line_1_90' title="bbox 1535 5128 2516 5220; baseline -0.003 -21"><span class='ocrx_word' id='word_1_582' title='bbox 1535 5128 1676 5204; x_wconf 79' lang='lat' dir='ltr'><strong>Galliae</strong></span> <span class='ocrx_word' id='word_1_583' title='bbox 1695 5153 1893 5220; x_wconf 90' lang='lat' dir='ltr'><strong>repressus,</strong></span> <span class='ocrx_word' id='word_1_584' title='bbox 1919 5128 1982 5220; x_wconf 93' lang='lat' dir='ltr'><strong>qui</strong></span> <span class='ocrx_word' id='word_1_585' title='bbox 1997 5143 2111 5199; x_wconf 91' lang='lat' dir='ltr'><strong>tecum</strong></span> <span class='ocrx_word' id='word_1_586' title='bbox 2128 5152 2202 5197; x_wconf 84' lang='lat' dir='ltr'><strong>non</strong></span> <span class='ocrx_word' id='word_1_587' title='bbox 2218 5131 2263 5198; x_wconf 91' lang='lat' dir='ltr'><strong>de</strong></span> <span class='ocrx_word' id='word_1_588' title='bbox 2279 5131 2398 5200; x_wconf 87' lang='lat' dir='ltr'><strong>stoicis</strong></span> <span class='ocrx_word' id='word_1_589' title='bbox 2413 5150 2516 5218; x_wconf 91' lang='lat' dir='ltr'><strong>para·</strong></span> 
     </span>
     <span class='ocr_line' id='line_1_91' title="bbox 1534 5226 2515 5320; baseline -0.005 -20"><span class='ocrx_word' id='word_1_590' title='bbox 1534 5233 1653 5320; x_wconf 85' lang='lat' dir='ltr'><strong>doxis,</strong></span> <span class='ocrx_word' id='word_1_591' title='bbox 1677 5243 1737 5300; x_wconf 90' lang='lat' dir='ltr'><strong>aut</strong></span> <span class='ocrx_word' id='word_1_592' title='bbox 1759 5230 1907 5300; x_wconf 86' lang='lat' dir='ltr'><strong>iudaicis</strong></span> <span class='ocrx_word' id='word_1_593' title='bbox 1924 5230 2235 5320; x_wconf 89' lang='lat' dir='ltr'><strong>superstitionibus</strong></span> <span class='ocrx_word' id='word_1_594' title='bbox 2244 5226 2515 5312; x_wconf 87' lang='lat' dir='ltr'><strong>Monacbomm,</strong></span> 
     </span>
     <span class='ocr_line' id='line_1_92' title="bbox 1533 5326 2515 5422; baseline -0.006 -20"><span class='ocrx_word' id='word_1_595' title='bbox 1533 5337 1594 5402; x_wconf 87' lang='lat' dir='ltr'><strong>sed</strong></span> <span class='ocrx_word' id='word_1_596' title='bbox 1614 5338 1658 5405; x_wconf 88' lang='lat' dir='ltr'><strong>dc</strong></span> <span class='ocrx_word' id='word_1_597' title='bbox 1675 5333 1823 5421; x_wconf 87' lang='lat' dir='ltr'><strong>imperio</strong></span> <span class='ocrx_word' id='word_1_598' title='bbox 1842 5330 1997 5401; x_wconf 87' lang='lat' dir='ltr'><strong>certavit.</strong></span> <span class='ocrx_word' id='word_1_599' title='bbox 2050 5330 2196 5422; x_wconf 85' lang='lat' dir='ltr'><strong>Quanto</strong></span> <span class='ocrx_word' id='word_1_600' title='bbox 2211 5333 2347 5403; x_wconf 82' lang='lat' dir='ltr'><strong>facilius</strong></span> <span class='ocrx_word' id='word_1_601' title='bbox 2363 5326 2515 5400; x_wconf 87' lang='lat' dir='ltr'><strong>Germa-</strong></span> 
     </span>
    </p>
   </div>
   <div class='ocr_carea' id='block_1_13' title="bbox 489 5429 2519 5948">
    <p class='ocr_par' dir='ltr' id='par_1_14' title="bbox 489 5429 2519 5948">
     <span class='ocr_line' id='line_1_93' title="bbox 596 5429 2514 5534; baseline -0.005 -25"><span class='ocrx_word' id='word_1_602' title='bbox 596 5448 709 5534; x_wconf 81' lang='lat' dir='ltr'><strong>„sunt</strong></span> <span class='ocrx_word' id='word_1_603' title='bbox 724 5445 899 5529; x_wconf 83' lang='lat' dir='ltr'><strong>dogmata,</strong></span> <span class='ocrx_word' id='word_1_604' title='bbox 930 5442 1060 5533; x_wconf 89' lang='lat' dir='ltr'><strong>partim</strong></span> <span class='ocrx_word' id='word_1_605' title='bbox 1076 5462 1150 5508; x_wconf 94' lang='lat' dir='ltr'><strong>non</strong></span> <span class='ocrx_word' id='word_1_606' title='bbox 1167 5437 1282 5506; x_wconf 89' lang='lat' dir='ltr'><strong>solum</strong></span> <span class='ocrx_word' id='word_1_607' title='bbox 1298 5439 1397 5521; x_wconf 88' lang='lat' dir='ltr'><strong>falsa,</strong></span> <span class='ocrx_word' id='word_1_608' title='bbox 1412 5439 1472 5508; x_wconf 89' lang='lat' dir='ltr'><strong>sed</strong></span> <span class='ocrx_word' id='word_1_609' title='bbox 1534 5434 1614 5504; x_wconf 89' lang='lat' dir='ltr'><strong>niae</strong></span> <span class='ocrx_word' id='word_1_610' title='bbox 1635 5447 1769 5528; x_wconf 89' lang='lat' dir='ltr'><strong>partem</strong></span> <span class='ocrx_word' id='word_1_611' title='bbox 1793 5455 1866 5499; x_wconf 90' lang='lat' dir='ltr'><strong>non</strong></span> <span class='ocrx_word' id='word_1_612' title='bbox 1891 5455 2053 5521; x_wconf 89' lang='lat' dir='ltr'><strong>magnam</strong></span> <span class='ocrx_word' id='word_1_613' title='bbox 2079 5458 2296 5524; x_wconf 85' lang='lat' dir='ltr'><strong>compesces,</strong></span> <span class='ocrx_word' id='word_1_614' title='bbox 2322 5455 2389 5525; x_wconf 90' lang='lat' dir='ltr'><strong>qua</strong></span> <span class='ocrx_word' id='word_1_615' title='bbox 2413 5429 2453 5501; x_wconf 88' lang='lat' dir='ltr'><strong>iu</strong></span> <span class='ocrx_word' id='word_1_616' title='bbox 2474 5454 2514 5499; x_wconf 89' lang='lat' dir='ltr'><strong>re</strong></span> 
     </span>
     <span class='ocr_line' id='line_1_94' title="bbox 495 5530 2514 5633; baseline -0.01 -11"><span class='ocrx_word' id='word_1_617' title='bbox 495 5554 600 5625; x_wconf 91' lang='lat' dir='ltr'><strong>etiam</strong></span> <span class='ocrx_word' id='word_1_618' title='bbox 617 5550 801 5620; x_wconf 90' lang='lat' dir='ltr'><strong>manifeste</strong></span> <span class='ocrx_word' id='word_1_619' title='bbox 818 5543 984 5622; x_wconf 90' lang='lat' dir='ltr'><strong>absurda,</strong></span> <span class='ocrx_word' id='word_1_620' title='bbox 1011 5541 1128 5633; x_wconf 90' lang='lat' dir='ltr'><strong>qualia</strong></span> <span class='ocrx_word' id='word_1_621' title='bbox 1145 5552 1229 5607; x_wconf 90' lang='lat' dir='ltr'><strong>sunt</strong></span> <span class='ocrx_word' id='word_1_622' title='bbox 1246 5540 1481 5630; x_wconf 87' lang='lat' dir='ltr'><strong>anabaptisti-</strong></span> <span class='ocrx_word' id='word_1_623' title='bbox 1534 5550 1566 5604; x_wconf 93' lang='lat' dir='ltr'><strong>et</strong></span> <span class='ocrx_word' id='word_1_624' title='bbox 1582 5534 1822 5627; x_wconf 88' lang='lat' dir='ltr'><strong>posteritatem</strong></span> <span class='ocrx_word' id='word_1_625' title='bbox 1846 5533 2027 5605; x_wconf 88' lang='lat' dir='ltr'><strong>intuearis.</strong></span> <span class='ocrx_word' id='word_1_626' title='bbox 2078 5533 2198 5606; x_wconf 89' lang='lat' dir='ltr'><strong>Huius</strong></span> <span class='ocrx_word' id='word_1_627' title='bbox 2220 5535 2311 5606; x_wconf 88' lang='lat' dir='ltr'><strong>sedis</strong></span> <span class='ocrx_word' id='word_1_628' title='bbox 2323 5530 2514 5604; x_wconf 88' lang='lat' dir='ltr'><strong>autoritate</strong></span> 
     </span>
     <span class='ocr_line' id='line_1_95' title="bbox 494 5632 2517 5745; baseline -0.009 -22"><span class='ocrx_word' id='word_1_629' title='bbox 494 5681 549 5725; x_wconf 92' lang='lat' dir='ltr'><strong>ca:</strong></span> <span class='ocrx_word' id='word_1_630' title='bbox 576 5649 752 5745; x_wconf 74' lang='lat' dir='ltr'><strong>Oportet-e</strong></span> <span class='ocrx_word' id='word_1_631' title='bbox 774 5645 957 5718; x_wconf 81' lang='lat' dir='ltr'><strong>facultates</strong></span> <span class='ocrx_word' id='word_1_632' title='bbox 981 5640 1142 5713; x_wconf 88' lang='lat' dir='ltr'><strong>omnium</strong></span> <span class='ocrx_word' id='word_1_633' title='bbox 1166 5663 1372 5709; x_wconf 88' lang='lat' dir='ltr'><strong>communes</strong></span> <span class='ocrx_word' id='word_1_634' title='bbox 1393 5664 1479 5723; x_wconf 88' lang='lat' dir='ltr'><strong>esse,</strong></span> <span class='ocrx_word' id='word_1_635' title='bbox 1533 5638 1704 5722; x_wconf 84' lang='lat' dir='ltr'><strong>extincta,</strong></span> <span class='ocrx_word' id='word_1_636' title='bbox 1729 5648 1898 5727; x_wconf 89' lang='lat' dir='ltr'><strong>sequetur</strong></span> <span class='ocrx_word' id='word_1_637' title='bbox 1914 5632 2099 5732; x_wconf 80' lang='grc' dir='ltr'><em>ἀναρχία,</em></span> <span class='ocrx_word' id='word_1_638' title='bbox 2125 5640 2163 5707; x_wconf 93' lang='lat' dir='ltr'><strong>in</strong></span> <span class='ocrx_word' id='word_1_639' title='bbox 2181 5663 2251 5732; x_wconf 93' lang='lat' dir='ltr'><strong>qua</strong></span> <span class='ocrx_word' id='word_1_640' title='bbox 2265 5651 2298 5708; x_wconf 90' lang='lat' dir='ltr'><strong>et</strong></span> <span class='ocrx_word' id='word_1_641' title='bbox 2310 5635 2440 5707; x_wconf 86' lang='lat' dir='ltr'><strong>laxatio</strong></span> <span class='ocrx_word' id='word_1_642' title='bbox 2456 5635 2517 5705; x_wconf 91' lang='lat' dir='ltr'><strong>di-</strong></span> 
     </span>
     <span class='ocr_line' id='line_1_96' title="bbox 492 5739 2519 5853; baseline -0.006 -30"><span class='ocrx_word' id='word_1_643' title='bbox 492 5753 740 5846; x_wconf 85' lang='lat' dir='ltr'><strong>Magistratus,</strong></span> <span class='ocrx_word' id='word_1_644' title='bbox 766 5748 916 5828; x_wconf 89' lang='lat' dir='ltr'><strong>iudicia,</strong></span> <span class='ocrx_word' id='word_1_645' title='bbox 943 5744 1117 5836; x_wconf 87' lang='lat' dir='ltr'><strong>legitimas</strong></span> <span class='ocrx_word' id='word_1_646' title='bbox 1137 5764 1285 5834; x_wconf 92' lang='lat' dir='ltr'><strong>poenas,</strong></span> <span class='ocrx_word' id='word_1_647' title='bbox 1318 5739 1479 5833; x_wconf 85' lang='lat' dir='ltr'><strong>imperia,</strong></span> <span class='ocrx_word' id='word_1_648' title='bbox 1502 5764 1507 5853; x_wconf 64' lang='lat' dir='ltr'><strong>p</strong></span> <span class='ocrx_word' id='word_1_649' title='bbox 1531 5739 1700 5830; x_wconf 85' lang='lat' dir='ltr'><strong>sciplinae</strong></span> <span class='ocrx_word' id='word_1_650' title='bbox 1722 5739 1855 5809; x_wconf 87' lang='lat' dir='ltr'><strong>adferet</strong></span> <span class='ocrx_word' id='word_1_651' title='bbox 1876 5740 2074 5810; x_wconf 89' lang='lat' dir='ltr'><strong>barbariem</strong></span> <span class='ocrx_word' id='word_1_652' title='bbox 2097 5740 2137 5808; x_wconf 93' lang='lat' dir='ltr'><strong>in</strong></span> <span class='ocrx_word' id='word_1_653' title='bbox 2162 5742 2343 5827; x_wconf 86' lang='lat' dir='ltr'><strong>moribus,</strong></span> <span class='ocrx_word' id='word_1_654' title='bbox 2363 5753 2397 5810; x_wconf 90' lang='lat' dir='ltr'><strong>et</strong></span> <span class='ocrx_word' id='word_1_655' title='bbox 2412 5752 2519 5832; x_wconf 90' lang='lat' dir='ltr'><strong>petu-</strong></span> 
     </span>
     <span class='ocr_line' id='line_1_97' title="bbox 489 5838 2518 5948; baseline -0.005 -25"><span class='ocrx_word' id='word_1_656' title='bbox 489 5880 546 5929; x_wconf 79' lang='lat' dir='ltr'><strong>res</strong></span> <span class='ocrx_word' id='word_1_657' title='bbox 570 5880 714 5948; x_wconf 84' lang='lat' dir='ltr'><strong>prorsus</strong></span> <span class='ocrx_word' id='word_1_658' title='bbox 735 5881 754 5925; x_wconf 92' lang='lat' dir='ltr'><strong>a</strong></span> <span class='ocrx_word' id='word_1_659' title='bbox 778 5853 854 5926; x_wconf 90' lang='lat' dir='ltr'><strong>Deo</strong></span> <span class='ocrx_word' id='word_1_660' title='bbox 882 5853 1067 5923; x_wconf 90' lang='lat' dir='ltr'><strong>damnatas</strong></span> <span class='ocrx_word' id='word_1_661' title='bbox 1092 5869 1176 5917; x_wconf 87' lang='lat' dir='ltr'><strong>esse.</strong></span> <span class='ocrx_word' id='word_1_662' title='bbox 1243 5838 1378 5915; x_wconf 88' lang='lat' dir='ltr'><strong>Omnia</strong></span> <span class='ocrx_word' id='word_1_663' title='bbox 1401 5841 1478 5910; x_wconf 86' lang='lat' dir='ltr'><strong>lieri</strong></span> <span class='ocrx_word' id='word_1_664' title='bbox 1502 5861 1506 5916; x_wconf 71' lang='grc' dir='ltr'>ε</span> <span class='ocrx_word' id='word_1_665' title='bbox 1530 5840 1641 5913; x_wconf 86' lang='lat' dir='ltr'><strong>lautia</strong></span> <span class='ocrx_word' id='word_1_666' title='bbox 1658 5841 1882 5933; x_wconf 88' lang='lat' dir='ltr'><strong>ingeniorum</strong></span> <span class='ocrx_word' id='word_1_667' title='bbox 1898 5841 2018 5932; x_wconf 86' lang='lat' dir='ltr'><strong>gignet</strong></span> <span class='ocrx_word' id='word_1_668' title='bbox 2041 5841 2118 5911; x_wconf 92' lang='lat' dir='ltr'><strong>sine</strong></span> <span class='ocrx_word' id='word_1_669' title='bbox 2137 5841 2208 5911; x_wconf 85' lang='lat' dir='ltr'><strong>line</strong></span> <span class='ocrx_word' id='word_1_670' title='bbox 2230 5866 2324 5945; x_wconf 83' lang='lat' dir='ltr'><strong>nova¹</strong></span> <span class='ocrx_word' id='word_1_671' title='bbox 2338 5843 2518 5934; x_wconf 85' lang='lat' dir='ltr'><strong>dogmata,</strong></span> 
     </span>
    </p>
   </div>
   <div class='ocr_carea' id='block_1_14' title="bbox 0 0 3018 6775">
    <p class='ocr_par' dir='ltr' id='par_1_15' title="bbox 0 0 3018 6775">
     <span class='ocr_line' id='line_1_98' title="bbox 0 0 3018 6775; baseline 0 0"><span class='ocrx_word' id='word_1_672' title='bbox 0 0 3018 6775; x_wconf 95' lang='lat' dir='ltr'><strong> </strong></span> 
     </span>
    </p>
   </div>
  </div>
 </body>
</html>
