6025 6775
399 678 475 756 333
1032 663 1295 743 33131331
1335 654 1789 740 33333333313.
2348 672 2425 755 050

399 848 547 933 veritas,
577 846 627 918 ita
650 846 694 915 ad
717 838 826 917 buius
847 839 975 914 summi
989 835 1190 912 Sacerdotis
1212 836 1387 932 precatio·
1436 830 1559 927 spicue
1596 834 1748 923 dicitur,
1796 836 1987 910 secundam
2020 853 2157 934 partem
2186 842 2424 934 poenitentiae

399 975 483 1026 nent
509 945 733 1037 adiungimus
754 960 836 1017 vota
856 954 995 1026 nostra,
1027 954 1061 1012 et
1082 941 1175 1012 veris
1198 939 1386 1031 gemitibus
1437 937 1543 1006 fidem
1566 960 1661 1024 esse,
1685 963 1755 1033 qua
1778 953 1963 1013 cortuum
1985 941 2112 1015 fiducia
2129 944 2195 1015 lilii
2211 944 2282 1015 Dei
2297 947 2426 1039 accipit

400 1053 574 1149 petimus,
604 1072 650 1118 ne
669 1048 760 1118 sinat
782 1044 937 1135 extingui
958 1043 1073 1115 lucem
1092 1039 1300 1135 Evangelii,
1324 1040 1386 1111 sed
1436 1038 1700 1127 remissionem,
1725 1056 1760 1115 et
1781 1054 1815 1114 te
1836 1066 1919 1113 vare
1939 1043 2054 1116 aDeo
2076 1046 2185 1137 recipi
2209 1048 2425 1137 ingratiam,

401 1174 541 1244 semper
560 1162 673 1221 servet
693 1158 829 1217 coetum
846 1146 884 1214 in
900 1140 957 1215 his
972 1145 1198 1236 regionibus,
1223 1143 1331 1215 etiarn
1346 1142 1386 1212 iu
1437 1152 1474 1212 et
1488 1140 1621 1214 iustum
1639 1144 1795 1235 reputari
1810 1143 1952 1231 statuis,
1975 1158 2011 1218 et
2024 1168 2107 1218 vere
2124 1148 2249 1239 proiici
2267 1163 2327 1221 tua
2342 1175 2424 1242 pec-

401 1279 475 1350 quo
491 1264 591 1322 sonet
605 1272 669 1320 vox
684 1243 869 1336 Evangelii
883 1247 1108 1339 incorrupta,
1132 1258 1168 1318 et
1180 1268 1201 1317 a
1215 1267 1286 1341 quo
1303 1268 1387 1316 vera
1437 1255 1534 1329 3313,
1565 1256 1607 1314 ut
1628 1246 1723 1334 apud
1746 1240 1949 1317 Michaeam
1970 1247 2119 1334 dicitur,
2142 1249 2182 1319 in
2202 1252 2423 1342 pmlundum

402 1352 625 1427 invocatione
639 1348 784 1422 colatur.
1437 1344 1566 1431 maris,
1588 1368 1662 1415 nou
1676 1359 1821 1439 propter
1835 1347 1909 1419 ulla
1923 1362 2045 1422 nostra
2057 1350 2204 1437 merita,
2227 1353 2288 1423 sed
2310 1375 2423 1447 grn-

502 1455 538 1525 2.
578 1445 643 1520 Est
662 1462 780 1521 autem
804 1449 898 1520 inter
917 1447 1105 1541 praecipua
1126 1446 1242 1541 capita
1263 1440 1387 1520 Evan-
1437 1442 1500 1517 tis
1524 1460 1671 1540 propter
1687 1450 1929 1527 mediatorem.

402 1557 483 1651 gelii
505 1551 666 1623 doctrina
689 1551 735 1621 de
755 1550 993 1643 poenitentia,
1018 1562 1055 1620 31
1075 1549 1284 1621 remissione
1304 1572 1388 1641 pee-
1543 1549 1603 1623 ts.
1635 1547 1733 1622 Haec
1752 1551 1840 1624 tides
1859 1551 2104 1645 complectitur
2119 1576 2243 1625 omues
2255 1553 2424 1628 articulos

401 1671 578 1738 catorum,
619 1676 728 1747 quam
756 1653 900 1745 quidem
930 1652 1099 1723 omuibus
1128 1651 1168 1720 13
1197 1664 1387 1742 conspectu
1438 1645 1535 1740 fidei,
1560 1660 1597 1719 et
1612 1649 1652 1718 in
1666 1646 1724 1723 his
1739 1648 1852 1725 hunc:
1878 1650 1994 1727 Credo
2007 1654 2250 1726 remissionem
2263 1670 2424 1748 peccato·

399 1778 537 1849 semper
558 1777 632 1824 esse
653 1764 811 1845 oportet,
843 1752 935 1825 sicut
955 1766 989 1825 et
1010 1751 1104 1823 lilius
1122 1748 1192 1822 Dei
1212 1774 1387 1823 summam
1438 1772 1540 1832 rum,
1564 1750 1699 1823 scilicet
1712 1749 1802 1832 mihi
1816 1779 1959 1849 quoque
1970 1755 2068 1841 dari,
2093 1780 2169 1827 nou
2181 1769 2321 1828 tantum
2333 1759 2425 1850 aliis.

397 1856 588 1948 Evangelii
615 1857 869 1947 complectens,
899 1854 1032 1948 inquit:
1067 1852 1119 1926 lte
1144 1853 1388 1947 praedicantes
1543 1848 1602 1925 14.
1633 1849 1739 1923 Fides
1755 1854 1794 1923 in
1809 1853 1970 1927 Diabolis
1985 1881 2059 1929 non
2074 1870 2169 1929 recte
2183 1853 2442 1951 accipitbunc-

399 1962 440 2031 in
463 1957 610 2029 nomine
629 1980 709 2028 meo
730 1956 983 2049 poeniteutiam
998 1969 1033 2029 et
1045 1954 1290 2026 remissionem
1305 1978 1387 2050 pec·
1439 1952 1647 2025 articulum:
1672 1950 1791 2026 Credo
1812 1956 2075 2043 remissionem,
2097 1960 2181 2053 quia
2198 1971 2338 2031 tantum
2353 1974 2425 2032 sta-

401 2075 571 2134 catorum.
1439 2054 1508 2128 tuit
1521 2052 1601 2125 aliis
1617 2054 1708 2127 dari.
1759 2053 1859 2127 Talis
1874 2057 1960 2128 fides
1978 2070 2031 2131 est
2045 2056 2155 2131 Iudae
2169 2072 2204 2133 et
2216 2059 2401 2136 similium.

502 2162 539 2232 3.
571 2158 627 2232 Sit
648 2156 794 2228 infixum
812 2156 941 2228 animis
957 2152 1026 2229 hoc
1042 2157 1291 2232 iusiurandum
1306 2155 1387 2228 Dei:
1544 2152 1602 2230 15.
1634 2154 1719 2226 ldeo
1738 2179 1813 2227 non
1825 2143 1928 2229 'recte
1949 2159 2098 2245 dicitur,
2128 2184 2212 2232 vera
2233 2184 2308 2233 csse
2328 2163 2428 2248 tides,

402 2261 497 2334 Vivo
519 2283 603 2352 ego,
634 2259 721 2330 nolo
741 2272 891 2331 mortem
913 2259 1126 2352 peccatoris,
1157 2261 1218 2330 sed
1239 2272 1281 2329 ut
1300 2282 1388 2330 cou-
1439 2278 1530 2352 quae
1550 2270 1609 2328 est
1636 2257 1675 2326 in
1700 2281 1775 2327 non
1794 2261 1993 2347 conversis,
2025 2260 2206 2356 quianon
2227 2264 2427 2335 adsentitur

402 2375 562 2437 vertatur
575 2376 609 2433 et
625 2361 731 2431 vivat.
1437 2357 1606 2429 omnibus
1622 2358 1779 2430 articulis
1795 2359 1887 2433 fidei.

504 2461 544 2540 4.
572 2459 638 2536 Est
658 2475 776 2535 autern
795 2460 995 2556 copulativa
1009 2460 1139 2543 oratio,
1164 2460 1388 2550 coniungun-
1545 2460 1604 2534 16.
1637 2458 1808 2532 Doctrina
1822 2457 2081 2535 monachorum
2096 2487 2189 2559 quae
2206 2465 2306 2536 iubet
2320 2466 2428 2538 dubi-

402 2585 466 2643 tur
486 2561 576 2635 haec
596 2565 687 2650 duo,
716 2562 919 2647 conversio,
952 2575 988 2634 et
1009 2561 1093 2633 vita.
1156 2559 1271 2633 Nemo
1291 2560 1389 2635 vivet
1439 2574 1514 2634 tare
1529 2565 1574 2632 de
1588 2561 1794 2633 remissione
1808 2576 2054 2656 peccatorum,
2079 2580 2113 2637 et
2127 2568 2271 2661 quidem
2286 2567 2325 2636 in
2339 2590 2428 2639 con-

402 2687 631 2761 perseverans
645 2665 683 2736 in
698 2665 888 2736 sceleribus
904 2674 1025 2735 contra
1040 2663 1303 2737 conscientiam.
1439 2662 1622 2745 versione,
1662 2664 1762 2735 iubet
1795 2687 1940 2737 manere
1973 2667 2012 2736 in
2046 2668 2290 2754 dubitatione,
2330 2669 2430 2756 13133,

506 2767 544 2843 6.
565 2766 652 2837 Ideo
669 2764 983 2858 poenitentiaeseu
996 2763 1250 2846 conversionis,
1274 2763 1388 2855 prima
1440 2763 1550 2855 impia
1567 2778 1603 2836 et
1616 2760 1757 2836 ethnica
1770 2778 1839 2854 est,
1864 2780 1951 2839 etre
1964 2767 2040 2859 ipsa
2052 2769 2146 2840 delet
2156 2765 2404 2859 Evangelium.

404 2891 487 2966 pars
500 2891 575 2942 etse
587 2866 756 2939 10111111ἱο
770 2880 863 2938 recle
877 2864 1020 2937 ἆῖῑῑίῠῐ·
1545 2877 1604 2951 17.
1636 2878 1707 2952 Sed
1732 2882 1812 2953 ideo
1834 2877 1942 2954 babet
1962 2885 2209 2977 applausores,
2233 2886 2317 2977 quis
2341 2908 2429 2954 con·

506 2969 544 3045 6·
569 2964 636 3041 Est
649 2982 767 3040 31118ῐῦ
778 2966 945 3039 1011ῐῦ1ῑο
959 2989 1040 3038 *ΕΝ
1052 2988 1278 3058 “investese
1289 2965 1390 3057 ²8⁰3·
1441 2982 1538 3073 gruit
1560 3005 1641 3053 cum
1661 2980 1794 3053 iudicio
1816 2983 1983 3070 rationis,
2007 2986 2111 3078 quale
2130 2999 2183 3056 est
2203 2986 2241 3054 iu
2261 2981 2428 3055 13333311-

404 3076 503 3148 113333
529 3072 605 3142 1333
626 3068 694 3141 Dei
722 3070 890 3140 adversus
915 3081 1035 3140 nostra
1059 3080 1217 3160 peccata,
1251 3082 1285 3140 et
1308 3090 1390 3137 vere
1441 3084 1525 3174 gin,
1545 3096 1703 3159 nasum,
1752 3079 1893 3172 cogtm
1910 3084 2006 3155 cutm
2020 3106 2121 3156 men,
2134 3079 2311 3171 humana,
2336 3108 2428 3179 quae

407 3177 527 3251 dolere
554 3184 676 3244 nostra
707 3169 947 3242 inobedientia
977 3167 1198 3241 Maiestatem
1231 3169 1391 3242 divinam
1440 3185 1590 3257 stultitia
1617 3185 1674 3255 vel
1697 3184 1896 3275 arroganti,
1922 3198 1974 3258 eet
1995 3185 2199 3272 adfirmare,
2231 3187 2329 3281 quod
2352 3183 2429 3258 Deo
2465 3245 2471 3258 ,

403 3277 573 3351 offensam
590 3294 675 3347 esse.
1443 3288 1592 3379 placeas.
1643 3282 1735 3375 Quis
1752 3286 1865 3356 cernit
1877 3309 2039 3358 arcanam
2054 3287 2121 3360 Dei
2135 3287 2380 3359 voluntatem?

510 3372 546 3447 7.
583 3373 676 3447 Vere
694 3371 790 3444 euim
815 3384 850 3444 et
871 3366 1090 3444 horribiliter
1108 3372 1272 3447 irascitur
1293 3368 1392 3444 Deus
1547 3404 1607 3479 13·
1647 3402 1724 3478 lm„
1750 3427 1835 3476 ,em
1858 3404 1940 3478 ide,
1960 3430 2029 3476 νο,
2049 3401 2236 3496 Evangeffi
2258 3407 2429 3498 mem„

406 3477 579 3576 P⁰⁰⁰⁸fi⁸2
607 3490 642 3549 ‘¹
661 3476 752 3596 ifffm
772 3497 872 3545 ’ΠΜ
893 3475 971 3594 ”3¹¹
993 3474 1159 3595 ⁰⁰¹¹⁸P{⁰i·
1210 3472 1295 3545 ¹d⁶⁰
1316 3498 1391 3545 ⁰⁰¹¹
1443 3522 1515 3594 est,
1539 3522 1581 3580 ut
1595 3522 1690 3580 certo
1706 3519 1899 3580 statuamus
1910 3530 1976 3580 nos
1990 3506 2112 3600 recipi.
2159 3504 2430 3580 neeessariam

407 3582 527 3656 solum
543 3600 628 3648 voce
644 3576 730 3667 lagu
744 3598 822 3647 eam
835 3589 970 3667 argue,
995 3576 1055 3646 sed
1070 3588 1175 3646 ettam
1188 3597 1393 3647 commone-
1445 3611 1455 3630 ·

1444 3611 1554 3702 igitur
1567 3610 1655 3681 fides
1668 3631 1739 3703 qua
1752 3621 1787 3680 tc
1805 3610 1922 3703 ipsum
1935 3607 2046 3701 recipi
2059 3607 2196 3681 statuis.

408 3681 496 3761 13311
518 3699 585 3748 nos
606 3688 702 3749 tanta
726 3676 893 3748 varietate
915 3675 1196 3750 tristissimamm
1213 3678 1393 3750 calamita-
1546 3726 1607 3801 19·
1638 3724 1716 3798 Hac
1736 3727 1806 3799 fide
1828 3751 1890 3798 m
1910 3740 2084 3812 emtum,
2109 3726 2235 3819 κείμὴ
2253 3725 2430 3820 spiritum

335 3821 345 3851 '
408 3800 488 3858 “¹¹¹¹
510 3781 556 3851 de
577 3800 639 3849 ⁸⁰³
659 3777 724 3855 ω’
775 3768 851 3851 Ϊωο
869 3792 905 3850 ⁰²
921 3779 961 3849 in
977 3774 1264 3870 voeeEvmg‘ffi
1277 3778 1393 3873 spiri'
1444 3843 1605 3902 33331333
1627 3842 1662 3902 31
1676 3851 1868 3919 agnoscens
1881 3828 1951 3899 iam
1965 3828 2263 3910 misericordiam,
2288 3829 2430 3901 invocat

408 3900 465 3958 ω’
480 3892 623 3954 mm
640 3876 754 3971 ψῃ
768 3883 944 3952 mundum
962 3883 1007 3952 de
1020 3892 1176 3973 peccam
1355 3983 1365 4003 .
1444 3931 1579 4013 Deum,
1605 3930 1733 4002 clamat
1746 3923 1849 4002 Abba
1861 3941 1983 4022 pater,
2006 3942 2041 4002 et
2054 3928 2174 4002 seDeo
2186 3927 2346 4014 subiicit,
2372 3930 2431 4000 in-

508 3983 547 4059 8.
577 3974 655 4054 Etsi
674 3981 713 4052 iu
732 3983 983 4065 conversione,
1008 3982 1047 4053 in
1063 3981 1143 4052 31113
1157 3982 1327 4066 maiores,
1353 4008 1393 4055 ru
1444 4034 1532 4126 cipit
1547 4056 1626 4104 eum
1644 4031 1809 4120 diligere,
1832 4026 1939 4100 habe,
1953 4030 2089 4100 bonum
2106 4032 2338 4124 promptum,

1545 4146 1594 4221 Et
1607 4170 1745 4239 semper
1761 4146 1800 4216 in
1816 4142 1883 4217 1333
1894 4147 1968 4218 vita
1980 4170 2064 4218 vera
2078 4161 2131 4219 331
2143 4171 2212 4219 vor
2226 4143 2429 4238 Evangelii:

1446 4253 1536 4326 Fide
1562 4249 1810 4335 iustificamur,
1840 4248 1879 4319 id
1902 4260 1973 4330 est,
2006 4272 2081 4319 nou
2104 4249 2220 4320 solum
2244 4270 2431 4340 praepara-

408 4087 486 4158 aliis
499 4084 655 4155 minores
667 4095 752 4155 sunt
768 4083 932 4170 dolores,
956 4097 1075 4155 tamen
1091 4083 1129 4155 in
1146 4085 1312 4158 omnibus
1327 4084 1394 4157 ali-

410 4212 497 4284 quos
513 4209 588 4258 csse
602 4208 742 4258 necesse
759 4196 822 4258 est.
872 4181 920 4257 Et
935 4199 976 4260 ut
990 4185 1135 4257 33313313
1151 4187 1321 4280 peccatis,
1345 4187 1394 4259 ita

409 4287 520 4364 multo
541 4289 651 4381 magis
672 4284 853 4360 securitati
866 4283 965 4359 Deus
987 4286 1171 4373 irascitur,
1195 4313 1285 4383 quae
1299 4290 1395 4359 iudi·
1683 4349 1693 4368 ,
1813 4348 1823 4369 .
1894 4349 1905 4370 ,
2014 4348 2024 4369 ‚
2129 4352 2139 4368 .
2200 4349 2210 4368 ·

410 4391 503 4463 cium
519 4387 588 4460 Dei
603 4387 808 4463 contemnit,
1445 4377 1548 4439 mur,
1576 4365 1618 4423 ut
1636 4350 1766 4421 derude
1787 4350 1976 4421 dilectione
1994 4371 2106 4421 simus
2127 4362 2231 4433 rusti,
2257 4351 2318 4419 sed
2339 4371 2431 4419 sem-

513 4490 551 4560 p,
584 4487 668 4560 [deo
689 4493 785 4583 ,pud
801 4485 944 4563 Esaiam
963 4487 1111 4559 ,130ng
1138 4485 1196 4559 Ad
1219 4510 1324 4582 quem
1337 4512 1395 4561 ge,
1447 4452 1709 4552 perretinenda
1725 4452 1829 4525 estin
1844 4474 2014 4523 converso
2028 4445 2209 4523 haecvera
2224 4450 2432 4534 consolatio,

411 4589 579 4685 spiciam,
603 4589 1337 4684 313133ωοωωρηοωῑωωρῑήω,
1361 4605 1397 4664 e,
1447 4580 1599 4652 persona
1621 4567 1673 4627 est
1695 4554 1787 4626 iusta
1807 4554 1895 4641 fide,
1922 4554 2052 4640 idest,
2076 4551 2204 4624 fiducia
2226 4551 2431 4624 mediatoris

410 4701 618 4763 trementem
634 4713 812 4766 sermones
824 4694 946 4766 meos?

512 4792 575 4883 to,
606 4788 654 4865 Et
665 4791 755 4863 leet:
780 4794 939 4870 Scindite
952 4795 1057 4866 corda
1071 4807 1195 4866 vestra.
1244 4787 1293 4866 Et
1302 4790 1396 4864 Pau·
1447 4763 1562 4856 priam
1575 4757 1791 4830 mmmm
1804 4781 1868 4830 ⁸⁸¹¹
1881 4756 2100 4847 ‘signium’

413 4893 471 4959 lus
491 4891 622 4982 inquit:
648 4893 817 4967 Tristicia
837 4900 1033 4971 secundum
1044 4893 1160 4967 Deum
1183 4895 1290 4970 efficit
1311 4917 1396 4989 poe.
1549 4879 1612 4955 20.
1643 4875 1748 4946 Hanc
1761 4875 2039 4947 consolationem
2053 4874 2207 4947 retinere
2218 4895 2357 4944 necesse
2372 4886 2433 4958 est,

412 4989 601 5062 nitentiam
617 4994 661 5062 ad
677 4995 836 5067 salutem.
1449 4995 1483 5053 et
1505 4994 1547 5052 ut
1568 5004 1637 5050 vox
1659 4974 1847 5064 Evangelii
1868 4977 2083 5061 retineatur,
2109 4989 2142 5046 et
2164 4988 2205 5046 ut
2224 4971 2339 5045 honos
2359 4974 2432 5045 lilio

519 5092 579 5165 1¹·
611 5090 757 5165 Necesse
771 5109 822 5169 est
834 5098 942 5188 igitur
955 5099 1083 5191 corrigi
1099 5099 1339 5182 securitatem,
1363 5110 1398 5168 et
1449 5082 1522 5155 Dei
1533 5081 1687 5200 ,debitus
1709 5077 1905 5163 tribuatur,
1938 5090 1974 5149 et
1993 5089 2034 5147 ut
2055 5076 2233 5148 invocatio
2254 5100 2336 5146 vera
2359 5076 2435 5146 lieri

415 5208 455 5266 1¹¹
476 5191 692 5277 θῑῐΰῒῖὃῑΰῐι
719 5200 985 5274 commonefacit
1003 5227 1069 5274 nos
1083 5200 1290 5291 magnitudo
1306 5196 1398 5269 cala·
1449 5195 1573 5278 P0881l·

415 5295 591 5370 mitatum.
641 5291 694 5365 Ac
715 5295 811 5368 Deus
835 5300 1017 5392 praecipue
1034 5298 1228 5376 &etaiam
1251 5299 1400 5372 subiecit
1552 5284 1618 5357 21.
1665 5278 1858 5371 Quomodo
1889 5277 1986 5351 euim
2017 5292 2165 5370 possunt
2194 5281 2357 5350 accedere
2389 5278 2435 5347 ad

338 5396 342 5401 ’
415 5397 532 5483 cruci,
557 5408 598 5467 ut
620 5396 659 5467 in
681 5421 721 5468 ea
743 5399 853 5486 magis
874 5422 979 5491 quam
1000 5402 1039 5472 in
1055 5408 1190 5478 mundo
1204 5402 1400 5495 conspicia-
1450 5389 1582 5472 Deum,
1603 5382 1664 5478 qui
1679 5380 2119 5486 manentindubitatione,
2136 5383 2437 5471 cumobstrepnnt

416 5510 477 5570 tur
491 5512 525 5570 et
538 5497 705 5571 timeatur
720 5500 774 5571 ira
788 5497 857 5572 Dei
872 5500 1039 5572 adversus
1051 5521 1242 5595 peccatum,
1452 5484 1520 5559 hae
1535 5487 1774 5576 cogitationes.
1818 5483 1894 5555 Cur
1906 5484 2062 5575 invocas,
2089 5504 2169 5555 cum
2181 5483 2231 5553 sis
2245 5476 2436 5569 indignus?

520 5601 580 5673 12.
612 5598 684 5672 Sed
706 5626 844 5674 necesse
861 5615 912 5673 est
926 5602 1089 5674 accedere
1103 5611 1147 5677 ad
1162 5610 1303 5679 dolores
1316 5630 1402 5678 con.
1453 5614 1533 5663 cum
1548 5587 1706 5661 fortassis
1720 5584 1816 5659 Deus
1830 5601 1929 5661 tuam
1941 5583 2204 5659 invocationem
2216 5592 2364 5670 respuat.

417 5698 642 5776 solationem.
694 5702 779 5775 Ideo
808 5704 963 5775 secunda
993 5725 1075 5794 pars
1103 5705 1141 5774 iu
1172 5709 1403 5779 conversione
1554 5714 1615 5783 22·
1646 5703 1779 5779 Contra
1796 5705 1883 5777 tales
1896 5705 2137 5777 dubitationes
2152 5697 2311 5792 quotidie
2327 5697 2365 5764 iu
2379 5694 2437 5764 in·

417 5813 471 5871 est
484 5800 677 5877 vivificatio
689 5829 780 5905 quae
794 5808 840 5881 sit
851 5808 930 5880 fide.
979 5801 1030 5907 Et
1042 5805 1193 5875 docendi
1204 5829 1307 5881 causa
1321 5832 1402 5903 per·
1455 5797 2436 5983 333311333313331133ξὲ3311333313133,13113111υά3

1448 4672 1587 4750 accepta
1603 4657 1680 4731 Deo
1698 4658 1742 4728 ad
1758 4655 1866 4726 vitam
1881 4671 2077 4741 aeternam,
2100 4677 2175 4726 uon
2190 4665 2335 4747 propter
2348 4676 2431 4746 pro-
2453 4710 2455 4716 .
2559 4666 2565 4679 ·
