6025 6775
499 607 582 751 soi
742 613 1054 740 scuterl'rtt.
1076 646 1197 726 aar.
1220 644 1294 723 an
1318 627 1445 727 rusa.
1469 646 1615 727 eaor.
1636 645 1704 725 aa
1729 651 1922 737 aurcos.
1947 656 2269 741 seamaurtl.
2388 731 2394 736 .
2439 631 2539 748 esc

379 823 382 828 ¹
500 848 615 918 dicax.
663 832 834 911 Exulavit
858 829 897 898 in
923 823 1056 921 Cypro.
1105 819 1241 892 Postea
1261 818 1402 893 rediens
1421 805 1489 890 tri·
1637 822 1838 903 Zorobabel
1858 829 1932 899 dux
1950 833 2106 922 praefuit
2128 858 2242 907 annos
2264 836 2523 936 quinquaginta

502 948 602 1041 ginta
637 939 751 1012 millia
785 930 1001 1004 ludaeorum
1037 922 1246 1003 trucidavit,
1297 935 1333 993 et
1373 922 1489 1011 codgit
1538 936 1630 998 octo.
1702 920 1925 1024 Etymologia
1959 944 2027 1001 cst:
2070 932 2284 1028 Alienigena
2314 938 2523 1039 Babylonis.

504 1047 663 1140 caprinos
679 1035 771 1107 vesci
787 1031 1055 1104 interfectorum
1073 1024 1312 1095 cadaveribus.
1347 1020 1486 1093 Harum
1537 1022 1657 1095 Huius
1669 1031 1800 1099 mentio
1817 1029 1857 1100 fat
1870 1030 1909 1099 in
1923 1027 2089 1120 Haggaeo
2105 1051 2140 1107 et
2156 1036 2348 1113 Zacharia.

504 1141 735 1221 horribilium
750 1133 989 1205 calamitatum
1004 1139 1215 1219 spectatores
1226 1126 1371 1195 fuerunt
1384 1124 1489 1193 multi
1641 1122 1949 1214 ResaMesollam,
1968 1136 2144 1205 sccundus
2160 1141 2252 1224 dux,
2274 1145 2453 1233 sexaginta
2462 1168 2523 1215 sex

504 1235 814 1318 anetibomines.
840 1232 904 1327 qui
921 1244 1005 1301 tunc
1023 1228 1207 1310 vixerunt,
1232 1224 1393 1309 Simeon,
1419 1224 1489 1294 Za·
1539 1248 1666 1297 annos.
1704 1224 1928 1322 Etymologia
1942 1244 2009 1300 est:
2032 1231 2147 1326 Caput
2162 1242 2365 1329 pacificum.
2406 1243 2527 1316 Huius

504 1344 642 1420 chariss
658 1336 812 1411 etmulti
827 1333 997 1424 alii,'quo
1013 1343 1170 1419 tempore
1185 1327 1291 1398 simul
1308 1328 1346 1395 in
1359 1325 1488 1395 ludaea
1541 1341 1700 1420 tempore
1731 1328 1923 1400 veniebant
1950 1328 2198 1429 lerosolymam
2224 1336 2362 1415 Esdras
2394 1359 2429 1417 et
2455 1345 2528 1418 Ne-

504 1451 630 1519 fratres
645 1443 739 1511 inter
754 1460 792 1507 sc
809 1431 1010 1526 parricidiis
1025 1430 1224 1513 certabant,
1250 1426 1489 1510 Aristobulus,
1540 1425 1687 1499 hemias.

504 1546 707 1635 Antigonus
723 1551 758 1609 eg
772 1534 973 1609 Alexander
989 1528 1152 1598 [anneus.
1644 1525 1806 1600 lohanna
1828 1528 1907 1600 Ben
1926 1529 2042 1619 Rasa,
2073 1538 2195 1609 tertius
2211 1543 2308 1628 dux,
2342 1545 2529 1637 quinqua·

610 1648 669 1716 11.
701 1631 1074 1710 PtolemaeusAuletes
1091 1623 1489 1719 paterCleopatraeAn-
1529 1630 1639 1719 ginta
1657 1644 1742 1703 tres.

486 1746 616 1830 gordi,
650 1741 797 1812 exulans
816 1733 967 1807 Romae.
1024 1728 1163 1799 Deinde
1187 1729 1351 1799 reductus
1370 1729 1409 1798 in
1432 1752 1491 1797 re·
1644 1729 1936 1804 ludasHircenus
1950 1735 2109 1827 primus,
2134 1753 2279 1833 quartm
2294 1743 2380 1830 dux,
2404 1767 2525 1815 annos

505 1871 615 1940 gnum
634 1867 696 1937 per
712 1838 923 1911 Gabinium,
1540 1834 1827 1926 quatuordecim,
1852 1835 2013 1907 fortassis
2027 1861 2070 1907 eo
2083 1838 2400 1930 dictusHircanus,
2423 1846 2526 1938 quod

611 1947 670 2019 12,
703 1939 927 2013 Ptolemaeus
953 1930 1168 2025 Dionysius,
1206 1928 1314 1997 frater
1337 1926 1489 2022 Cleopa·
1541 1934 1616 2004 eius
1634 1948 1793 2025 tempore
1809 1930 1938 2006 Ochus
1959 1940 2143 2012 transtulit
2164 1955 2298 2031 partem
2311 1944 2528 2017 Iudaeorum

388 2052 391 2064 '
485 2066 601 2134 trae,
627 2045 689 2139 qui
708 2032 1129 2130 Pompeiumiuterfecit,
1161 2043 1196 2100 et
1219 2042 1338 2120 postea
1356 2029 1488 2102 lulium
1541 2035 1579 2103 iu
1600 2032 1827 2117 llircaniam,
1869 2038 1964 2109 iuxta
1996 2064 2095 2112 mare
2123 2043 2304 2135 Caspium.
2365 2044 2527 2116 Praefuit

508 2149 693 2224 Caesarem
717 2138 873 2232 bospitio
905 2149 1088 2231 exceptum
1115 2129 1314 2222 opprimere
1342 2145 1489 2203 conatus
1542 2133 1712 2221 iudaeae,
1738 2162 1817 2206 cum
1835 2133 2038 2210 Alexander
2054 2143 2141 2216 vicit
2155 2144 2323 2218 Darium,
2396 2204 2398 2207 ,

509 2264 571 2323 est.
623 2246 693 2318 Sed
709 2266 789 2314 cum
807 2239 919 2310 lulius
934 2238 1064 2307 Cacsar
1077 2230 1214 2321 magnis
1228 2231 1370 2322 praeliis
1383 2232 1488 2301 vicis·
1643 2233 1770 2331 loseph
1787 2239 1939 2330 primus,
1963 2242 2110 2335 quintus
2129 2246 2223 2329 dux,
2249 2266 2365 2314 annos
2382 2256 2529 2335 septem.

491 2366 560 2425 ‚set
575 2346 765 2420 exercitum
783 2340 937 2429 regium,
958 2361 1019 2407 rex
1041 2336 1081 2404 in
1105 2326 1233 2423 scapha
1254 2331 1408 2420 effugere
1428 2356 1489 2402 co-
2469 2361 2471 2366 ,

509 2465 631 2533 natus,
655 2447 750 2516 iuter
764 2442 903 2513 collisas
917 2459 1024 2506 naves
1039 2436 1078 2503 in
1101 2433 1256 2504 tumultu
1276 2432 1489 2522 fugientium

510 2572 631 2623 eversa
647 2546 772 2643 cymba
788 2542 827 2610 in
848 2538 939 2609 mari
956 2535 1072 2629 periit.
1122 2531 1247 2602 Postea
1264 2533 1363 2605 dedit
1377 2531 1491 2604 lulius

510 2674 658 2741 reguum
689 2645 916 2735 Cleopatrae,
954 2660 1046 2730 quae
1074 2647 1334 2728 postmortem
1370 2636 1490 2705 fratris
1643 2631 1769 2707 Abner
1786 2636 1923 2724 Semei,
1951 2642 2025 2714 dux
2045 2651 2179 2729 sextus,
2209 2638 2374 2713 undecim
2395 2664 2530 2728 annos.

509 2776 620 2845 usque
648 2748 693 2817 ad
721 2766 856 2816 anuum
886 2736 1030 2809 Octavii
1059 2734 1211 2825 Augusti
1241 2735 1490 2806 duodecimum
1539 2734 1660 2808 Huius
1687 2752 1846 2830 tempore
1870 2738 2094 2814 Ptolemaeus
2119 2744 2206 2833 Lagi
2229 2743 2320 2813 lilius
2344 2740 2530 2836 lerosoly-

508 2850 688 2943 regnavit,
727 2869 797 2939 quo
820 2865 914 2912 anno
935 2839 1020 2910 vieti
1043 2835 1224 2910 Antonius
1242 2834 1284 2905 'ct
1305 2834 1490 2928 Cleopatra
1541 2863 1635 2908 mam
1650 2838 1775 2911 fraude
1789 2840 1905 2931 coepit
1919 2840 1957 2910 iu
1973 2840 2150 2931 Sabbato,
2180 2843 2349 2915 simulans
2363 2866 2399 2913 se
2414 2844 2532 2913 sacri·

510 2954 579 3025 sibi
595 2963 744 3020 mortem
758 2944 1017 3015 conscivemnt.
1067 2936 1136 3008 Hie
1149 2936 1231 3005 finis
1243 2936 1313 3009 fuit
1330 2936 1432 3027 regni
1457 2952 1492 3010 et
1541 2940 1728 3011 facetorum
1742 2964 1826 3028 esse.
2462 2955 2468 2967 '

433 3113 437 3141 ‚
509 3039 724 3149 posteritatis
746 3045 1032 3117 Ptolemaeorum
1061 3039 1100 3108 in
1122 3038 1292 3131 Aegypto.
1356 3036 1493 3125 Postea,
1644 3038 1705 3111 Eli
1736 3038 1925 3130 Matathia,
1964 3044 2133 3135 septimus
2157 3049 2249 3127 dux,
2291 3066 2402 3115 annos
2435 3043 2531 3116 duo·

508 3170 548 3227 ut
564 3157 740 3233 dicemus,
761 3143 943 3240 Aegyptus
956 3143 1046 3212 facta
1063 3154 1114 3211 est
1129 3138 1313 3231 provincia
1328 3136 1492 3212 Rolnana
1542 3142 1667 3216 decim.

510 3260 556 3327 ab
573 3254 746 3345 Augusto.
1644 3238 1736 3313 Asar
1759 3239 1922 3330 Mahat,
1943 3258 2086 3316 octavus
2113 3246 2205 3331 dux,
2243 3246 2372 3332 idest,
2403 3247 2528 3318 beatus

1796 2477 1908 2547 Post
1939 2475 2264 2552 Alexandrum.

510 3425 670 3498 ΠΜ*
708 3415 992 3492 ΜΜΜΜ
1032 3419 1140 3506 ΡΜ
1180 3407 1410 3519 reditum.
1438 3434 1495 3485 ⁸²
1518 3435 1520 3438 Α
1543 3365 2095 3536 μῐωῐῗέἔὶᾏᾚὲζεῗνξιῐὲειυε
2118 3449 2211 3531 dux,
2236 3447 2389 3539 praefuit
2411 3470 2527 3523 annus

877 3515 1123 3609 Babfi‘me·
1544 3547 1677 3620 decem.
1743 3546 1925 3636 Significat
1946 3547 2058 3639 Nagid
2082 3550 2298 3641 principem,
2338 3544 2530 3620 Arta‘ma-

613 3651 810 3725 Ecclesiam
851 3652 890 3720 in
932 3650 1036 3717 exilio
1065 3646 1285 3742 Babylonico
1319 3648 1494 3723 mirandis
1545 3659 1665 3737 gnum.
1716 3645 1825 3718 llesid
1863 3664 2033 3720 sanctum.
2085 3647 2204 3720 Huius
2236 3662 2394 3742 tempore
2426 3649 2528 3720 tuissi

512 3756 679 3848 operibus
697 3751 830 3822 divinis
853 3764 886 3820 et
904 3762 1074 3818 sericatum
1098 3760 1132 3816 et
1154 3761 1315 3819 ornatam
1345 3773 1418 3819 csse
1436 3753 1495 3820 in·
1544 3761 1629 3818 suut
1645 3749 1864 3840 septuaginta
1880 3752 2087 3842 interpretes
2103 3754 2141 3820 in
2156 3748 2360 3847 Aegyptum
2379 3752 2427 3822 ad
2438 3745 2529 3822 Phi-

512 3858 609 3950 genti
640 3854 752 3945 gloria
783 3853 878 3923 inter
911 3869 1037 3936 magna
1067 3848 1241 3938 pericula,
1279 3849 1411 3920 dictum
1442 3867 1494 3925 est
1543 3844 1767 3948 ladelphum,
1792 3852 1931 3945 fuitque
1945 3854 2137 3946 tranquilla
2156 3849 2295 3929 iudaea,
2408 3930 2410 3935 ,

513 3981 619 4052 supra
642 3959 681 4026 in
702 3947 906 4024 monarchia
921 3948 1073 4022 Persica.
1124 3947 1276 4042 Fuitque
1296 3965 1375 4041 post
1398 3954 1494 4023 redi·
1623 3949 1783 4040 ‚Haggai
1798 3948 1856 4021 Eli
1865 4007 1876 4036 ,
1901 3954 2057 4023 decimus
2075 3956 2164 4031 dux,
2197 3953 2349 4047 praefuit
2363 3966 2445 4024 octo
2460 3976 2530 4023 an·

513 4075 589 4133 tum
610 4083 652 4128 cx
671 4055 856 4150 Babylone
879 4051 1065 4123 mediocris
1088 4049 1328 4145 tranquillitas
1344 4049 1493 4126 iudaeae
1545 4072 1621 4120 nus.
1673 4051 1855 4141 Significat
1871 4055 1997 4125 festum
2016 4051 2081 4124 Dei
2097 4055 2176 4126 mei.
2228 4056 2340 4126 Lucas
2360 4055 2531 4127 nominat

512 4184 624 4254 usque
640 4162 683 4228 ad
698 4152 793 4226 Ochi
808 4170 978 4247 tempora.
1028 4151 1119 4223 Nam
1137 4146 1493 4246 etNehemiaelonga
1543 4148 1637 4232 Esli,
1659 4152 1786 4238 idest,
1811 4169 2000 4226 servatum.

512 4276 607 4332 aetas
620 4260 707 4343 fuit,
733 4257 896 4327 videlicet
917 4277 1094 4324 annorum
1118 4265 1259 4322 centum
1282 4265 1315 4323 et
1330 4247 1494 4345 triginta,
1646 4252 1779 4324 Maslot
1787 4253 1921 4339 Naum,
1936 4256 2146 4326 undecimus
2160 4257 2239 4335 dux,
2254 4273 2365 4320 annos
2384 4263 2533 4342 septem

511 4362 574 4459 qui
596 4361 626 4431 si
645 4359 759 4450 attigit
783 4372 939 4448 tempora
956 4348 1071 4437 Ochi,
1103 4353 1194 4422 vidit
1217 4377 1347 4424 novam
1370 4359 1493 4449 populi
1544 4354 1709 4448 praefuit.
1759 4355 1943 4445 Significat
1958 4359 2142 4427 dominum
2159 4354 2366 4423 iucundum.

512 4463 747 4535 calamitatem
762 4461 802 4528 iu
813 4458 939 4528 ultima
955 4465 1106 4526 senecta.
1157 4452 1364 4529 Teneantur
1375 4474 1492 4529 autem
1646 4458 1756 4527 Amos
1764 4451 1900 4543 Siracb,
1916 4456 2231 4538 duodecimusdux,
2245 4452 2400 4546 praefuit
2412 4474 2531 4525 annos

372 4625 375 4632 .
514 4563 808 4634 nomiuaducum
823 4553 1099 4650 postleeoniam.
1152 4547 1229 4622 Etsi
1249 4556 1343 4624 enim
1363 4561 1493 4648 posteri
1543 4557 1823 4649 quatuordecim.
1873 4557 2204 4651 Fortispraeliator.

511 4659 627 4730 David
641 4685 753 4754 usque
768 4662 811 4729 ad
826 4657 1056 4729 Maccabaeos
1069 4657 1214 4726 fuerunt
1239 4656 1416 4748 principes
1430 4684 1494 4752 po.
1646 4653 1820 4728 Matatbia
1841 4657 1985 4746 Siloah,
2013 4659 2223 4729 tredecimus
2236 4657 2319 4738 dux.
2370 4651 2529 4726 Datusa

513 4761 602 4850 puli,
626 4774 745 4829 tamen
760 4782 835 4827 nou
851 4760 1083 4828 nominarunt
1096 4779 1132 4825 se
1146 4775 1256 4843 reges,
1281 4769 1321 4826 ut
1334 4759 1493 4832 existimo
1543 4755 1641 4843 Deo,
1663 4758 1771 4828 foelix
1787 4782 1848 4831 seu
1864 4763 2006 4841 missus,
2030 4760 2188 4852 praefuit
2201 4778 2314 4827 annos
2328 4757 2461 4826 decem.

513 4871 660 4952 propter
689 4859 922 4928 reverentiam
945 4856 1170 4927 Persicorum
1198 4877 1341 4945 regum,
1371 4882 1417 4927 ne
1440 4864 1495 4931 vi·
1646 4855 1774 4949 Ioseph
1790 4861 1929 4947 iunior,
1951 4875 2098 4956 quartus
2117 4862 2274 4930 decimus
2290 4860 2381 4941 dur,
2404 4859 2531 4927 nomi·

513 4962 682 5031 durentur
704 4959 794 5030 velle
816 4981 917 5051 pares
941 4978 1012 5026 esse
1037 4949 1260 5041 monarchis,
1288 4963 1493 5048 pracsertim
1544 4975 1650 5033 natus
1675 4961 1799 5046 Arses,
1842 4959 2036 5036 honoratus
2067 4988 2096 5034 a·
2115 4961 2319 5033 Ptolemaeo
2340 4954 2530 5049 Euergete‚

514 5084 593 5130 cum
610 5059 720 5130 abeis
737 5059 892 5149 ingentia
916 5056 1084 5129 beneficia
1108 5057 1332 5149 accepissent.
1383 5059 1494 5136 Sunt·
1544 5062 1696 5154 praefuit
1711 5085 1824 5133 annos
1839 5065 2026 5153 sexaginta.

512 5184 582 5257 que
598 5161 850 5252 appellationes
865 5163 989 5231 ducem
1007 5159 1045 5228 in
1060 5158 1170 5233 Luca.
1584 5218 1586 5222 s
1647 5162 1758 5234 launa
1774 5166 2152 5250 secundusHircanus‚
2178 5161 2421 5257 quindecimus
2437 5159 2529 5243 dux,

614 5255 803 5345 Iasonios,
844 5262 881 5331 id
913 5273 981 5339 est,
1021 5273 1177 5342 erectus,
1218 5262 1414 5347 stabilitus,
1455 5266 1493 5334 in
1531 5288 1657 5351 xannos
1690 5265 1851 5333 sedecim.
1918 5264 2047 5340 Multis
2081 5265 2222 5357 praeliis
2255 5262 2346 5341 vicit¹
2369 5258 2530 5336 Arabes.

457 5426 458 5430 ,
511 5362 618 5434 exilio
640 5355 844 5431 honoratus.
895 5359 1110 5431 Nominatur
1133 5359 1229 5447 apud
1248 5357 1380 5433 Lucam
1394 5363 1494 5453 Neri,
1544 5363 1669 5436 Postea
1695 5364 1733 5432 iu
1756 5364 1961 5438 defensione
1981 5369 2072 5439 arcis
2096 5369 2298 5449 cuiusdam,
2326 5382 2431 5454 quam
2458 5385 2532 5454 op-

511 5467 549 5537 id
572 5478 641 5545 est,
666 5458 829 5531 Lucerna
846 5485 935 5531 mea.
1545 5463 1714 5556 pugnavit
1735 5460 1935 5545 Antiochus
1957 5462 2210 5560 Ephiphanes,
2249 5461 2452 5536 interfectus
2477 5476 2532 5534 est

563 5563 565 5568 ’
612 5564 729 5635 lluius
751 5561 846 5633 lilius
868 5563 936 5632 fuit
954 5547 1160 5640 Sealtlticl,
1186 5556 1223 5628 id
1247 5575 1315 5644 est,
1338 5564 1495 5654 postula·
1545 5561 1604 5634 bie
1625 5563 1736 5632 lanua
1757 5571 1933 5639 sccundus
1953 5568 2143 5642 llircanus.
2210 5566 2363 5660 Fuitque
2386 5577 2533 5655 postre-

509 5682 566 5738 tus
589 5692 608 5737 a
632 5664 720 5738 Deo.
788 5662 873 5735 Fuit
904 5672 1022 5730 autem
1045 5657 1084 5725 in
1107 5656 1223 5729 reditu
1246 5663 1318 5730 dttx
1348 5664 1494 5759 primus,
1543 5684 1622 5733 mus
1636 5665 1766 5733 ducum
1786 5691 1827 5737 cx
1843 5669 2126 5761 posterisDavid.
2178 5666 2269 5754 Nam
2285 5667 2419 5737 scelera
2435 5685 2533 5758 pou·

510 5767 602 5838 filius
618 5761 800 5839 Sealtbiel.
1349 5821 1354 5830 f
1470 5821 1473 5826 .
1545 5762 1675 5834 titicum
1718 5781 1932 5841 attraxerant
1968 5764 2199 5842 Antiochumv
2221 5762 2456 5860 Epiphaneae
2492 5767 2534 5836 iu
