6025 6775
489 569 565 649 sss
819 500 822 504 ’
1036 548 2040 634 necnon-onuoontoeonrsno·
2374 570 2527 649 ,50

496 736 738 835 eloquentiam
754 734 1051 814 considerassent,
1075 741 1112 798 et
1127 748 1245 797 mores
1264 726 1396 798 scirent
1419 728 1486 798 bo-
1542 721 1622 797 chio
1644 715 1993 816 brandeburgensis,
2033 723 2205 808 Ernestus
2232 734 2315 811 Dux
2333 738 2527 814 Lunebur·

497 845 555 915 nis
570 839 656 910 viris
670 837 836 929 probari,
859 842 962 924 vocat
976 852 1056 898 eum
1071 828 1157 899 Dux
1171 826 1347 898 Saroniae
1360 827 1489 899 Fride-
1541 825 1667 916 gensis,
1693 823 1996 918 etWolffgangns
2009 827 2181 928 Princeps
2196 832 2423 928 Anbaltinus,
2447 844 2525 915 ius·

498 941 642 1015 ricusin
651 939 781 1021 aulam,
795 948 830 1004 et
838 928 1048 1004 Cancellarii
1061 950 1193 998 munus
1205 928 1238 998 ei
1251 931 1488 1014 commendat,
1541 949 1601 996 sus
1616 939 1669 998 est
1682 923 2164 1006 aDuceSaroniaeElectore
2177 936 2360 1010 Pontanns
2376 965 2525 1035 respon-

500 1043 599 1139 quod
616 1039 713 1110 scitis
728 1033 957 1129 praecipuum
970 1051 1044 1098 esse
1057 1052 1132 1098 nou
1156 1029 1272 1099 solum
1288 1031 1328 1100 in
1343 1042 1489 1123 praeto·
1540 1028 1635 1100 dere.
1686 1027 1783 1100 Huic
1795 1024 1971 1102 Pericleae
1992 1033 2147 1104 orationi
2163 1033 2386 1110 Marchionis
2404 1042 2453 1111 ita
2467 1067 2525 1114 re-

501 1144 566 1216 riis
574 1138 741 1230 negociis,
756 1133 928 1206 sedetiam
936 1130 1017 1201 aliis
1024 1129 1247 1219 gravioribus
1258 1130 1490 1201 deliberatio·
1541 1123 1688 1219 s'pondit
1708 1125 1894 1198 Pantanus
1913 1130 1954 1198 in
1977 1146 2100 1205 senatu
2115 1134 2347 1230 Principum,
2370 1153 2412 1210 nt
2432 1156 2526 1214 vete·

503 1244 623 1316 nibus.
673 1235 820 1309 Constat
840 1246 958 1303 autem
981 1231 1020 1299 in
1037 1230 1179 1302 indiciis
1201 1231 1365 1321 regendis
1380 1231 1492 1300 indu·
1542 1230 1643 1300 ribus
1655 1227 1896 1320 Apologeticis
1910 1228 2039 1303 Iustini
2052 1247 2087 1306 et
2100 1235 2253 1307 aliorum
2268 1239 2412 1330 piorum
2427 1254 2529 1327 ante,

505 1344 628 1417 striam
652 1353 686 1410 et
709 1336 919 1428 aequitatem
942 1333 1017 1402 eius
1039 1332 1089 1401 ita
1110 1331 1296 1423 probatam
1309 1332 1417 1401 fuisse
1434 1353 1491 1401 sa·
1541 1328 1629 1400 lerri
1644 1323 1731 1399 haec
1745 1330 1930 1420 responsio
1945 1332 2066 1423 possit.

504 1441 684 1538 pientibus
696 1461 736 1507 ac
749 1436 855 1506 bonis
863 1432 1102 1523 Principibus,
1119 1432 1301 1502 nobilitati
1316 1445 1350 1503 et
1367 1431 1491 1503 civita·
1645 1426 1842 1515 Voluntas,
1875 1430 2010 1524 inquit,
2035 1432 2144 1507 Ducis
2159 1434 2334 1510 Saxoniae
2348 1462 2430 1530 erga
2455 1445 2530 1515 cle-

507 1544 622 1624 tibus,
646 1551 687 1609 ut
702 1559 826 1607 omnes
845 1559 926 1606 eum
940 1534 1072 1625 pariter
1087 1533 1285 1621 diligerent,
1309 1533 1372 1602 sed
1388 1555 1491 1623 prae·
1542 1529 1803 1601 mentissimnm
1827 1528 2081 1622 Imperatorem
2105 1534 2271 1610 Carolum
2296 1540 2337 1609 in
2357 1541 2529 1614 electione

507 1642 599 1715 toria
617 1638 763 1729 negocia
784 1636 923 1711 omitto.
972 1631 1054 1704 Dux
1070 1631 1272 1704 Fridericus
1294 1656 1376 1704 eum
1392 1633 1490 1703 colo·
1543 1644 1728 1723 conspecta
1744 1642 1805 1701 est.
1857 1629 1997 1703 Deinde
2011 1636 2172 1708 omnium
2182 1634 2527 1735 borumPrincipum

483 1744 606 1814 'niam
627 1763 746 1818 secum
764 1738 883 1822 duait,
916 1733 1179 1826 ubi‘colloquio
1202 1734 1364 1805 interfuit
1383 1731 1493 1805 Ducis
1544 1733 1582 1802 in
1604 1730 1839 1824 reprimendis
1857 1728 1985 1805 Turcis
2006 1748 2041 1806 et
2062 1738 2316 1824 seditionibus,
2341 1756 2376 1813 ct
2389 1757 2526 1814 constat

508 1840 683 1914 Friderici
704 1852 739 1910 et
759 1833 899 1908 Erasmi
914 1834 1157 1906 Roterodami.
1208 1833 1265 1904 Ibi
1287 1848 1321 1905 et
1335 1830 1492 1905 Alexan·
1543 1832 1643 1904 nulla
1658 1833 1697 1900 iu
1710 1855 1749 1901 re
1765 1831 1919 1903 defuisse
1935 1857 1993 1907 eos
2006 1838 2085 1926 paci
2099 1840 2274 1931 publicae.
2323 1838 2526 1916 Adfirmant

510 1946 576 2013 dro
591 1940 723 2032 Legato
747 1937 927 2029 pontificio
950 1935 1150 2027 respondit,
1175 1936 1327 2026 petenti,
1352 1949 1393 2005 ut
1410 1931 1491 2006 Dux
1545 1934 1650 2026 etiam
1679 1954 1816 2024 semper
1847 1955 1885 2003 se
1912 1958 2086 2009 memores
2109 1940 2187 2011 lore
2211 1942 2327 2012 divini
2348 1947 2525 2018 mandati:

510 2041 712 2115 Eridericus
744 2032 940 2108 Lutherum
969 2037 1124 2105 traderet
1159 2036 1261 2105 certis
1293 2032 1494 2128 Episcopis,
1542 2032 1632 2105 Date
1646 2033 1740 2113 Deo,
1767 2054 1857 2124 quae
1871 2030 1940 2104 Dei
1963 2051 2064 2124 sunt,
2089 2054 2124 2114 et
2141 2038 2303 2131 Caesari,
2327 2068 2419 2138 qnae
2439 2057 2525 2118 sunt

511 2143 575 2237 qui
600 2166 679 2212 eum
708 2138 838 2209 carceri
866 2136 1100 2206 includerent.
1152 2134 1206 2205 lta
1234 2137 1337 2207 initia
1358 2137 1494 2206 aulicae
1544 2132 1714 2207 Caesaris.
1764 2133 1849 2203 Non
1865 2135 2001 2226 privata
2015 2141 2305 2231 cupiditateulla,
2316 2169 2391 2214 non
2406 2147 2525 2218 curio·

510 2242 660 2313 militiae
677 2237 830 2311 Pontani
856 2236 1056 2307 inciderunt
1087 2236 1125 2303 in
1147 2236 1298 2327 primam
1322 2230 1495 2330 σύῤῥαξιν
1544 2235 1663 2314 sitate,
1688 2258 1763 2303 non
1785 2258 1921 2322 errore,
1946 2261 2021 2308 non
2044 2264 2146 2312 coeco
2165 2243 2300 2335 impetu
2316 2247 2526 2333 doctrinam,

510 2337 661 2415 Lutheri
677 2338 996 2411 etPontiliciorum.
1048 2334 1091 2405 ln
1105 2330 1172 2406 hac
1187 2338 1315 2408 militia
1328 2339 1493 2429 deinceps
1545 2337 1589 2405 de
1605 2356 1674 2428 qua
1689 2334 1859 2404 consessio
1875 2333 2030 2410 exhibita
2043 2356 2109 2426 est,
2136 2347 2289 2435 amplexi
2309 2360 2402 2417 sunt.
2454 2348 2525 2418 Sed

511 2466 623 2513 annos
636 2440 775 2512 circiter
789 2439 933 2530 triginta
946 2436 1140 2529 plurimum
1156 2461 1321 2509 curarum
1343 2452 1379 2510 et
1392 2438 1495 2508 labo·
1545 2458 1625 2505 cum
1648 2457 1725 2503 eam
1746 2433 1809 2503 diu
1832 2435 2066 2525 audivissent,
2097 2455 2132 2513 et
2155 2444 2314 2516 fontibus
2338 2448 2525 2535 diligenter

511 2568 592 2615 rum
616 2540 794 2615 sustinuit.
845 2538 917 2618 Nec
938 2538 1057 2608 omnia
1088 2552 1329 2608 conventuum
1360 2538 1493 2630 praelia
1545 2534 1777 2605 consideratis
1785 2586 1795 2619 ,
1821 2547 1856 2604 et
1874 2536 2009 2607 collatis
2025 2543 2234 2615 testimoniis
2257 2546 2413 2616 sincerae
2430 2550 2525 2618 anti-

511 2638 572 2713 bic
591 2642 731 2713 recitari
753 2650 916 2732 possunt:
951 2639 1012 2707 sed
1035 2639 1206 2730 quaedam
1229 2639 1418 2729 attingam,
1452 2662 1493 2707 cx
1545 2635 1707 2728 quitatis,
1734 2634 1988 2708 intellexissent
1999 2661 2116 2711 veram
2133 2666 2216 2730 esse,
2240 2670 2315 2715 non
2333 2648 2524 2720 voluerunt

512 2743 643 2838 quibus
663 2744 708 2812 de
729 2740 873 2811 caeteris
886 2739 1086 2810 coniectura
1108 2739 1185 2807 lieri
1201 2752 1323 2830 potest.
1374 2737 1495 2809 Wor-
1544 2735 1682 2824 agnitae
1703 2734 1844 2804 veritati
1867 2736 2066 2824 adversari,
2095 2764 2263 2815 memores
2284 2748 2524 2818 severissimae
2549 2792 2565 2816 ..

512 2843 642 2913 matiae
655 2865 735 2912 cum
747 2842 794 2911 de
808 2840 967 2909 maximis
982 2841 1086 2908 rebus
1098 2835 1180 2909 Dux
1194 2838 1398 2910 Fridcricus
1413 2862 1493 2909 cum
1545 2835 1829 2906 comminationis
1847 2835 2011 2922 divinae,
2035 2838 2159 2933 inqua
2180 2844 2322 2916 dicitur:
2348 2844 2523 2937 Blasphe·

512 2941 720 3016 Mercurino
736 2963 837 3036 saepe
852 2941 1076 3010 deliberaret:
1102 2940 1217 3010 multa
1234 2964 1314 3011 cum
1330 2937 1492 3009 Pontano
1544 2936 1651 3006 miam
1669 2959 1742 3004 non
1756 2936 1899 3007 remitti.
1947 2936 2067 3025 Quare
2081 2952 2117 3010 et
2134 2956 2278 3034 propter
2290 2946 2525 3034 gloriamDei,

510 3040 743 3114 Mercurinus
764 3041 987 3112 familiariter
1002 3042 1139 3111 locutus
1155 3055 1209 3111 est
1224 3043 1268 3111 de
1284 3038 1403 3112 Caroli
1418 3039 1490 3111 Im·
1544 3050 1579 3106 et
1593 3050 1738 3128 propter
1754 3035 1933 3128 propriam
1948 3037 2109 3126 salutem,
2135 3055 2170 3113 et
2184 3036 2327 3136 propter
2341 3048 2438 3134 alios,
2460 3051 2524 3141 qui

511 3144 684 3235 paratoria
707 3143 906 3223 voluntate,
938 3165 1045 3235 quam
1065 3140 1219 3211 ostendit
1245 3140 1398 3210 alienam
1419 3161 1492 3209 esse
1544 3137 1702 3207 studium
1717 3130 1852 3206 babent
1865 3136 2024 3227 pietatis,
2049 3165 2203 3233 qnorum
2228 3145 2333 3217 multi
2354 3159 2437 3219 sunt
2452 3153 2524 3217 ele-

513 3267 532 3313 a
550 3243 776 3328 crudelitate,
801 3257 836 3313 et
850 3244 971 3312 conari
990 3255 1031 3313 ut
1052 3243 1209 3336 synodus
1227 3240 1405 3312 indicetur
1417 3264 1491 3310 non
1543 3237 1611 3322 cti,
1637 3233 1713 3307 Deo
1732 3237 1894 3322 iuvante,
1918 3232 2011 3309 hanc
2029 3241 2227 3313 doctrinam
2246 3258 2280 3316 et
2302 3247 2525 3337 profitebun-

513 3345 628 3416 solum
658 3356 803 3437 propter
823 3338 889 3414 bas
919 3342 1192 3426 controversias,
1225 3342 1287 3412 sed
1317 3343 1423 3412 etiam
1451 3354 1492 3414 ut
1545 3350 1603 3409 tur
1616 3337 1695 3430 ipsi,
1713 3350 1747 3409 et
1761 3337 1801 3406 in
1809 3334 1978 3410 Ecclesiis
1994 3341 2067 3412 suis
2075 3343 2194 3414 doceri
2206 3347 2394 3421 curabunt.
2415 3343 2525 3420 Cum·

510 3446 616 3540 plura
639 3441 818 3515 Ecclesiae
847 3444 937 3513 mala
966 3443 1199 3531 corrigantur.
1248 3437 1298 3513 Et
1326 3444 1492 3513 narrabat
1544 3463 1613 3532 que
1632 3438 1816 3509 manifesta
1837 3440 1884 3510 sit
1905 3439 2124 3531 impudentia
2146 3444 2435 3533 Pontificiorum,
2461 3451 2525 3542 qui
2603 3500 2606 3504 -

510 3544 696 3617 Pontanus
704 3542 951 3614 Mercurinum
968 3539 1036 3631 hoc
1052 3538 1286 3633 epiphonema
1297 3543 1490 3613 addidisse:
1543 3540 1662 3609 nullos
1684 3561 1824 3611 errores
1848 3552 1883 3612 et
1906 3542 2006 3612 nulla
2025 3543 2112 3615 vitia
2132 3545 2175 3614 in
2195 3547 2269 3618 suis
2294 3549 2523 3641 opinionibus

511 3642 609 3718 Bene
627 3646 787 3715 fecerunt
802 3643 985 3732 Principes
1002 3639 1235 3725 Germaniae,
1269 3646 1364 3734 quod
1379 3640 1492 3713 Caro·
1544 3653 1579 3710 et
1600 3641 1760 3710 moribus
1780 3663 1855 3711 esse
1878 3643 2135 3730 vociferantur,
2159 3647 2321 3737 flagitant
2334 3672 2455 3720 omnes
2471 3650 2524 3739 pii

511 3746 587 3816 lum
610 3747 791 3837 elegerunt
817 3742 1079 3834 Imperatorem.
1130 3737 1369 3833 Experientur
1395 3744 1491 3813 enim
1543 3740 1635 3809 veris
1655 3739 1844 3828 gemitibus
1867 3740 1905 3808 in
1921 3753 1994 3812 tota
2007 3739 2174 3837 Europa,
2199 3761 2240 3819 ut
2263 3750 2524 3846 insynodole-

512 3859 546 3916 et
559 3845 749 3935 sapientem
767 3859 801 3916 et
815 3846 948 3915 bonum
962 3845 1048 3917 fore.
1543 3838 1663 3929 gitima
1683 3838 1889 3911 instituatur
1907 3844 2125 3916 emendatio:
2159 3845 2257 3918 ldem
2279 3865 2407 3942 petunt
2427 3864 2461 3923 et
2483 3846 2523 3919 bi

588 3945 736 4017 Secutus
752 3961 803 4019 est
817 3938 1257 4033 ConventusAugustanus
1269 3966 1363 4014 anno
1382 3940 1491 4015 1530.
1544 3939 1745 4031 Principes,
1778 3954 1813 4011 et
1832 3955 1975 4032 sperant
1996 3944 2306 4020 clementissimum
2327 3949 2522 4040 Imperato-

514 4043 577 4136 qui
593 4045 690 4117 velut
706 4047 845 4138 epitasis
859 4045 928 4118 fuit
944 4044 1176 4116 certaminum
1192 4039 1371 4114 Ecclesiae
1384 4039 1490 4116 huius
1543 4064 1638 4126 rem,
1671 4042 1732 4135 qui
1754 4041 1853 4112 videt
1881 4045 2112 4118 necessariam
2135 4072 2214 4118 esse
2238 4049 2519 4119 emendationem

392 4204 396 4212 ,
510 4145 690 4238 temporis.
742 4145 797 4216 lbi
821 4144 989 4232 Carolus,
1028 4144 1091 4238 qui
1120 4145 1191 4215 iam
1216 4142 1354 4217 ltaliam
1384 4146 1490 4215 armis
1542 4136 1736 4226 Ecclesiae,
1759 4142 1835 4211 sine
1848 4143 2050 4232 cognitione
2064 4172 2139 4219 non
2154 4171 2226 4219 csse
2246 4173 2342 4218 arma
2356 4163 2520 4239 sumptu·

466 4258 467 4261 ’
511 4246 682 4319 domitam
706 4245 820 4317 victor
839 4249 998 4331 tenebat,
1030 4269 1233 4340 quanquam
1265 4244 1490 4331 incitabatur,
1542 4264 1640 4322 rum,
1666 4255 1707 4313 ut
1729 4264 1884 4324 errores,
1909 4245 2097 4331 libidines,
2124 4262 2159 4319 et
2181 4244 2249 4318 alia
2266 4249 2352 4320 vitia
2367 4246 2552 4348 Pontili-s

509 4362 551 4419 ut
571 4348 702 4421 nostris
723 4349 857 4421 bellum
877 4347 1039 4417 inferret:
1078 4359 1196 4417 tamen
1219 4347 1428 4417 incumbens
1450 4346 1490 4415 in
1541 4341 1677 4412 ciorum
1700 4343 1877 4424 stabiliat,
1903 4357 1939 4415 et
1961 4346 2096 4420 alienae
2118 4349 2290 4439 impietati
2307 4363 2341 4422 et
2354 4349 2519 4422 saevitiae

510 4451 759 4541 cogitationem
781 4451 826 4521 de
847 4449 1002 4543 synodo,
1019 4458 1060 4516 nt
1073 4462 1175 4519 antea
1193 4444 1420 4518 Mercurinus
1433 4447 1489 4517 di·
1540 4443 1772 4532 gratificetur,
1796 4457 1832 4514 et
1850 4446 2053 4530 veritatem,
2083 4471 2172 4542 quae
2192 4448 2339 4537 gloriam
2361 4451 2426 4519 lilii
2449 4448 2519 4520 Dei

509 4567 627 4637 xerat,
650 4554 805 4643 postulat
829 4544 987 4620 exhiberi
1010 4570 1031 4618 a
1052 4545 1184 4615 nostris
1208 4545 1387 4616 doctrinae
1401 4572 1487 4617 con·
1539 4543 1710 4625 illustrat,
1741 4558 1775 4614 et
1797 4544 1902 4617 saluti
1923 4548 2121 4619 animarum
2141 4551 2336 4623 neccssaria
2356 4566 2426 4643 est,
2453 4576 2519 4644 op-

355 4726 358 4735 ,
507 4649 709 4726 sessionem.
760 4650 877 4740 Quam
900 4651 1041 4721 multae'
1055 4669 1111 4717 res
1133 4642 1383 4717 deliberandae
1401 4661 1487 4731 tunc
1539 4643 1690 4735 primat,
1714 4646 1920 4735 praesertim
1935 4670 2016 4720 curn
2031 4670 2127 4739 spem
2143 4651 2187 4719 de
2200 4653 2339 4745 synodo
2354 4655 2518 4724 ostende-

401 4751 411 4768 ''
508 4747 719 4833 inciderint,
758 4751 904 4839 longum
936 4761 1025 4830 esset
1061 4746 1193 4830 dicere,
1227 4771 1297 4838 quo
1330 4760 1487 4840 tempore
1538 4743 1597 4815 rit.
1633 4741 1852 4818 Reverentec
1864 4748 1972 4838 igitur
1983 4745 2166 4840 Principes
2182 4765 2216 4823 et
2233 4753 2433 4824 universam
2444 4749 2517 4823 Ec-

406 4874 409 4879 ’
507 4851 714 4942 praecipuas
737 4850 1009 4920 deliberationes
1031 4848 1078 4917 ita
1110 4847 1199 4918 rexit
1219 4844 1420 4934 Pontanus,
1445 4863 1486 4920 ut
1537 4844 1679 4915 alesiam
1696 4858 1730 4916 et
1744 4869 1818 4917 sese
1832 4847 2102 4934 clementissimo
2112 4847 2319 4943 Imperatori
2335 4877 2519 4924 commen-

507 4951 715 5040 sapientiam
739 4949 832 5035 cius,
861 4949 967 5019 fidem
990 4960 1025 5020 et
1046 4948 1277 5021 constantiam
1310 4949 1486 5039 probave·
1536 4946 1644 5031 dant,
1671 4969 1777 5041 quem
1792 4959 1916 5034 orant,
1930 4960 1972 5020 ut
1986 4948 2092 5019 etiam
2107 4953 2245 5043 cogitet,
2268 4953 2309 5022 in
2322 4947 2518 5031 baedelira

506 5049 580 5122 rint
595 5052 720 5143 optimi
736 5051 920 5144 Principes
930 5045 1013 5122 Dux
1028 5049 1200 5127 Sasoniae
1216 5044 1484 5124 lohannesEle-
1535 5047 1664 5117 mundi
1683 5061 1824 5131 senecta,
1839 5049 1959 5138 generi
1982 5042 2141 5121 humano
2163 5053 2316 5124 maiores
2336 5056 2517 5127 conlusio-

507 5163 601 5239 ctor,
628 5165 662 5225 et
675 5154 802 5226 caeteri
814 5155 855 5225 in
869 5146 1051 5227 baccausa
1066 5152 1258 5224 coniuncti.
1535 5169 1599 5225 nes
1623 5149 1844 5240 impendere,
1869 5173 1960 5242 quae
1981 5150 2098 5222 caveri
2118 5153 2247 5224 melius
2263 5168 2408 5245 possunt
2423 5157 2516 5224 leni-

605 5253 697 5326 Cum
720 5269 837 5327 autem
861 5271 943 5328 ante
964 5257 1096 5327 exitum
1120 5265 1317 5325 conventus
1337 5252 1483 5324 nomine
1534 5260 1605 5321 tate
1629 5263 1665 5321 et
1684 5245 1852 5346 ἐπιεικείᾳ
1859 5300 1872 5335 ,
1905 5274 2013 5345 qnam
2036 5254 2066 5322 si
2094 5254 2245 5325 maiores
2268 5254 2516 5345 dissipationes

434 5434 435 5437 Ἴ
502 5351 771 5427 Pontificiorum
788 5356 984 5425 orationem
998 5351 1198 5439 habuisset,
1224 5351 1482 5450 praesenteCa-
1533 5350 1641 5421 armis
1656 5349 1754 5436 liant,
1780 5351 1869 5423 sicut
1882 5351 1923 5422 in
1936 5351 2040 5423 bellis
2055 5348 2260 5425 Bobemicis
2278 5357 2421 5438 accidit,
2448 5381 2516 5428 nec

502 5457 601 5545 rolo,
623 5450 768 5526 Elector
788 5449 952 5523 Marcbio
973 5448 1174 5523 loachimus
1198 5452 1360 5549 Primus,
1384 5466 1481 5526 atro·
1532 5451 1660 5521 veritas
1674 5452 1829 5542 opprimi
1843 5453 1991 5545 poterit,
2016 5454 2154 5525 etiamsi
2166 5454 2350 5548 Principes
2373 5470 2434 5528 aut
2449 5482 2516 5549 po-

501 5557 589 5630 citer
609 5555 833 5629 minitantem
857 5551 1005 5636 nostris,
1030 5573 1137 5644 quam
1153 5576 1272 5622 coram
1286 5554 1479 5624 audiebant
1530 5551 1608 5640 puli
1620 5551 1733 5645 aliqui
1750 5555 1908 5645 oppressi
1923 5553 2067 5642 luerint,
2090 5567 2293 5651 emergeret
2306 5567 2436 5631 tamen
2450 5581 2517 5632 ue·

497 5652 581 5734 Dur
597 5655 769 5738 saxoniae
792 5648 968 5727 lohannes
989 5647 1152 5738 Elector,
1179 5649 1354 5744 Georgius
1375 5650 1476 5725 Mar·
1529 5655 1647 5745 ritas,
1684 5675 1756 5728 nes
1784 5653 1904 5755 deleri
1930 5661 2095 5756 sportis
2120 5652 2332 5753 inferorum
2356 5666 2512 5754 poterit.
