<?xml version="1.0" encoding="UTF-8"?>
<!DOCTYPE html PUBLIC "-//W3C//DTD XHTML 1.0 Transitional//EN"
    "http://www.w3.org/TR/xhtml1/DTD/xhtml1-transitional.dtd">
<html xmlns="http://www.w3.org/1999/xhtml" xml:lang="en" lang="en">
 <head>
  <title>
</title>
<meta http-equiv="Content-Type" content="text/html;charset=utf-8" />
  <meta name='ocr-system' content='tesseract 3.04.00' />
  <meta name='ocr-capabilities' content='ocr_page ocr_carea ocr_par ocr_line ocrx_word'/>
</head>
<body>
  <div class='ocr_page' id='page_1' title='image "./philippimelanth12melagoog/philippimelanth12melagoog_0464.png"; bbox 0 0 6025 6775; ppageno 0'>
   <div class='ocr_carea' id='block_1_1' title="bbox 468 527 2493 702">
    <p class='ocr_par' dir='ltr' id='par_1_1' title="bbox 468 527 2493 702">
     <span class='ocr_line' id='line_1_1' title="bbox 468 527 2493 702; baseline -0.008 -53"><span class='ocrx_word' id='word_1_1' title='bbox 468 527 543 659; x_wconf 73' lang='lat' dir='ltr'><strong>aab</strong></span> <span class='ocrx_word' id='word_1_2' title='bbox 713 550 1267 647; x_wconf 75' lang='lat' dir='ltr'><strong>soa1rraruuanan</strong></span> <span class='ocrx_word' id='word_1_3' title='bbox 1290 553 1419 632; x_wconf 82' lang='lat' dir='ltr'><strong>msr.</strong></span> <span class='ocrx_word' id='word_1_4' title='bbox 1444 549 1593 636; x_wconf 82' lang='lat' dir='ltr'><strong>eaor.</strong></span> <span class='ocrx_word' id='word_1_5' title='bbox 1613 551 1682 631; x_wconf 84' lang='lat' dir='ltr'><strong>ar</strong></span> <span class='ocrx_word' id='word_1_6' title='bbox 1701 554 1899 702; x_wconf 21' lang='lat' dir='ltr'><strong>&#39;anepos</strong></span> <span class='ocrx_word' id='word_1_7' title='bbox 1925 552 2244 635; x_wconf 75' lang='lat' dir='ltr'><strong>senesanna,</strong></span> <span class='ocrx_word' id='word_1_8' title='bbox 2412 559 2493 635; x_wconf 85' lang='lat' dir='ltr'><strong>ooo</strong></span> 
     </span>
    </p>
   </div>
   <div class='ocr_carea' id='block_1_2' title="bbox 384 724 2572 5772">
    <p class='ocr_par' dir='ltr' id='par_1_2' title="bbox 384 724 2572 5772">
     <span class='ocr_line' id='line_1_2' title="bbox 472 724 2572 850; baseline -0.015 -24"><span class='ocrx_word' id='word_1_9' title='bbox 472 771 617 850; x_wconf 74' lang='lat' dir='ltr'><strong>speram</strong></span> <span class='ocrx_word' id='word_1_10' title='bbox 633 745 718 819; x_wconf 91' lang='lat' dir='ltr'><strong>odio</strong></span> <span class='ocrx_word' id='word_1_11' title='bbox 732 734 893 828; x_wconf 87' lang='lat' dir='ltr'><strong>Pompeii</strong></span> <span class='ocrx_word' id='word_1_12' title='bbox 908 729 1039 802; x_wconf 90' lang='lat' dir='ltr'><strong>lulium</strong></span> <span class='ocrx_word' id='word_1_13' title='bbox 1054 729 1132 798; x_wconf 82' lang='lat' dir='ltr'><strong>fore</strong></span> <span class='ocrx_word' id='word_1_14' title='bbox 1154 726 1223 798; x_wconf 87' lang='lat' dir='ltr'><strong>sibi</strong></span> <span class='ocrx_word' id='word_1_15' title='bbox 1242 726 1457 821; x_wconf 87' lang='lat' dir='ltr'><strong>aequiorem.</strong></span> <span class='ocrx_word' id='word_1_16' title='bbox 1506 727 1622 819; x_wconf 87' lang='lat' dir='ltr'><strong>imago</strong></span> <span class='ocrx_word' id='word_1_17' title='bbox 1638 728 1762 798; x_wconf 85' lang='lat' dir='ltr'><strong>doceat</strong></span> <span class='ocrx_word' id='word_1_18' title='bbox 1776 752 1864 815; x_wconf 88' lang='lat' dir='ltr'><strong>nos,</strong></span> <span class='ocrx_word' id='word_1_19' title='bbox 1888 724 2084 801; x_wconf 76' lang='lat' dir='ltr'><strong>Ecclesiam</strong></span> <span class='ocrx_word' id='word_1_20' title='bbox 2098 727 2203 802; x_wconf 88' lang='lat' dir='ltr'><strong>aDeo</strong></span> <span class='ocrx_word' id='word_1_21' title='bbox 2217 729 2352 822; x_wconf 77' lang='lat' dir='ltr'><strong>protegi</strong></span> <span class='ocrx_word' id='word_1_22' title='bbox 2366 742 2401 801; x_wconf 91' lang='lat' dir='ltr'><strong>et</strong></span> <span class='ocrx_word' id='word_1_23' title='bbox 2415 751 2492 800; x_wconf 90' lang='lat' dir='ltr'><strong>ser·</strong></span> <span class='ocrx_word' id='word_1_24' title='bbox 2569 757 2572 762; x_wconf 96' lang='lat'>·</span> 
     </span>
     <span class='ocr_line' id='line_1_3' title="bbox 471 819 2488 939; baseline -0.015 -14"><span class='ocrx_word' id='word_1_25' title='bbox 471 835 670 933; x_wconf 52' lang='lat' dir='ltr'><strong>Serl&#39;lulius</strong></span> <span class='ocrx_word' id='word_1_26' title='bbox 692 837 857 939; x_wconf 88' lang='lat' dir='ltr'><strong>praetulit</strong></span> <span class='ocrx_word' id='word_1_27' title='bbox 877 832 1065 905; x_wconf 87' lang='lat' dir='ltr'><strong>ldumeurn</strong></span> <span class='ocrx_word' id='word_1_28' title='bbox 1080 828 1330 919; x_wconf 85' lang='lat' dir='ltr'><strong>Antipatrum,</strong></span> <span class='ocrx_word' id='word_1_29' title='bbox 1356 827 1457 899; x_wconf 88' lang='lat' dir='ltr'><strong>euius</strong></span> <span class='ocrx_word' id='word_1_30' title='bbox 1507 830 1586 902; x_wconf 84' lang='lat' dir='ltr'><strong>vari</strong></span> <span class='ocrx_word' id='word_1_31' title='bbox 1612 829 1705 899; x_wconf 89' lang='lat' dir='ltr'><strong>inter</strong></span> <span class='ocrx_word' id='word_1_32' title='bbox 1728 822 1920 899; x_wconf 80' lang='lat' dir='ltr'>horribiles</span> <span class='ocrx_word' id='word_1_33' title='bbox 1942 832 2066 901; x_wconf 83' lang='lat' dir='ltr'><strong>ruinas</strong></span> <span class='ocrx_word' id='word_1_34' title='bbox 2089 819 2339 924; x_wconf 79' lang='lat' dir='ltr'><strong>imperiumn,</strong></span> <span class='ocrx_word' id='word_1_35' title='bbox 2378 830 2488 903; x_wconf 88' lang='lat' dir='ltr'><strong>etiam</strong></span> 
     </span>
     <span class='ocr_line' id='line_1_4' title="bbox 472 923 2105 1051; baseline -0.019 -20"><span class='ocrx_word' id='word_1_36' title='bbox 472 955 682 1051; x_wconf 85' lang='lat' dir='ltr'><strong>sapientiam</strong></span> <span class='ocrx_word' id='word_1_37' title='bbox 713 959 747 1015; x_wconf 91' lang='lat' dir='ltr'><strong>et</strong></span> <span class='ocrx_word' id='word_1_38' title='bbox 773 940 878 1009; x_wconf 81' lang='lat' dir='ltr'><strong>fidem</strong></span> <span class='ocrx_word' id='word_1_39' title='bbox 908 931 1094 1027; x_wconf 78' lang='lat' dir='ltr'><strong>probabat.</strong></span> <span class='ocrx_word' id='word_1_40' title='bbox 1158 926 1236 1001; x_wconf 84' lang='lat' dir='ltr'><strong>Etsi</strong></span> <span class='ocrx_word' id='word_1_41' title='bbox 1267 929 1458 1021; x_wconf 74' lang='lat' dir='ltr'>Antipater</span> <span class='ocrx_word' id='word_1_42' title='bbox 1509 930 1711 1001; x_wconf 87' lang='lat' dir='ltr'><strong>destitutam</strong></span> <span class='ocrx_word' id='word_1_43' title='bbox 1726 923 1891 999; x_wconf 88' lang='lat' dir='ltr'><strong>humanis</strong></span> <span class='ocrx_word' id='word_1_44' title='bbox 1907 933 2105 1020; x_wconf 84' lang='lat' dir='ltr'><strong>praesidiis.</strong></span> 
     </span>
     <span class='ocr_line' id='line_1_5' title="bbox 475 1028 2490 1132; baseline -0.017 1"><span class='ocrx_word' id='word_1_45' title='bbox 475 1061 680 1132; x_wconf 88' lang='lat' dir='ltr'><strong>moderatus</strong></span> <span class='ocrx_word' id='word_1_46' title='bbox 694 1056 786 1127; x_wconf 88' lang='lat' dir='ltr'><strong>crat,</strong></span> <span class='ocrx_word' id='word_1_47' title='bbox 809 1052 930 1112; x_wconf 89' lang='lat' dir='ltr'><strong>tamen</strong></span> <span class='ocrx_word' id='word_1_48' title='bbox 948 1032 1069 1105; x_wconf 89' lang='lat' dir='ltr'><strong>ludaei</strong></span> <span class='ocrx_word' id='word_1_49' title='bbox 1093 1030 1320 1124; x_wconf 77' lang='lat' dir='ltr'><strong>impatienter</strong></span> <span class='ocrx_word' id='word_1_50' title='bbox 1341 1032 1460 1100; x_wconf 80' lang='lat' dir='ltr'><strong>feren-</strong></span> <span class='ocrx_word' id='word_1_51' title='bbox 1610 1028 1735 1101; x_wconf 86' lang='lat' dir='ltr'><strong>Rediit</strong></span> <span class='ocrx_word' id='word_1_52' title='bbox 1749 1028 1908 1101; x_wconf 89' lang='lat' dir='ltr'><strong>Herodes</strong></span> <span class='ocrx_word' id='word_1_53' title='bbox 1923 1033 2039 1101; x_wconf 90' lang='lat' dir='ltr'><strong>statim</strong></span> <span class='ocrx_word' id='word_1_54' title='bbox 2055 1034 2097 1102; x_wconf 89' lang='lat' dir='ltr'><strong>in</strong></span> <span class='ocrx_word' id='word_1_55' title='bbox 2112 1032 2253 1127; x_wconf 83' lang='lat' dir='ltr'><strong>Syriam</strong></span> <span class='ocrx_word' id='word_1_56' title='bbox 2268 1057 2348 1102; x_wconf 90' lang='lat' dir='ltr'><strong>cum</strong></span> <span class='ocrx_word' id='word_1_57' title='bbox 2365 1029 2490 1101; x_wconf 87' lang='lat' dir='ltr'><strong>Venti·</strong></span> 
     </span>
     <span class='ocr_line' id='line_1_6' title="bbox 475 1128 2491 1249; baseline -0.019 -15"><span class='ocrx_word' id='word_1_58' title='bbox 475 1179 531 1233; x_wconf 89' lang='lat' dir='ltr'><strong>tes</strong></span> <span class='ocrx_word' id='word_1_59' title='bbox 562 1150 789 1249; x_wconf 88' lang='lat' dir='ltr'><strong>peregrinum</strong></span> <span class='ocrx_word' id='word_1_60' title='bbox 821 1138 1029 1214; x_wconf 84' lang='lat' dir='ltr'><strong>dominum,</strong></span> <span class='ocrx_word' id='word_1_61' title='bbox 1078 1131 1233 1202; x_wconf 78' lang='lat' dir='ltr'><strong>subinde</strong></span> <span class='ocrx_word' id='word_1_62' title='bbox 1267 1132 1460 1203; x_wconf 84' lang='lat' dir='ltr'><strong>seditiones</strong></span> <span class='ocrx_word' id='word_1_63' title='bbox 1511 1132 1571 1203; x_wconf 90' lang='lat' dir='ltr'><strong>dio</strong></span> <span class='ocrx_word' id='word_1_64' title='bbox 1594 1131 1701 1201; x_wconf 89' lang='lat' dir='ltr'><strong>misso</strong></span> <span class='ocrx_word' id='word_1_65' title='bbox 1725 1133 1891 1200; x_wconf 87' lang='lat' dir='ltr'><strong>adversus</strong></span> <span class='ocrx_word' id='word_1_66' title='bbox 1903 1128 2072 1212; x_wconf 88' lang='lat' dir='ltr'><strong>Parthos,</strong></span> <span class='ocrx_word' id='word_1_67' title='bbox 2105 1147 2140 1201; x_wconf 93' lang='lat' dir='ltr'><strong>et</strong></span> <span class='ocrx_word' id='word_1_68' title='bbox 2162 1158 2366 1226; x_wconf 86' lang='lat' dir='ltr'><strong>quanquam</strong></span> <span class='ocrx_word' id='word_1_69' title='bbox 2393 1154 2491 1201; x_wconf 89' lang='lat' dir='ltr'><strong>acee-</strong></span> 
     </span>
     <span class='ocr_line' id='line_1_7' title="bbox 475 1230 2492 1332; baseline -0.018 -4"><span class='ocrx_word' id='word_1_70' title='bbox 475 1266 676 1332; x_wconf 84' lang='lat' dir='ltr'><strong>moverunt.</strong></span> <span class='ocrx_word' id='word_1_71' title='bbox 724 1236 913 1316; x_wconf 81' lang='lat' dir='ltr'><strong>Ezechiam</strong></span> <span class='ocrx_word' id='word_1_72' title='bbox 930 1241 1056 1308; x_wconf 86' lang='lat' dir='ltr'><strong>ducem</strong></span> <span class='ocrx_word' id='word_1_73' title='bbox 1082 1234 1331 1303; x_wconf 86' lang='lat' dir='ltr'><strong>seditiosorum</strong></span> <span class='ocrx_word' id='word_1_74' title='bbox 1355 1232 1460 1302; x_wconf 87' lang='lat' dir='ltr'><strong>forti-</strong></span> <span class='ocrx_word' id='word_1_75' title='bbox 1511 1245 1611 1324; x_wconf 90' lang='lat' dir='ltr'><strong>perat</strong></span> <span class='ocrx_word' id='word_1_76' title='bbox 1635 1245 1770 1323; x_wconf 90' lang='lat' dir='ltr'><strong>partem</strong></span> <span class='ocrx_word' id='word_1_77' title='bbox 1792 1230 1974 1321; x_wconf 88' lang='lat' dir='ltr'><strong>copiarum</strong></span> <span class='ocrx_word' id='word_1_78' title='bbox 1995 1256 2015 1301; x_wconf 92' lang='lat' dir='ltr'><strong>a</strong></span> <span class='ocrx_word' id='word_1_79' title='bbox 2036 1232 2226 1319; x_wconf 81' lang='lat' dir='ltr'><strong>Ventidio,</strong></span> <span class='ocrx_word' id='word_1_80' title='bbox 2258 1248 2378 1308; x_wconf 82' lang='lat' dir='ltr'><strong>tamen</strong></span> <span class='ocrx_word' id='word_1_81' title='bbox 2398 1234 2492 1302; x_wconf 75' lang='lat' dir='ltr'><strong>intra</strong></span> 
     </span>
     <span class='ocr_line' id='line_1_8' title="bbox 477 1330 2495 1456; baseline -0.018 -24"><span class='ocrx_word' id='word_1_82' title='bbox 477 1378 532 1456; x_wconf 78' lang='lat' dir='ltr'><strong>ter</strong></span> <span class='ocrx_word' id='word_1_83' title='bbox 545 1350 718 1449; x_wconf 88' lang='lat' dir='ltr'><strong>oppressit</strong></span> <span class='ocrx_word' id='word_1_84' title='bbox 732 1343 912 1425; x_wconf 87' lang='lat' dir='ltr'><strong>Herodes,</strong></span> <span class='ocrx_word' id='word_1_85' title='bbox 938 1337 994 1408; x_wconf 89' lang='lat' dir='ltr'><strong>cni</strong></span> <span class='ocrx_word' id='word_1_86' title='bbox 1017 1349 1116 1426; x_wconf 91' lang='lat' dir='ltr'><strong>pater</strong></span> <span class='ocrx_word' id='word_1_87' title='bbox 1131 1334 1340 1405; x_wconf 89' lang='lat' dir='ltr'><strong>Galilaeam·</strong></span> <span class='ocrx_word' id='word_1_88' title='bbox 1354 1347 1459 1404; x_wconf 89' lang='lat' dir='ltr'><strong>tuen·</strong></span> <span class='ocrx_word' id='word_1_89' title='bbox 1510 1333 1698 1405; x_wconf 85' lang='lat' dir='ltr'><strong>biennium</strong></span> <span class='ocrx_word' id='word_1_90' title='bbox 1730 1353 1937 1423; x_wconf 88' lang='lat' dir='ltr'><strong>recuperare</strong></span> <span class='ocrx_word' id='word_1_91' title='bbox 1972 1330 2216 1427; x_wconf 86' lang='lat' dir='ltr'><strong>lerosolymam</strong></span> <span class='ocrx_word' id='word_1_92' title='bbox 2251 1360 2326 1404; x_wconf 93' lang='lat' dir='ltr'><strong>non</strong></span> <span class='ocrx_word' id='word_1_93' title='bbox 2361 1334 2495 1425; x_wconf 82' lang='lat' dir='ltr'><strong>potuit,</strong></span> 
     </span>
     <span class='ocr_line' id='line_1_9' title="bbox 476 1432 2495 1535; baseline -0.027 -2"><span class='ocrx_word' id='word_1_94' title='bbox 476 1450 890 1535; x_wconf 86' lang='lat' dir='ltr'><strong>dameommendaverat.</strong></span> <span class='ocrx_word' id='word_1_95' title='bbox 929 1438 1056 1509; x_wconf 83' lang='lat' dir='ltr'><strong>Postea</strong></span> <span class='ocrx_word' id='word_1_96' title='bbox 1072 1436 1255 1505; x_wconf 81' lang='lat' dir='ltr'><strong>interfecto</strong></span> <span class='ocrx_word' id='word_1_97' title='bbox 1271 1433 1461 1505; x_wconf 86' lang='lat' dir='ltr'><strong>lulioeum</strong></span> <span class='ocrx_word' id='word_1_98' title='bbox 1512 1433 1651 1505; x_wconf 85' lang='lat' dir='ltr'><strong>lnterea</strong></span> <span class='ocrx_word' id='word_1_99' title='bbox 1680 1432 1810 1503; x_wconf 88' lang='lat' dir='ltr'><strong>milites</strong></span> <span class='ocrx_word' id='word_1_100' title='bbox 1839 1433 1877 1499; x_wconf 88' lang='lat' dir='ltr'><strong>in</strong></span> <span class='ocrx_word' id='word_1_101' title='bbox 1906 1445 2053 1524; x_wconf 86' lang='lat' dir='ltr'><strong>utraque</strong></span> <span class='ocrx_word' id='word_1_102' title='bbox 2080 1448 2177 1523; x_wconf 71' lang='lat' dir='ltr'><strong>parte</strong></span> <span class='ocrx_word' id='word_1_103' title='bbox 2200 1434 2429 1505; x_wconf 59' lang='lat' dir='ltr'><strong>trucidabant</strong></span> <span class='ocrx_word' id='word_1_104' title='bbox 2456 1445 2495 1504; x_wconf 62' lang='lat' dir='ltr'><strong>et</strong></span> 
     </span>
     <span class='ocr_line' id='line_1_10' title="bbox 479 1532 2495 1653; baseline -0.017 -19"><span class='ocrx_word' id='word_1_105' title='bbox 479 1567 660 1653; x_wconf 86' lang='lat' dir='ltr'><strong>sperarent</strong></span> <span class='ocrx_word' id='word_1_106' title='bbox 676 1545 812 1619; x_wconf 89' lang='lat' dir='ltr'><strong>inimici</strong></span> <span class='ocrx_word' id='word_1_107' title='bbox 832 1539 1011 1632; x_wconf 81' lang='lat' dir='ltr'><strong>Antipatri</strong></span> <span class='ocrx_word' id='word_1_108' title='bbox 1030 1561 1158 1605; x_wconf 88' lang='lat' dir='ltr'><strong>novam</strong></span> <span class='ocrx_word' id='word_1_109' title='bbox 1179 1559 1297 1604; x_wconf 88' lang='lat' dir='ltr'><strong>rerum</strong></span> <span class='ocrx_word' id='word_1_110' title='bbox 1313 1558 1462 1605; x_wconf 86' lang='lat' dir='ltr'><strong>conver·</strong></span> <span class='ocrx_word' id='word_1_111' title='bbox 1512 1536 1713 1626; x_wconf 80' lang='lat' dir='ltr'><strong>spoliabant</strong></span> <span class='ocrx_word' id='word_1_112' title='bbox 1725 1534 1856 1605; x_wconf 89' lang='lat' dir='ltr'><strong>multos</strong></span> <span class='ocrx_word' id='word_1_113' title='bbox 1872 1532 2043 1614; x_wconf 88' lang='lat' dir='ltr'><strong>inermes,</strong></span> <span class='ocrx_word' id='word_1_114' title='bbox 2069 1548 2103 1603; x_wconf 92' lang='lat' dir='ltr'><strong>et</strong></span> <span class='ocrx_word' id='word_1_115' title='bbox 2116 1536 2306 1603; x_wconf 88' lang='lat' dir='ltr'><strong>multorum</strong></span> <span class='ocrx_word' id='word_1_116' title='bbox 2323 1537 2495 1624; x_wconf 89' lang='lat' dir='ltr'><strong>coniuges</strong></span> 
     </span>
     <span class='ocr_line' id='line_1_11' title="bbox 478 1632 2491 1740; baseline -0.016 -6"><span class='ocrx_word' id='word_1_117' title='bbox 478 1664 635 1740; x_wconf 89' lang='lat' dir='ltr'><strong>sionem,</strong></span> <span class='ocrx_word' id='word_1_118' title='bbox 660 1663 805 1721; x_wconf 89' lang='lat' dir='ltr'><strong>necatur</strong></span> <span class='ocrx_word' id='word_1_119' title='bbox 819 1644 1009 1733; x_wconf 82' lang='lat' dir='ltr'><strong>Antipater</strong></span> <span class='ocrx_word' id='word_1_120' title='bbox 1023 1660 1160 1707; x_wconf 88' lang='lat' dir='ltr'><strong>veneno</strong></span> <span class='ocrx_word' id='word_1_121' title='bbox 1176 1660 1195 1705; x_wconf 90' lang='lat' dir='ltr'><strong>a</strong></span> <span class='ocrx_word' id='word_1_122' title='bbox 1210 1632 1376 1721; x_wconf 88' lang='lat' dir='ltr'><strong>Malcho,</strong></span> <span class='ocrx_word' id='word_1_123' title='bbox 1399 1636 1461 1729; x_wconf 87' lang='lat' dir='ltr'><strong>qui</strong></span> <span class='ocrx_word' id='word_1_124' title='bbox 1513 1650 1548 1708; x_wconf 90' lang='lat' dir='ltr'><strong>et</strong></span> <span class='ocrx_word' id='word_1_125' title='bbox 1570 1637 1661 1706; x_wconf 86' lang='lat' dir='ltr'><strong>filias</strong></span> <span class='ocrx_word' id='word_1_126' title='bbox 1677 1636 1882 1729; x_wconf 87' lang='lat' dir='ltr'><strong>rapiebant,</strong></span> <span class='ocrx_word' id='word_1_127' title='bbox 1908 1634 1990 1727; x_wconf 90' lang='lat' dir='ltr'><strong>quia</strong></span> <span class='ocrx_word' id='word_1_128' title='bbox 2012 1636 2083 1703; x_wconf 84' lang='lat' dir='ltr'><strong>dux</strong></span> <span class='ocrx_word' id='word_1_129' title='bbox 2098 1632 2236 1702; x_wconf 88' lang='lat' dir='ltr'><strong>Herodi</strong></span> <span class='ocrx_word' id='word_1_130' title='bbox 2256 1638 2395 1704; x_wconf 91' lang='lat' dir='ltr'><strong>additus</strong></span> <span class='ocrx_word' id='word_1_131' title='bbox 2411 1634 2491 1705; x_wconf 88' lang='lat' dir='ltr'><strong>Silo</strong></span> 
     </span>
     <span class='ocr_line' id='line_1_12' title="bbox 479 1734 2495 1845; baseline -0.021 -9"><span class='ocrx_word' id='word_1_132' title='bbox 479 1785 561 1837; x_wconf 91' lang='lat' dir='ltr'><strong>cum</strong></span> <span class='ocrx_word' id='word_1_133' title='bbox 590 1776 739 1845; x_wconf 89' lang='lat' dir='ltr'><strong>regnum</strong></span> <span class='ocrx_word' id='word_1_134' title='bbox 769 1757 950 1839; x_wconf 88' lang='lat' dir='ltr'><strong>appeteret</strong></span> <span class='ocrx_word' id='word_1_135' title='bbox 978 1738 1099 1810; x_wconf 89' lang='lat' dir='ltr'><strong>Cassio</strong></span> <span class='ocrx_word' id='word_1_136' title='bbox 1129 1738 1358 1809; x_wconf 79' lang='lat' dir='ltr'><strong>interfectori·</strong></span> <span class='ocrx_word' id='word_1_137' title='bbox 1377 1734 1463 1807; x_wconf 89' lang='lat' dir='ltr'><strong>lulii</strong></span> <span class='ocrx_word' id='word_1_138' title='bbox 1511 1739 1660 1831; x_wconf 87' lang='lat' dir='ltr'><strong>pecunia</strong></span> <span class='ocrx_word' id='word_1_139' title='bbox 1684 1750 1871 1829; x_wconf 88' lang='lat' dir='ltr'><strong>corruptus</strong></span> <span class='ocrx_word' id='word_1_140' title='bbox 1897 1749 1971 1806; x_wconf 89' lang='lat' dir='ltr'><strong>erat</strong></span> <span class='ocrx_word' id='word_1_141' title='bbox 2003 1737 2048 1805; x_wconf 94' lang='lat' dir='ltr'><strong>ab</strong></span> <span class='ocrx_word' id='word_1_142' title='bbox 2070 1735 2263 1824; x_wconf 88' lang='lat' dir='ltr'><strong>Antigono.</strong></span> <span class='ocrx_word' id='word_1_143' title='bbox 2327 1734 2495 1805; x_wconf 80' lang='lat' dir='ltr'><strong>Tandem</strong></span> 
     </span>
     <span class='ocr_line' id='line_1_13' title="bbox 478 1833 2497 1947; baseline -0.039 -12"><span class='ocrx_word' id='word_1_144' title='bbox 478 1864 587 1936; x_wconf 89' lang='lat' dir='ltr'><strong>misso</strong></span> <span class='ocrx_word' id='word_1_145' title='bbox 609 1858 648 1926; x_wconf 88' lang='lat' dir='ltr'><strong>in</strong></span> <span class='ocrx_word' id='word_1_146' title='bbox 665 1852 806 1947; x_wconf 85' lang='lat' dir='ltr'><strong>Syriam</strong></span> <span class='ocrx_word' id='word_1_147' title='bbox 826 1870 863 1915; x_wconf 89' lang='lat' dir='ltr'><strong>se</strong></span> <span class='ocrx_word' id='word_1_148' title='bbox 885 1840 1059 1913; x_wconf 79' lang='lat' dir='ltr'><strong>adiunxit.</strong></span> <span class='ocrx_word' id='word_1_149' title='bbox 1110 1838 1180 1909; x_wconf 88' lang='lat' dir='ltr'><strong>Sed</strong></span> <span class='ocrx_word' id='word_1_150' title='bbox 1201 1836 1342 1909; x_wconf 86' lang='lat' dir='ltr'><strong>Cassius</strong></span> <span class='ocrx_word' id='word_1_151' title='bbox 1367 1836 1462 1907; x_wconf 89' lang='lat' dir='ltr'><strong>sedi.</strong></span> <span class='ocrx_word' id='word_1_152' title='bbox 1513 1862 1591 1909; x_wconf 64' lang='lat' dir='ltr'><strong>eum</strong></span> <span class='ocrx_word' id='word_1_153' title='bbox 1608 1838 1789 1909; x_wconf 59' lang='lat' dir='ltr'><strong>Antonin,</strong></span> <span class='ocrx_word' id='word_1_154' title='bbox 1810 1836 1963 1908; x_wconf 52' lang='lat' dir='ltr'><strong>,emm</strong></span> <span class='ocrx_word' id='word_1_155' title='bbox 1980 1837 2019 1906; x_wconf 66' lang='lat' dir='ltr'><strong>gn</strong></span> <span class='ocrx_word' id='word_1_156' title='bbox 2042 1836 2183 1930; x_wconf 57' lang='lat' dir='ltr'>syriam</span> <span class='ocrx_word' id='word_1_157' title='bbox 2205 1838 2329 1905; x_wconf 61' lang='lat' dir='ltr'>ducem</span> <span class='ocrx_word' id='word_1_158' title='bbox 2350 1833 2497 1906; x_wconf 52' lang='lat' dir='ltr'>Sosium</span> 
     </span>
     <span class='ocr_line' id='line_1_14' title="bbox 484 1933 2497 2046; baseline -0.021 -8"><span class='ocrx_word' id='word_1_159' title='bbox 484 1967 614 2046; x_wconf 84' lang='lat' dir='ltr'><strong>tiosum</strong></span> <span class='ocrx_word' id='word_1_160' title='bbox 628 1954 815 2026; x_wconf 89' lang='lat' dir='ltr'><strong>hominem</strong></span> <span class='ocrx_word' id='word_1_161' title='bbox 830 1938 1014 2016; x_wconf 88' lang='lat' dir='ltr'><strong>Malcbum</strong></span> <span class='ocrx_word' id='word_1_162' title='bbox 1030 1939 1182 2008; x_wconf 84' lang='lat' dir='ltr'><strong>interfici</strong></span> <span class='ocrx_word' id='word_1_163' title='bbox 1196 1939 1309 2012; x_wconf 86' lang='lat' dir='ltr'><strong>iussit.</strong></span> <span class='ocrx_word' id='word_1_164' title='bbox 1513 1963 1593 2008; x_wconf 89' lang='lat' dir='ltr'><strong>cum</strong></span> <span class='ocrx_word' id='word_1_165' title='bbox 1621 1941 1758 2010; x_wconf 91' lang='lat' dir='ltr'><strong>duabus</strong></span> <span class='ocrx_word' id='word_1_166' title='bbox 1789 1939 1990 2027; x_wconf 80' lang='lat' dir='ltr'><strong>legionibus</strong></span> <span class='ocrx_word' id='word_1_167' title='bbox 2014 1935 2151 2007; x_wconf 90' lang='lat' dir='ltr'><strong>Herodi</strong></span> <span class='ocrx_word' id='word_1_168' title='bbox 2181 1937 2355 2025; x_wconf 80' lang='lat' dir='ltr'><strong>adiungit.</strong></span> <span class='ocrx_word' id='word_1_169' title='bbox 2419 1933 2497 2005; x_wconf 70' lang='lat' dir='ltr'><strong>Hae</strong></span> 
     </span>
     <span class='ocr_line' id='line_1_15' title="bbox 475 2036 2497 2137; baseline -0.013 -7"><span class='ocrx_word' id='word_1_170' title='bbox 475 2037 541 2116; x_wconf 64' lang='lat'><strong>.&#39;‘·&#39;</strong></span> <span class='ocrx_word' id='word_1_171' title='bbox 582 2056 707 2130; x_wconf 88' lang='lat' dir='ltr'><strong>Tertio</strong></span> <span class='ocrx_word' id='word_1_172' title='bbox 737 2072 832 2121; x_wconf 92' lang='lat' dir='ltr'><strong>anno</strong></span> <span class='ocrx_word' id='word_1_173' title='bbox 860 2059 937 2137; x_wconf 91' lang='lat' dir='ltr'><strong>post</strong></span> <span class='ocrx_word' id='word_1_174' title='bbox 968 2040 1190 2114; x_wconf 85' lang='lat' dir='ltr'><strong>interfectum</strong></span> <span class='ocrx_word' id='word_1_175' title='bbox 1220 2038 1350 2109; x_wconf 89' lang='lat' dir='ltr'><strong>lulium</strong></span> <span class='ocrx_word' id='word_1_176' title='bbox 1381 2062 1462 2108; x_wconf 91' lang='lat' dir='ltr'><strong>cnm</strong></span> <span class='ocrx_word' id='word_1_177' title='bbox 1514 2041 1633 2131; x_wconf 89' lang='lat' dir='ltr'><strong>copias</strong></span> <span class='ocrx_word' id='word_1_178' title='bbox 1663 2064 1743 2109; x_wconf 90' lang='lat' dir='ltr'><strong>curn</strong></span> <span class='ocrx_word' id='word_1_179' title='bbox 1764 2039 2003 2109; x_wconf 77' lang='lat' dir='ltr'><strong>coniunxisset</strong></span> <span class='ocrx_word' id='word_1_180' title='bbox 2027 2036 2187 2108; x_wconf 86' lang='lat' dir='ltr'><strong>Herodes</strong></span> <span class='ocrx_word' id='word_1_181' title='bbox 2208 2062 2288 2107; x_wconf 92' lang='lat' dir='ltr'><strong>cum</strong></span> <span class='ocrx_word' id='word_1_182' title='bbox 2312 2060 2374 2106; x_wconf 89' lang='lat' dir='ltr'><strong>suo</strong></span> <span class='ocrx_word' id='word_1_183' title='bbox 2395 2059 2497 2105; x_wconf 84' lang='lat' dir='ltr'><strong>exer-</strong></span> 
     </span>
     <span class='ocr_line' id='line_1_16' title="bbox 481 2138 2499 2241; baseline -0.017 -1"><span class='ocrx_word' id='word_1_184' title='bbox 481 2191 543 2240; x_wconf 79' lang='lat' dir='ltr'><strong>rex</strong></span> <span class='ocrx_word' id='word_1_185' title='bbox 555 2153 770 2233; x_wconf 86' lang='lat' dir='ltr'><strong>Parthorum</strong></span> <span class='ocrx_word' id='word_1_186' title='bbox 791 2158 947 2241; x_wconf 72' lang='lat' dir='ltr'><strong>speraret</strong></span> <span class='ocrx_word' id='word_1_187' title='bbox 967 2167 1004 2213; x_wconf 88' lang='lat' dir='ltr'><strong>se</strong></span> <span class='ocrx_word' id='word_1_188' title='bbox 1030 2141 1227 2234; x_wconf 88' lang='lat' dir='ltr'><strong>potiturum</strong></span> <span class='ocrx_word' id='word_1_189' title='bbox 1253 2164 1327 2210; x_wconf 90' lang='lat' dir='ltr'><strong>esse</strong></span> <span class='ocrx_word' id='word_1_190' title='bbox 1349 2139 1463 2235; x_wconf 85' lang='lat' dir='ltr'><strong>Syria,</strong></span> <span class='ocrx_word' id='word_1_191' title='bbox 1514 2142 1599 2225; x_wconf 90' lang='lat' dir='ltr'><strong>citu,</strong></span> <span class='ocrx_word' id='word_1_192' title='bbox 1623 2140 1874 2234; x_wconf 78' lang='lat' dir='ltr'><strong>lerosolymam</strong></span> <span class='ocrx_word' id='word_1_193' title='bbox 1891 2140 2049 2231; x_wconf 92' lang='lat' dir='ltr'><strong>quinque</strong></span> <span class='ocrx_word' id='word_1_194' title='bbox 2063 2140 2246 2210; x_wconf 90' lang='lat' dir='ltr'><strong>mensibus</strong></span> <span class='ocrx_word' id='word_1_195' title='bbox 2260 2138 2499 2221; x_wconf 82' lang='lat' dir='ltr'><strong>circumsidet,</strong></span> 
     </span>
     <span class='ocr_line' id='line_1_17' title="bbox 483 2239 2496 2340; baseline -0.016 -1"><span class='ocrx_word' id='word_1_196' title='bbox 483 2289 563 2340; x_wconf 91' lang='lat' dir='ltr'><strong>cum</strong></span> <span class='ocrx_word' id='word_1_197' title='bbox 587 2274 621 2331; x_wconf 86' lang='lat' dir='ltr'><strong>et</strong></span> <span class='ocrx_word' id='word_1_198' title='bbox 643 2255 784 2328; x_wconf 87' lang='lat' dir='ltr'><strong>Cassius</strong></span> <span class='ocrx_word' id='word_1_199' title='bbox 805 2249 876 2318; x_wconf 91' lang='lat' dir='ltr'><strong>iam</strong></span> <span class='ocrx_word' id='word_1_200' title='bbox 898 2258 976 2339; x_wconf 89' lang='lat' dir='ltr'><strong>post</strong></span> <span class='ocrx_word' id='word_1_201' title='bbox 1007 2266 1162 2336; x_wconf 89' lang='lat' dir='ltr'><strong>pugnam</strong></span> <span class='ocrx_word' id='word_1_202' title='bbox 1191 2242 1229 2310; x_wconf 91' lang='lat' dir='ltr'><strong>in</strong></span> <span class='ocrx_word' id='word_1_203' title='bbox 1250 2241 1463 2311; x_wconf 88' lang='lat' dir='ltr'><strong>Macedonia</strong></span> <span class='ocrx_word' id='word_1_204' title='bbox 1514 2255 1549 2312; x_wconf 90' lang='lat' dir='ltr'><strong>et</strong></span> <span class='ocrx_word' id='word_1_205' title='bbox 1575 2242 1677 2313; x_wconf 82' lang='lat' dir='ltr'><strong>iactis</strong></span> <span class='ocrx_word' id='word_1_206' title='bbox 1708 2241 1845 2334; x_wconf 86' lang='lat' dir='ltr'><strong>aliquot</strong></span> <span class='ocrx_word' id='word_1_207' title='bbox 1868 2241 2009 2331; x_wconf 87' lang='lat' dir='ltr'><strong>praeliis</strong></span> <span class='ocrx_word' id='word_1_208' title='bbox 2029 2254 2124 2312; x_wconf 81' lang='lat' dir='ltr'><strong>sexto</strong></span> <span class='ocrx_word' id='word_1_209' title='bbox 2148 2264 2269 2310; x_wconf 88' lang='lat' dir='ltr'><strong>mense</strong></span> <span class='ocrx_word' id='word_1_210' title='bbox 2292 2264 2368 2309; x_wconf 90' lang='lat' dir='ltr'><strong>eam</strong></span> <span class='ocrx_word' id='word_1_211' title='bbox 2391 2239 2496 2330; x_wconf 88' lang='lat' dir='ltr'><strong>capit,</strong></span> 
     </span>
     <span class='ocr_line' id='line_1_18' title="bbox 482 2340 2497 2461; baseline -0.04 -24"><span class='ocrx_word' id='word_1_212' title='bbox 482 2364 662 2461; x_wconf 88' lang='lat' dir='ltr'><strong>periisset,</strong></span> <span class='ocrx_word' id='word_1_213' title='bbox 687 2351 834 2425; x_wconf 81' lang='lat' dir='ltr'><strong>adduxit</strong></span> <span class='ocrx_word' id='word_1_214' title='bbox 846 2346 1037 2417; x_wconf 84' lang='lat' dir='ltr'><strong>exercitum</strong></span> <span class='ocrx_word' id='word_1_215' title='bbox 1054 2344 1094 2412; x_wconf 92' lang='lat' dir='ltr'><strong>in</strong></span> <span class='ocrx_word' id='word_1_216' title='bbox 1109 2343 1261 2437; x_wconf 88' lang='lat' dir='ltr'><strong>Syriam.</strong></span> <span class='ocrx_word' id='word_1_217' title='bbox 1314 2341 1357 2412; x_wconf 94' lang='lat' dir='ltr'><strong>ln</strong></span> <span class='ocrx_word' id='word_1_218' title='bbox 1381 2355 1464 2412; x_wconf 82' lang='lat' dir='ltr'><strong>tan.</strong></span> <span class='ocrx_word' id='word_1_219' title='bbox 1515 2343 1712 2413; x_wconf 57' lang='lat' dir='ltr'><strong>eodemffie</strong></span> <span class='ocrx_word' id='word_1_220' title='bbox 1733 2355 1768 2414; x_wconf 59' lang='lat' dir='ltr'><strong>et</strong></span> <span class='ocrx_word' id='word_1_221' title='bbox 1790 2365 1931 2424; x_wconf 52' lang='lat' dir='ltr'>meme,</span> <span class='ocrx_word' id='word_1_222' title='bbox 1958 2366 2028 2433; x_wconf 68' lang='lat' dir='ltr'><strong>quo</strong></span> <span class='ocrx_word' id='word_1_223' title='bbox 2048 2365 2124 2410; x_wconf 58' lang='lat' dir='ltr'><strong>eam</strong></span> <span class='ocrx_word' id='word_1_224' title='bbox 2148 2340 2497 2431; x_wconf 77' lang='lat' dir='ltr'><strong>ceperatPompeiue</strong></span> 
     </span>
     <span class='ocr_line' id='line_1_19' title="bbox 482 2441 2496 2540; baseline -0.022 0"><span class='ocrx_word' id='word_1_225' title='bbox 482 2470 529 2540; x_wconf 88' lang='lat' dir='ltr'><strong>tis</strong></span> <span class='ocrx_word' id='word_1_226' title='bbox 543 2455 810 2536; x_wconf 85' lang='lat' dir='ltr'><strong>confusionibus</strong></span> <span class='ocrx_word' id='word_1_227' title='bbox 825 2449 933 2521; x_wconf 91' lang='lat' dir='ltr'><strong>totius</strong></span> <span class='ocrx_word' id='word_1_228' title='bbox 947 2446 1049 2515; x_wconf 89' lang='lat' dir='ltr'><strong>orbis·</strong></span> <span class='ocrx_word' id='word_1_229' title='bbox 1060 2461 1234 2516; x_wconf 89' lang='lat' dir='ltr'><strong>terrarum</strong></span> <span class='ocrx_word' id='word_1_230' title='bbox 1249 2466 1361 2513; x_wconf 89' lang='lat' dir='ltr'><strong>novas</strong></span> <span class='ocrx_word' id='word_1_231' title='bbox 1384 2464 1464 2534; x_wconf 91' lang='lat' dir='ltr'><strong>spes</strong></span> <span class='ocrx_word' id='word_1_232' title='bbox 1515 2458 1595 2514; x_wconf 90' lang='lat' dir='ltr'><strong>ante</strong></span> <span class='ocrx_word' id='word_1_233' title='bbox 1619 2467 1732 2514; x_wconf 88' lang='lat' dir='ltr'><strong>annos</strong></span> <span class='ocrx_word' id='word_1_234' title='bbox 1752 2458 1884 2536; x_wconf 87' lang='lat' dir='ltr'><strong>septem</strong></span> <span class='ocrx_word' id='word_1_235' title='bbox 1907 2456 1942 2512; x_wconf 92' lang='lat' dir='ltr'><strong>et</strong></span> <span class='ocrx_word' id='word_1_236' title='bbox 1963 2442 2100 2532; x_wconf 87' lang='lat' dir='ltr'><strong>viginti.</strong></span> <span class='ocrx_word' id='word_1_237' title='bbox 2156 2442 2288 2532; x_wconf 78' lang='lat' dir='ltr'><strong>Magna</strong></span> <span class='ocrx_word' id='word_1_238' title='bbox 2311 2443 2436 2510; x_wconf 69' lang='lat' dir='ltr'><strong>caedes</strong></span> <span class='ocrx_word' id='word_1_239' title='bbox 2456 2441 2496 2509; x_wconf 74' lang='lat' dir='ltr'><strong>in</strong></span> 
     </span>
     <span class='ocr_line' id='line_1_20' title="bbox 483 2542 2496 2649; baseline -0.019 -1"><span class='ocrx_word' id='word_1_240' title='bbox 483 2583 518 2641; x_wconf 76' lang='lat' dir='ltr'><strong>et</strong></span> <span class='ocrx_word' id='word_1_241' title='bbox 541 2562 744 2649; x_wconf 68' lang='grc' dir='ltr'><strong>Αῑὶῐῐδθῦΰῦ</strong></span> <span class='ocrx_word' id='word_1_242' title='bbox 771 2548 898 2631; x_wconf 63' lang='grc' dir='ltr'><strong>Ῑὶὸδθῑ,</strong></span> <span class='ocrx_word' id='word_1_243' title='bbox 929 2547 1093 2639; x_wconf 60' lang='lat' dir='ltr'><strong>impetra!</strong></span> <span class='ocrx_word' id='word_1_244' title='bbox 1125 2545 1254 2615; x_wconf 64' lang='lat' dir='ltr'><strong>auxilia</strong></span> <span class='ocrx_word' id='word_1_245' title='bbox 1284 2570 1303 2613; x_wconf 70' lang='lat' dir='ltr'><strong>a</strong></span> <span class='ocrx_word' id='word_1_246' title='bbox 1328 2543 1462 2623; x_wconf 74' lang='lat' dir='ltr'><strong>Pacoro</strong></span> <span class='ocrx_word' id='word_1_247' title='bbox 1515 2545 1706 2616; x_wconf 87' lang='lat' dir='ltr'><strong>urbefacta</strong></span> <span class='ocrx_word' id='word_1_248' title='bbox 1722 2558 1785 2619; x_wconf 89' lang='lat' dir='ltr'><strong>est.</strong></span> <span class='ocrx_word' id='word_1_249' title='bbox 1818 2544 2021 2633; x_wconf 76' lang='lat' dir='ltr'><strong>Antigonus</strong></span> <span class='ocrx_word' id='word_1_250' title='bbox 2036 2543 2224 2613; x_wconf 86' lang='lat' dir='ltr'><strong>abducitur</strong></span> <span class='ocrx_word' id='word_1_251' title='bbox 2239 2544 2283 2611; x_wconf 94' lang='lat' dir='ltr'><strong>ad</strong></span> <span class='ocrx_word' id='word_1_252' title='bbox 2293 2542 2496 2612; x_wconf 89' lang='lat' dir='ltr'><strong>Antonium</strong></span> 
     </span>
     <span class='ocr_line' id='line_1_21' title="bbox 452 2640 2495 2759; baseline -0.015 -17"><span class='ocrx_word' id='word_1_253' title='bbox 452 2671 567 2759; x_wconf 84' lang='lat' dir='ltr'><strong>&#39;rege</strong></span> <span class='ocrx_word' id='word_1_254' title='bbox 587 2656 821 2736; x_wconf 88' lang='lat' dir='ltr'><strong>Parthorum,</strong></span> <span class='ocrx_word' id='word_1_255' title='bbox 859 2663 893 2719; x_wconf 90' lang='lat' dir='ltr'><strong>et</strong></span> <span class='ocrx_word' id='word_1_256' title='bbox 914 2647 1165 2741; x_wconf 87' lang='lat' dir='ltr'><strong>lerosolymam</strong></span> <span class='ocrx_word' id='word_1_257' title='bbox 1196 2648 1235 2715; x_wconf 90' lang='lat' dir='ltr'><strong>in</strong></span> <span class='ocrx_word' id='word_1_258' title='bbox 1257 2644 1463 2715; x_wconf 86' lang='lat' dir='ltr'><strong>Pentecoste</strong></span> <span class='ocrx_word' id='word_1_259' title='bbox 1515 2641 1764 2731; x_wconf 86' lang='lat' dir='ltr'><strong>Antiochiam,</strong></span> <span class='ocrx_word' id='word_1_260' title='bbox 1790 2646 1889 2716; x_wconf 90' lang='lat' dir='ltr'><strong>etibi</strong></span> <span class='ocrx_word' id='word_1_261' title='bbox 1906 2646 2049 2715; x_wconf 91' lang='lat' dir='ltr'><strong>iubente</strong></span> <span class='ocrx_word' id='word_1_262' title='bbox 2065 2640 2225 2714; x_wconf 89' lang='lat' dir='ltr'><strong>Antonio</strong></span> <span class='ocrx_word' id='word_1_263' title='bbox 2240 2657 2411 2736; x_wconf 90' lang='lat' dir='ltr'><strong>tanquam</strong></span> <span class='ocrx_word' id='word_1_264' title='bbox 2427 2640 2495 2713; x_wconf 91' lang='lat' dir='ltr'><strong>bo·</strong></span> 
     </span>
     <span class='ocr_line' id='line_1_22' title="bbox 486 2743 2291 2857; baseline -0.035 -16"><span class='ocrx_word' id='word_1_265' title='bbox 486 2776 651 2857; x_wconf 88' lang='lat' dir='ltr'><strong>occupat,</strong></span> <span class='ocrx_word' id='word_1_266' title='bbox 683 2760 791 2849; x_wconf 80' lang='lat' dir='ltr'><strong>fitque</strong></span> <span class='ocrx_word' id='word_1_267' title='bbox 810 2772 978 2840; x_wconf 87' lang='lat' dir='ltr'><strong>magnum</strong></span> <span class='ocrx_word' id='word_1_268' title='bbox 1000 2746 1173 2838; x_wconf 90' lang='lat' dir='ltr'><strong>praelium</strong></span> <span class='ocrx_word' id='word_1_269' title='bbox 1196 2748 1289 2816; x_wconf 85' lang='lat' dir='ltr'><strong>intra</strong></span> <span class='ocrx_word' id='word_1_270' title='bbox 1312 2743 1463 2816; x_wconf 89' lang='lat' dir='ltr'><strong>moenia.</strong></span> <span class='ocrx_word' id='word_1_271' title='bbox 1515 2748 1578 2818; x_wconf 78' lang='lat' dir='ltr'><strong>stis</strong></span> <span class='ocrx_word' id='word_1_272' title='bbox 1593 2749 1717 2839; x_wconf 71' lang='lat' dir='ltr'><strong>populi</strong></span> <span class='ocrx_word' id='word_1_273' title='bbox 1731 2745 1885 2818; x_wconf 60' lang='lat' dir='ltr'><strong>Romani</strong></span> <span class='ocrx_word' id='word_1_274' title='bbox 1901 2746 2014 2817; x_wconf 59' lang='lat' dir='ltr'>securi</span> <span class='ocrx_word' id='word_1_275' title='bbox 2032 2769 2215 2836; x_wconf 54' lang='lat' dir='ltr'><strong>percussus</strong></span> <span class='ocrx_word' id='word_1_276' title='bbox 2228 2760 2291 2817; x_wconf 42' lang='lat' dir='ltr'><strong>est.</strong></span> 
     </span>
     <span class='ocr_line' id='line_1_23' title="bbox 484 2846 2494 2958; baseline -0.025 -16"><span class='ocrx_word' id='word_1_277' title='bbox 484 2868 647 2958; x_wconf 89' lang='lat' dir='ltr'><strong>Cumque</strong></span> <span class='ocrx_word' id='word_1_278' title='bbox 662 2854 833 2931; x_wconf 90' lang='lat' dir='ltr'><strong>Phaselus</strong></span> <span class='ocrx_word' id='word_1_279' title='bbox 848 2864 882 2921; x_wconf 90' lang='lat' dir='ltr'><strong>et</strong></span> <span class='ocrx_word' id='word_1_280' title='bbox 896 2849 1074 2920; x_wconf 88' lang='lat' dir='ltr'><strong>Hircanus</strong></span> <span class='ocrx_word' id='word_1_281' title='bbox 1089 2850 1133 2917; x_wconf 89' lang='lat' dir='ltr'><strong>ad</strong></span> <span class='ocrx_word' id='word_1_282' title='bbox 1147 2847 1321 2918; x_wconf 85' lang='lat' dir='ltr'><strong>Pacorum</strong></span> <span class='ocrx_word' id='word_1_283' title='bbox 1339 2847 1465 2916; x_wconf 86' lang='lat' dir='ltr'><strong>fraude</strong></span> <span class='ocrx_word' id='word_1_284' title='bbox 1617 2847 1721 2920; x_wconf 88' lang='lat' dir='ltr'><strong>Facta</strong></span> <span class='ocrx_word' id='word_1_285' title='bbox 1739 2850 1846 2938; x_wconf 87' lang='lat' dir='ltr'><strong>igitur</strong></span> <span class='ocrx_word' id='word_1_286' title='bbox 1863 2862 1897 2916; x_wconf 89' lang='lat' dir='ltr'><strong>et</strong></span> <span class='ocrx_word' id='word_1_287' title='bbox 1916 2848 2016 2936; x_wconf 89' lang='lat' dir='ltr'><strong>regni</strong></span> <span class='ocrx_word' id='word_1_288' title='bbox 2039 2861 2073 2917; x_wconf 84' lang='lat' dir='ltr'><strong>et</strong></span> <span class='ocrx_word' id='word_1_289' title='bbox 2093 2847 2181 2936; x_wconf 75' lang='lat' dir='ltr'><strong>regii</strong></span> <span class='ocrx_word' id='word_1_290' title='bbox 2202 2846 2359 2916; x_wconf 62' lang='lat' dir='ltr'><strong>nominis</strong></span> <span class='ocrx_word' id='word_1_291' title='bbox 2377 2860 2494 2916; x_wconf 62' lang='lat' dir='ltr'><strong>mm,</strong></span> 
     </span>
     <span class='ocr_line' id='line_1_24' title="bbox 485 2947 2492 3043; baseline -0.013 0"><span class='ocrx_word' id='word_1_292' title='bbox 485 2966 631 3043; x_wconf 89' lang='lat' dir='ltr'><strong>adducti</strong></span> <span class='ocrx_word' id='word_1_293' title='bbox 648 2972 781 3042; x_wconf 87' lang='lat' dir='ltr'><strong>essent,</strong></span> <span class='ocrx_word' id='word_1_294' title='bbox 807 2976 868 3023; x_wconf 84' lang='lat' dir='ltr'><strong>rex</strong></span> <span class='ocrx_word' id='word_1_295' title='bbox 879 2950 1034 3021; x_wconf 88' lang='lat' dir='ltr'><strong>Pacorus</strong></span> <span class='ocrx_word' id='word_1_296' title='bbox 1054 2971 1202 3039; x_wconf 85' lang='lat' dir='ltr'><strong>regnum</strong></span> <span class='ocrx_word' id='word_1_297' title='bbox 1220 2947 1369 3018; x_wconf 90' lang='lat' dir='ltr'><strong>ludaeae</strong></span> <span class='ocrx_word' id='word_1_298' title='bbox 1391 2962 1466 3019; x_wconf 89' lang='lat' dir='ltr'><strong>tra-</strong></span> <span class='ocrx_word' id='word_1_299' title='bbox 1516 2948 1647 3019; x_wconf 86' lang='lat' dir='ltr'><strong>latione</strong></span> <span class='ocrx_word' id='word_1_300' title='bbox 1668 2953 1712 3020; x_wconf 91' lang='lat' dir='ltr'><strong>ad</strong></span> <span class='ocrx_word' id='word_1_301' title='bbox 1743 2949 1961 3041; x_wconf 77' lang='lat' dir='ltr'><strong>peregrinam</strong></span> <span class='ocrx_word' id='word_1_302' title='bbox 1989 2948 2134 3038; x_wconf 87' lang='lat' dir='ltr'><strong>stirpem</strong></span> <span class='ocrx_word' id='word_1_303' title='bbox 2167 2971 2272 3017; x_wconf 92' lang='lat' dir='ltr'><strong>nemo</strong></span> <span class='ocrx_word' id='word_1_304' title='bbox 2303 2960 2416 3038; x_wconf 86' lang='lat' dir='ltr'><strong>postea</strong></span> <span class='ocrx_word' id='word_1_305' title='bbox 2447 2972 2492 3017; x_wconf 83' lang='lat' dir='ltr'><strong>ex</strong></span> 
     </span>
     <span class='ocr_line' id='line_1_25' title="bbox 485 3045 2494 3155; baseline -0.018 -11"><span class='ocrx_word' id='word_1_306' title='bbox 485 3074 539 3144; x_wconf 92' lang='lat' dir='ltr'><strong>dit</strong></span> <span class='ocrx_word' id='word_1_307' title='bbox 560 3063 762 3155; x_wconf 87' lang='lat' dir='ltr'><strong>Antigono,</strong></span> <span class='ocrx_word' id='word_1_308' title='bbox 798 3067 834 3125; x_wconf 89' lang='lat' dir='ltr'><strong>et</strong></span> <span class='ocrx_word' id='word_1_309' title='bbox 864 3052 993 3122; x_wconf 87' lang='lat' dir='ltr'><strong>retinet</strong></span> <span class='ocrx_word' id='word_1_310' title='bbox 1020 3049 1178 3142; x_wconf 81' lang='lat' dir='ltr'><strong>captivos</strong></span> <span class='ocrx_word' id='word_1_311' title='bbox 1203 3047 1400 3118; x_wconf 88' lang='lat' dir='ltr'><strong>Hircanum</strong></span> <span class='ocrx_word' id='word_1_312' title='bbox 1429 3060 1465 3119; x_wconf 90' lang='lat' dir='ltr'><strong>et</strong></span> <span class='ocrx_word' id='word_1_313' title='bbox 1516 3051 1626 3143; x_wconf 84' lang='lat' dir='ltr'><strong>stirpe</strong></span> <span class='ocrx_word' id='word_1_314' title='bbox 1658 3045 1761 3121; x_wconf 82' lang='lat' dir='ltr'><strong>Inda</strong></span> <span class='ocrx_word' id='word_1_315' title='bbox 1796 3050 1965 3140; x_wconf 84' lang='lat' dir='ltr'><strong>regnavit.</strong></span> <span class='ocrx_word' id='word_1_316' title='bbox 2038 3048 2226 3120; x_wconf 88' lang='lat' dir='ltr'><strong>Summum</strong></span> <span class='ocrx_word' id='word_1_317' title='bbox 2257 3050 2494 3119; x_wconf 77' lang='lat' dir='ltr'><strong>sacerdotium</strong></span> 
     </span>
     <span class='ocr_line' id='line_1_26' title="bbox 484 3148 2494 3245; baseline -0.015 0"><span class='ocrx_word' id='word_1_318' title='bbox 484 3168 687 3245; x_wconf 89' lang='lat' dir='ltr'><strong>Phaselum.</strong></span> <span class='ocrx_word' id='word_1_319' title='bbox 748 3156 926 3227; x_wconf 87' lang='lat' dir='ltr'><strong>Hircanus</strong></span> <span class='ocrx_word' id='word_1_320' title='bbox 958 3165 1144 3222; x_wconf 87' lang='lat' dir='ltr'><strong>truncatur</strong></span> <span class='ocrx_word' id='word_1_321' title='bbox 1174 3150 1336 3233; x_wconf 90' lang='lat' dir='ltr'><strong>auribus,</strong></span> <span class='ocrx_word' id='word_1_322' title='bbox 1366 3162 1403 3219; x_wconf 93' lang='lat' dir='ltr'><strong>et</strong></span> <span class='ocrx_word' id='word_1_323' title='bbox 1424 3148 1463 3218; x_wconf 88' lang='lat' dir='ltr'><strong>in</strong></span> <span class='ocrx_word' id='word_1_324' title='bbox 1516 3153 1621 3222; x_wconf 89' lang='lat' dir='ltr'><strong>etiam</strong></span> <span class='ocrx_word' id='word_1_325' title='bbox 1644 3155 1819 3222; x_wconf 91' lang='lat' dir='ltr'><strong>dederuut</strong></span> <span class='ocrx_word' id='word_1_326' title='bbox 1841 3173 1940 3240; x_wconf 89' lang='lat' dir='ltr'><strong>reges</strong></span> <span class='ocrx_word' id='word_1_327' title='bbox 1959 3151 2089 3244; x_wconf 87' lang='lat' dir='ltr'><strong>quibus</strong></span> <span class='ocrx_word' id='word_1_328' title='bbox 2110 3150 2217 3220; x_wconf 90' lang='lat' dir='ltr'><strong>libuit</strong></span> <span class='ocrx_word' id='word_1_329' title='bbox 2237 3163 2360 3220; x_wconf 87' lang='lat' dir='ltr'><strong>contra</strong></span> <span class='ocrx_word' id='word_1_330' title='bbox 2380 3149 2494 3240; x_wconf 87' lang='lat' dir='ltr'><strong>legem</strong></span> 
     </span>
     <span class='ocr_line' id='line_1_27' title="bbox 476 3249 2496 3346; baseline -0.012 1"><span class='ocrx_word' id='word_1_331' title='bbox 476 3268 635 3346; x_wconf 88' lang='lat' dir='ltr'><strong>&#39;Parthos</strong></span> <span class='ocrx_word' id='word_1_332' title='bbox 659 3261 823 3334; x_wconf 86' lang='lat' dir='ltr'><strong>mittitur.</strong></span> <span class='ocrx_word' id='word_1_333' title='bbox 878 3249 1056 3323; x_wconf 75' lang='lat' dir='ltr'><strong>*Phaselus</strong></span> <span class='ocrx_word' id='word_1_334' title='bbox 1080 3251 1374 3322; x_wconf 89' lang='lat' dir='ltr'><strong>contumeliarum</strong></span> <span class='ocrx_word' id='word_1_335' title='bbox 1394 3251 1465 3320; x_wconf 89' lang='lat' dir='ltr'><strong>im·</strong></span> <span class='ocrx_word' id='word_1_336' title='bbox 1516 3250 1720 3323; x_wconf 88' lang='lat' dir='ltr'><strong>Mosaicam.</strong></span> <span class='ocrx_word' id='word_1_337' title='bbox 1771 3249 1970 3322; x_wconf 89' lang='lat' dir='ltr'><strong>Hireanum</strong></span> <span class='ocrx_word' id='word_1_338' title='bbox 1990 3252 2170 3322; x_wconf 90' lang='lat' dir='ltr'><strong>revocavit</strong></span> <span class='ocrx_word' id='word_1_339' title='bbox 2185 3249 2346 3321; x_wconf 87' lang='lat' dir='ltr'><strong>Herodes</strong></span> <span class='ocrx_word' id='word_1_340' title='bbox 2366 3276 2408 3321; x_wconf 87' lang='lat' dir='ltr'><strong>ex</strong></span> <span class='ocrx_word' id='word_1_341' title='bbox 2425 3251 2496 3323; x_wconf 89' lang='lat' dir='ltr'><strong>Ba·</strong></span> 
     </span>
     <span class='ocr_line' id='line_1_28' title="bbox 484 3348 2497 3470; baseline -0.015 -22"><span class='ocrx_word' id='word_1_342' title='bbox 484 3375 622 3470; x_wconf 89' lang='lat' dir='ltr'><strong>patiens</strong></span> <span class='ocrx_word' id='word_1_343' title='bbox 639 3369 678 3437; x_wconf 93' lang='lat' dir='ltr'><strong>in</strong></span> <span class='ocrx_word' id='word_1_344' title='bbox 692 3358 844 3433; x_wconf 89' lang='lat' dir='ltr'><strong>vinculis</strong></span> <span class='ocrx_word' id='word_1_345' title='bbox 859 3356 972 3449; x_wconf 88' lang='lat' dir='ltr'><strong>capite</strong></span> <span class='ocrx_word' id='word_1_346' title='bbox 986 3354 1088 3426; x_wconf 88' lang='lat' dir='ltr'><strong>alliso</strong></span> <span class='ocrx_word' id='word_1_347' title='bbox 1102 3356 1145 3424; x_wconf 93' lang='lat' dir='ltr'><strong>ad</strong></span> <span class='ocrx_word' id='word_1_348' title='bbox 1163 3352 1341 3446; x_wconf 89' lang='lat' dir='ltr'><strong>parietem,</strong></span> <span class='ocrx_word' id='word_1_349' title='bbox 1367 3377 1464 3424; x_wconf 89' lang='lat' dir='ltr'><strong>mor·</strong></span> <span class='ocrx_word' id='word_1_350' title='bbox 1515 3354 1646 3449; x_wconf 90' lang='lat' dir='ltr'><strong>bylone</strong></span> <span class='ocrx_word' id='word_1_351' title='bbox 1662 3354 1754 3425; x_wconf 86' lang='lat' dir='ltr'><strong>datis</strong></span> <span class='ocrx_word' id='word_1_352' title='bbox 1766 3354 1976 3424; x_wconf 90' lang='lat' dir='ltr'><strong>muneribus</strong></span> <span class='ocrx_word' id='word_1_353' title='bbox 1992 3354 2065 3443; x_wconf 87' lang='lat' dir='ltr'><strong>regi</strong></span> <span class='ocrx_word' id='word_1_354' title='bbox 2075 3348 2307 3434; x_wconf 89' lang='lat' dir='ltr'><strong>Parthorum,</strong></span> <span class='ocrx_word' id='word_1_355' title='bbox 2333 3356 2394 3423; x_wconf 89' lang='lat' dir='ltr'><strong>sed</strong></span> <span class='ocrx_word' id='word_1_356' title='bbox 2412 3378 2497 3445; x_wconf 89' lang='lat' dir='ltr'><strong>pro.</strong></span> 
     </span>
     <span class='ocr_line' id='line_1_29' title="bbox 484 3455 2497 3549; baseline -0.022 19"><span class='ocrx_word' id='word_1_357' title='bbox 484 3492 557 3549; x_wconf 61' lang='lat' dir='ltr'><strong>lem</strong></span> <span class='ocrx_word' id='word_1_358' title='bbox 575 3471 642 3544; x_wconf 53' lang='lat' dir='ltr'><strong>fibi</strong></span> <span class='ocrx_word' id='word_1_359' title='bbox 658 3461 852 3537; x_wconf 49' lang='lat' dir='ltr'><strong>emisch·</strong></span> <span class='ocrx_word' id='word_1_360' title='bbox 1516 3468 1595 3546; x_wconf 86' lang='lat' dir='ltr'><strong>pter</strong></span> <span class='ocrx_word' id='word_1_361' title='bbox 1616 3457 1878 3527; x_wconf 88' lang='lat' dir='ltr'><strong>mutilationem</strong></span> <span class='ocrx_word' id='word_1_362' title='bbox 1898 3457 2037 3524; x_wconf 88' lang='lat' dir='ltr'><strong>aurium</strong></span> <span class='ocrx_word' id='word_1_363' title='bbox 2064 3480 2136 3523; x_wconf 93' lang='lat' dir='ltr'><strong>non</strong></span> <span class='ocrx_word' id='word_1_364' title='bbox 2161 3455 2316 3525; x_wconf 88' lang='lat' dir='ltr'><strong>restituit</strong></span> <span class='ocrx_word' id='word_1_365' title='bbox 2342 3455 2372 3525; x_wconf 89' lang='lat' dir='ltr'><strong>ei</strong></span> <span class='ocrx_word' id='word_1_366' title='bbox 2397 3479 2497 3526; x_wconf 88' lang='lat' dir='ltr'><strong>sum-</strong></span> 
     </span>
     <span class='ocr_line' id='line_1_30' title="bbox 588 3552 2496 3650; baseline -0.008 -9"><span class='ocrx_word' id='word_1_367' title='bbox 588 3570 727 3641; x_wconf 89' lang='lat' dir='ltr'><strong>lnterea</strong></span> <span class='ocrx_word' id='word_1_368' title='bbox 743 3583 965 3650; x_wconf 84' lang='lat' dir='ltr'><strong>magnorum</strong></span> <span class='ocrx_word' id='word_1_369' title='bbox 982 3557 1140 3649; x_wconf 88' lang='lat' dir='ltr'><strong>periculo</strong></span> <span class='ocrx_word' id='word_1_370' title='bbox 1157 3553 1464 3646; x_wconf 87' lang='lat' dir='ltr'><strong>primuminldu-</strong></span> <span class='ocrx_word' id='word_1_371' title='bbox 1514 3580 1612 3626; x_wconf 88' lang='lat' dir='ltr'><strong>mum</strong></span> <span class='ocrx_word' id='word_1_372' title='bbox 1634 3558 1880 3627; x_wconf 88' lang='lat' dir='ltr'><strong>sacerdotium.</strong></span> <span class='ocrx_word' id='word_1_373' title='bbox 1911 3616 1915 3624; x_wconf 90' lang='lat'><strong>.</strong></span> <span class='ocrx_word' id='word_1_374' title='bbox 1938 3556 2062 3637; x_wconf 87' lang='lat' dir='ltr'><strong>Postea</strong></span> <span class='ocrx_word' id='word_1_375' title='bbox 2084 3552 2362 3646; x_wconf 86' lang='lat' dir='ltr'><strong>Octogenarium</strong></span> <span class='ocrx_word' id='word_1_376' title='bbox 2386 3558 2496 3627; x_wconf 86' lang='lat' dir='ltr'><strong>inter·</strong></span> 
     </span>
     <span class='ocr_line' id='line_1_31' title="bbox 485 3656 2500 3758; baseline -0.016 -8"><span class='ocrx_word' id='word_1_377' title='bbox 485 3696 602 3749; x_wconf 89' lang='lat' dir='ltr'><strong>meam</strong></span> <span class='ocrx_word' id='word_1_378' title='bbox 615 3668 753 3758; x_wconf 83' lang='lat' dir='ltr'><strong>fugiens</strong></span> <span class='ocrx_word' id='word_1_379' title='bbox 768 3661 928 3731; x_wconf 86' lang='lat' dir='ltr'><strong>Herodes</strong></span> <span class='ocrx_word' id='word_1_380' title='bbox 945 3659 1064 3729; x_wconf 87' lang='lat' dir='ltr'><strong>evasit.</strong></span> <span class='ocrx_word' id='word_1_381' title='bbox 1121 3656 1246 3727; x_wconf 89' lang='lat' dir='ltr'><strong>Postea</strong></span> <span class='ocrx_word' id='word_1_382' title='bbox 1269 3657 1311 3724; x_wconf 94' lang='lat' dir='ltr'><strong>ad</strong></span> <span class='ocrx_word' id='word_1_383' title='bbox 1336 3658 1462 3726; x_wconf 89' lang='lat' dir='ltr'><strong>urbem</strong></span> <span class='ocrx_word' id='word_1_384' title='bbox 1515 3658 1571 3726; x_wconf 85' lang='lat' dir='ltr'><strong>bei</strong></span> <span class='ocrx_word' id='word_1_385' title='bbox 1593 3658 1706 3729; x_wconf 87' lang='lat' dir='ltr'><strong>iussit.</strong></span> <span class='ocrx_word' id='word_1_386' title='bbox 1768 3657 1909 3729; x_wconf 82' lang='lat' dir='ltr'><strong>Delevit</strong></span> <span class='ocrx_word' id='word_1_387' title='bbox 1931 3673 1965 3729; x_wconf 93' lang='lat' dir='ltr'><strong>et</strong></span> <span class='ocrx_word' id='word_1_388' title='bbox 1986 3682 2162 3727; x_wconf 89' lang='lat' dir='ltr'><strong>summum</strong></span> <span class='ocrx_word' id='word_1_389' title='bbox 2178 3658 2347 3730; x_wconf 87' lang='lat' dir='ltr'><strong>Senatum</strong></span> <span class='ocrx_word' id='word_1_390' title='bbox 2372 3661 2500 3750; x_wconf 81' lang='lat' dir='ltr'><strong>populi</strong></span> 
     </span>
     <span class='ocr_line' id='line_1_32' title="bbox 483 3755 2496 3854; baseline -0.012 -2"><span class='ocrx_word' id='word_1_391' title='bbox 483 3779 638 3854; x_wconf 84' lang='lat' dir='ltr'><strong>Romam</strong></span> <span class='ocrx_word' id='word_1_392' title='bbox 655 3764 816 3848; x_wconf 85' lang='lat' dir='ltr'><strong>accessit,</strong></span> <span class='ocrx_word' id='word_1_393' title='bbox 841 3761 902 3831; x_wconf 90' lang='lat' dir='ltr'><strong>ubi</strong></span> <span class='ocrx_word' id='word_1_394' title='bbox 921 3761 1060 3829; x_wconf 89' lang='lat' dir='ltr'><strong>laudata</strong></span> <span class='ocrx_word' id='word_1_395' title='bbox 1085 3758 1195 3848; x_wconf 88' lang='lat' dir='ltr'><strong>patris</strong></span> <span class='ocrx_word' id='word_1_396' title='bbox 1218 3758 1285 3827; x_wconf 83' lang='lat' dir='ltr'><strong>fide</strong></span> <span class='ocrx_word' id='word_1_397' title='bbox 1306 3781 1386 3848; x_wconf 89' lang='lat' dir='ltr'><strong>erga</strong></span> <span class='ocrx_word' id='word_1_398' title='bbox 1404 3755 1465 3826; x_wconf 87' lang='lat' dir='ltr'><strong>lu-</strong></span> <span class='ocrx_word' id='word_1_399' title='bbox 1519 3757 1748 3845; x_wconf 88' lang='lat' dir='ltr'><strong>ludaeorum,</strong></span> <span class='ocrx_word' id='word_1_400' title='bbox 1781 3761 1944 3829; x_wconf 88' lang='lat' dir='ltr'><strong>videlicet</strong></span> <span class='ocrx_word' id='word_1_401' title='bbox 1969 3761 2188 3849; x_wconf 88' lang='lat' dir='ltr'><strong>septuaginta</strong></span> <span class='ocrx_word' id='word_1_402' title='bbox 2214 3761 2303 3829; x_wconf 75' lang='lat' dir='ltr'><strong>diros</strong></span> <span class='ocrx_word' id='word_1_403' title='bbox 2327 3761 2496 3843; x_wconf 84' lang='lat' dir='ltr'><strong>seniores,</strong></span> 
     </span>
     <span class='ocr_line' id='line_1_33' title="bbox 484 3853 2492 3960; baseline -0.014 -9"><span class='ocrx_word' id='word_1_404' title='bbox 484 3882 598 3960; x_wconf 89' lang='lat' dir='ltr'><strong>lium,</strong></span> <span class='ocrx_word' id='word_1_405' title='bbox 638 3885 672 3942; x_wconf 91' lang='lat' dir='ltr'><strong>et</strong></span> <span class='ocrx_word' id='word_1_406' title='bbox 702 3874 972 3938; x_wconf 89' lang='lat' dir='ltr'><strong>commemorata</strong></span> <span class='ocrx_word' id='word_1_407' title='bbox 1001 3859 1164 3928; x_wconf 86' lang='lat' dir='ltr'><strong>societate</strong></span> <span class='ocrx_word' id='word_1_408' title='bbox 1185 3855 1357 3946; x_wconf 83' lang='lat' dir='ltr'><strong>Antigoni</strong></span> <span class='ocrx_word' id='word_1_409' title='bbox 1381 3883 1462 3927; x_wconf 87' lang='lat' dir='ltr'><strong>eum</strong></span> <span class='ocrx_word' id='word_1_410' title='bbox 1515 3885 1620 3953; x_wconf 89' lang='lat' dir='ltr'><strong>quem</strong></span> <span class='ocrx_word' id='word_1_411' title='bbox 1652 3861 1821 3932; x_wconf 88' lang='lat' dir='ltr'><strong>Senatum</strong></span> <span class='ocrx_word' id='word_1_412' title='bbox 1854 3859 1974 3929; x_wconf 88' lang='lat' dir='ltr'><strong>ludaei</strong></span> <span class='ocrx_word' id='word_1_413' title='bbox 2005 3864 2239 3930; x_wconf 87' lang='lat' dir='ltr'><strong>nominarunt</strong></span> <span class='ocrx_word' id='word_1_414' title='bbox 2266 3853 2492 3942; x_wconf 78' lang='lat' dir='ltr'><strong>Sanlredrin,</strong></span> 
     </span>
     <span class='ocr_line' id='line_1_34' title="bbox 484 3954 2462 4056; baseline -0.03 27"><span class='ocrx_word' id='word_1_415' title='bbox 484 3973 645 4056; x_wconf 63' lang='lat' dir='ltr'><strong>Pfflhis‘</strong></span> <span class='ocrx_word' id='word_1_416' title='bbox 684 3966 885 4056; x_wconf 60' lang='lat' dir='ltr'><strong>A⁰¹3g⁰¹¹¹¹⁸</strong></span> <span class='ocrx_word' id='word_1_417' title='bbox 908 3961 1085 4030; x_wconf 59' lang='lat' dir='ltr'><strong>indicam</strong></span> <span class='ocrx_word' id='word_1_418' title='bbox 1106 3959 1217 4029; x_wconf 62' lang='lat' dir='ltr'><strong>h⁰⁵¹i⁸</strong></span> <span class='ocrx_word' id='word_1_419' title='bbox 1242 3959 1363 4051; x_wconf 67' lang='grc' dir='ltr'><strong>ΡΟΡΠῙἰ</strong></span> <span class='ocrx_word' id='word_1_420' title='bbox 1385 3956 1463 4029; x_wconf 76' lang='lat' dir='ltr'><strong>RO-</strong></span> <span class='ocrx_word' id='word_1_421' title='bbox 1514 3964 1686 4031; x_wconf 85' lang='lat' dir='ltr'><strong>vocabulo</strong></span> <span class='ocrx_word' id='word_1_422' title='bbox 1702 3965 1792 4032; x_wconf 86' lang='lat' dir='ltr'><strong>facto</strong></span> <span class='ocrx_word' id='word_1_423' title='bbox 1806 3959 1995 4032; x_wconf 86' lang='lat' dir='ltr'><strong>exGrueca</strong></span> <span class='ocrx_word' id='word_1_424' title='bbox 2011 3963 2249 4051; x_wconf 83' lang='lat' dir='ltr'><strong>appellatione</strong></span> <span class='ocrx_word' id='word_1_425' title='bbox 2263 3954 2462 4049; x_wconf 74' lang='grc' dir='ltr'><em>συνέδριον.</em></span> 
     </span>
     <span class='ocr_line' id='line_1_35' title="bbox 484 4056 2492 4163; baseline -0.028 19"><span class='ocrx_word' id='word_1_426' title='bbox 484 4082 601 4163; x_wconf 58' lang='lat'><strong>&#39;⁰²⁰3’</strong></span> <span class='ocrx_word' id='word_1_427' title='bbox 640 4088 674 4145; x_wconf 53' lang='grc' dir='ltr'><strong>εἶ</strong></span> <span class='ocrx_word' id='word_1_428' title='bbox 695 4069 856 4140; x_wconf 61' lang='lat' dir='ltr'>Her⁰d⁰⁵</span> <span class='ocrx_word' id='word_1_429' title='bbox 877 4088 937 4131; x_wconf 60' lang='lat'><strong>¹⁸⁰¹</strong></span> <span class='ocrx_word' id='word_1_430' title='bbox 965 4062 1112 4132; x_wconf 70' lang='lat' dir='ltr'><strong>¹¹¹d³⁰³⁰</strong></span> <span class='ocrx_word' id='word_1_431' title='bbox 1141 4063 1350 4153; x_wconf 50' lang='lat' dir='ltr'><strong>admistum</strong></span> <span class='ocrx_word' id='word_1_432' title='bbox 1416 4056 1463 4130; x_wconf 75' lang='lat' dir='ltr'><strong>El</strong></span> <span class='ocrx_word' id='word_1_433' title='bbox 1615 4060 1706 4132; x_wconf 90' lang='lat' dir='ltr'><strong>Cum</strong></span> <span class='ocrx_word' id='word_1_434' title='bbox 1726 4065 1834 4152; x_wconf 87' lang='lat' dir='ltr'><strong>igitur</strong></span> <span class='ocrx_word' id='word_1_435' title='bbox 1852 4086 1976 4151; x_wconf 89' lang='lat' dir='ltr'><strong>magna</strong></span> <span class='ocrx_word' id='word_1_436' title='bbox 1998 4064 2189 4134; x_wconf 86' lang='lat' dir='ltr'><strong>multitudo</strong></span> <span class='ocrx_word' id='word_1_437' title='bbox 2211 4059 2327 4151; x_wconf 88' lang='lat' dir='ltr'><strong>populi</strong></span> <span class='ocrx_word' id='word_1_438' title='bbox 2350 4081 2492 4126; x_wconf 88' lang='lat' dir='ltr'><strong>errores</strong></span> 
     </span>
     <span class='ocr_line' id='line_1_36' title="bbox 485 4158 2495 4274; baseline -0.015 -20"><span class='ocrx_word' id='word_1_439' title='bbox 485 4200 642 4274; x_wconf 87' lang='lat' dir='ltr'><strong>egressus</strong></span> <span class='ocrx_word' id='word_1_440' title='bbox 656 4199 697 4244; x_wconf 85' lang='lat' dir='ltr'><strong>ex</strong></span> <span class='ocrx_word' id='word_1_441' title='bbox 712 4171 808 4240; x_wconf 88' lang='lat' dir='ltr'><strong>curia</strong></span> <span class='ocrx_word' id='word_1_442' title='bbox 826 4165 963 4234; x_wconf 90' lang='lat' dir='ltr'><strong>medius</strong></span> <span class='ocrx_word' id='word_1_443' title='bbox 977 4166 1070 4233; x_wconf 90' lang='lat' dir='ltr'><strong>inter</strong></span> <span class='ocrx_word' id='word_1_444' title='bbox 1085 4160 1282 4233; x_wconf 86' lang='lat' dir='ltr'><strong>Antonium</strong></span> <span class='ocrx_word' id='word_1_445' title='bbox 1303 4177 1336 4232; x_wconf 89' lang='lat' dir='ltr'><strong>et</strong></span> <span class='ocrx_word' id='word_1_446' title='bbox 1353 4158 1463 4231; x_wconf 89' lang='lat' dir='ltr'><strong>Octa·</strong></span> <span class='ocrx_word' id='word_1_447' title='bbox 1514 4159 1785 4234; x_wconf 88' lang='lat' dir='ltr'><strong>Pharisaeorum</strong></span> <span class='ocrx_word' id='word_1_448' title='bbox 1800 4179 1833 4233; x_wconf 92' lang='lat' dir='ltr'><strong>et</strong></span> <span class='ocrx_word' id='word_1_449' title='bbox 1850 4162 2121 4234; x_wconf 89' lang='lat' dir='ltr'><strong>Zadduceorum</strong></span> <span class='ocrx_word' id='word_1_450' title='bbox 2137 4162 2291 4251; x_wconf 79' lang='lat' dir='ltr'><strong>amplexa</strong></span> <span class='ocrx_word' id='word_1_451' title='bbox 2312 4171 2420 4243; x_wconf 90' lang='lat' dir='ltr'><strong>esset,</strong></span> <span class='ocrx_word' id='word_1_452' title='bbox 2455 4173 2495 4228; x_wconf 90' lang='lat' dir='ltr'><strong>et</strong></span> 
     </span>
     <span class='ocr_line' id='line_1_37' title="bbox 480 4260 2495 4370; baseline -0.014 -16"><span class='ocrx_word' id='word_1_453' title='bbox 480 4286 601 4361; x_wconf 75' lang='lat' dir='ltr'><strong>rium,</strong></span> <span class='ocrx_word' id='word_1_454' title='bbox 626 4261 1302 4370; x_wconf 82' lang='lat' dir='ltr'><strong>praecedentibusConsulibusDomitio</strong></span> <span class='ocrx_word' id='word_1_455' title='bbox 1313 4262 1463 4334; x_wconf 86' lang='lat' dir='ltr'><strong>Calvino</strong></span> <span class='ocrx_word' id='word_1_456' title='bbox 1515 4266 1553 4331; x_wconf 90' lang='lat' dir='ltr'><strong>in</strong></span> <span class='ocrx_word' id='word_1_457' title='bbox 1569 4265 1725 4335; x_wconf 87' lang='lat' dir='ltr'><strong>adsiduis</strong></span> <span class='ocrx_word' id='word_1_458' title='bbox 1739 4265 1974 4335; x_wconf 90' lang='lat' dir='ltr'><strong>seditionibus</strong></span> <span class='ocrx_word' id='word_1_459' title='bbox 1989 4279 2022 4334; x_wconf 93' lang='lat' dir='ltr'><strong>et</strong></span> <span class='ocrx_word' id='word_1_460' title='bbox 2039 4265 2141 4333; x_wconf 89' lang='lat' dir='ltr'><strong>bellis</strong></span> <span class='ocrx_word' id='word_1_461' title='bbox 2156 4265 2246 4332; x_wconf 90' lang='lat' dir='ltr'><strong>inter</strong></span> <span class='ocrx_word' id='word_1_462' title='bbox 2270 4261 2399 4350; x_wconf 88' lang='lat' dir='ltr'><strong>impios</strong></span> <span class='ocrx_word' id='word_1_463' title='bbox 2422 4260 2495 4327; x_wconf 88' lang='lat' dir='ltr'><strong>mi-</strong></span> 
     </span>
     <span class='ocr_line' id='line_1_38' title="bbox 482 4361 2497 4457; baseline -0.025 1"><span class='ocrx_word' id='word_1_464' title='bbox 482 4399 517 4457; x_wconf 88' lang='lat' dir='ltr'><strong>et</strong></span> <span class='ocrx_word' id='word_1_465' title='bbox 526 4380 651 4455; x_wconf 87' lang='lat' dir='ltr'><strong>Asinio</strong></span> <span class='ocrx_word' id='word_1_466' title='bbox 668 4372 847 4453; x_wconf 92' lang='lat' dir='ltr'><strong>Pollione,</strong></span> <span class='ocrx_word' id='word_1_467' title='bbox 873 4381 907 4435; x_wconf 88' lang='lat' dir='ltr'><strong>et</strong></span> <span class='ocrx_word' id='word_1_468' title='bbox 924 4365 1174 4434; x_wconf 85' lang='lat' dir='ltr'><strong>comitantibus</strong></span> <span class='ocrx_word' id='word_1_469' title='bbox 1190 4365 1336 4456; x_wconf 88' lang='lat' dir='ltr'><strong>reliquis</strong></span> <span class='ocrx_word' id='word_1_470' title='bbox 1345 4364 1464 4453; x_wconf 87' lang='lat' dir='ltr'><strong>Magi-</strong></span> <span class='ocrx_word' id='word_1_471' title='bbox 1515 4365 1593 4434; x_wconf 92' lang='lat' dir='ltr'><strong>lites</strong></span> <span class='ocrx_word' id='word_1_472' title='bbox 1610 4382 1777 4437; x_wconf 87' lang='lat' dir='ltr'><strong>cresceret</strong></span> <span class='ocrx_word' id='word_1_473' title='bbox 1802 4361 2050 4457; x_wconf 67' lang='lat' dir='ltr'><strong>prophaeticae,</strong></span> <span class='ocrx_word' id='word_1_474' title='bbox 2080 4380 2112 4435; x_wconf 69' lang='lat' dir='ltr'><strong>et</strong></span> <span class='ocrx_word' id='word_1_475' title='bbox 2128 4363 2226 4433; x_wconf 70' lang='lat' dir='ltr'><strong>muni</strong></span> <span class='ocrx_word' id='word_1_476' title='bbox 2248 4362 2296 4452; x_wconf 71' lang='grc' dir='ltr'><strong>ρῐῑ</strong></span> <span class='ocrx_word' id='word_1_477' title='bbox 2317 4361 2497 4430; x_wconf 55' lang='lat' dir='ltr'><strong>interfice,</strong></span> 
     </span>
     <span class='ocr_line' id='line_1_39' title="bbox 483 4464 2495 4558; baseline -0.013 0"><span class='ocrx_word' id='word_1_478' title='bbox 483 4486 650 4558; x_wconf 88' lang='lat' dir='ltr'><strong>stratibus</strong></span> <span class='ocrx_word' id='word_1_479' title='bbox 666 4491 702 4548; x_wconf 86' lang='lat' dir='ltr'><strong>et</strong></span> <span class='ocrx_word' id='word_1_480' title='bbox 717 4468 949 4547; x_wconf 72' lang='lat' dir='ltr'><strong>senatoribus</strong></span> <span class='ocrx_word' id='word_1_481' title='bbox 970 4468 1008 4534; x_wconf 84' lang='lat' dir='ltr'><strong>in</strong></span> <span class='ocrx_word' id='word_1_482' title='bbox 1025 4464 1240 4555; x_wconf 85' lang='lat' dir='ltr'><strong>Capitolium</strong></span> <span class='ocrx_word' id='word_1_483' title='bbox 1262 4469 1305 4532; x_wconf 90' lang='lat' dir='ltr'><strong>ad</strong></span> <span class='ocrx_word' id='word_1_484' title='bbox 1330 4465 1462 4534; x_wconf 80' lang='lat' dir='ltr'><strong>sacriti-</strong></span> <span class='ocrx_word' id='word_1_485' title='bbox 1515 4481 1657 4546; x_wconf 89' lang='lat' dir='ltr'><strong>rentur,</strong></span> <span class='ocrx_word' id='word_1_486' title='bbox 1679 4482 1712 4538; x_wconf 87' lang='lat' dir='ltr'><strong>et</strong></span> <span class='ocrx_word' id='word_1_487' title='bbox 1733 4469 1849 4537; x_wconf 90' lang='lat' dir='ltr'><strong>studia</strong></span> <span class='ocrx_word' id='word_1_488' title='bbox 1865 4491 1968 4537; x_wconf 87' lang='lat' dir='ltr'><strong>verae</strong></span> <span class='ocrx_word' id='word_1_489' title='bbox 1990 4468 2169 4537; x_wconf 89' lang='lat' dir='ltr'><strong>doctrinae</strong></span> <span class='ocrx_word' id='word_1_490' title='bbox 2186 4464 2495 4552; x_wconf 84' lang='lat' dir='ltr'><strong>extinguerentur,</strong></span> 
     </span>
     <span class='ocr_line' id='line_1_40' title="bbox 483 4565 2495 4659; baseline -0.017 8"><span class='ocrx_word' id='word_1_491' title='bbox 483 4589 577 4657; x_wconf 69' lang='lat' dir='ltr'><strong>cium</strong></span> <span class='ocrx_word' id='word_1_492' title='bbox 593 4579 793 4654; x_wconf 65' lang='lat' dir='ltr'><strong>deducitur·</strong></span> <span class='ocrx_word' id='word_1_493' title='bbox 826 4569 923 4643; x_wconf 66' lang='lat' dir='ltr'><strong>Haec</strong></span> <span class='ocrx_word' id='word_1_494' title='bbox 940 4582 1015 4638; x_wconf 65' lang='lat' dir='ltr'><strong>acta</strong></span> <span class='ocrx_word' id='word_1_495' title='bbox 1031 4579 1114 4636; x_wconf 75' lang='lat' dir='ltr'><strong>sunt</strong></span> <span class='ocrx_word' id='word_1_496' title='bbox 1129 4586 1224 4636; x_wconf 77' lang='lat' dir='ltr'><strong>anno</strong></span> <span class='ocrx_word' id='word_1_497' title='bbox 1240 4580 1367 4658; x_wconf 88' lang='lat' dir='ltr'><strong>quarto</strong></span> <span class='ocrx_word' id='word_1_498' title='bbox 1385 4579 1463 4656; x_wconf 90' lang='lat' dir='ltr'><strong>post</strong></span> <span class='ocrx_word' id='word_1_499' title='bbox 1515 4591 1620 4659; x_wconf 90' lang='lat' dir='ltr'><strong>quam</strong></span> <span class='ocrx_word' id='word_1_500' title='bbox 1642 4569 1748 4637; x_wconf 83' lang='lat' dir='ltr'><strong>fuerit</strong></span> <span class='ocrx_word' id='word_1_501' title='bbox 1765 4571 1887 4657; x_wconf 76' lang='lat' dir='ltr'><strong>exigua</strong></span> <span class='ocrx_word' id='word_1_502' title='bbox 1910 4593 1992 4638; x_wconf 86' lang='lat' dir='ltr'><strong>vera</strong></span> <span class='ocrx_word' id='word_1_503' title='bbox 2008 4565 2160 4638; x_wconf 81' lang='lat' dir='ltr'><strong>Ecclesia</strong></span> <span class='ocrx_word' id='word_1_504' title='bbox 2176 4565 2404 4654; x_wconf 84' lang='lat' dir='ltr'><strong>cogitandum</strong></span> <span class='ocrx_word' id='word_1_505' title='bbox 2429 4577 2495 4638; x_wconf 87' lang='lat' dir='ltr'><strong>est.</strong></span> 
     </span>
     <span class='ocr_line' id='line_1_41' title="bbox 482 4663 2494 4761; baseline -0.012 -7"><span class='ocrx_word' id='word_1_506' title='bbox 482 4686 706 4753; x_wconf 81' lang='lat' dir='ltr'><strong>interiectum</strong></span> <span class='ocrx_word' id='word_1_507' title='bbox 724 4676 876 4755; x_wconf 87' lang='lat' dir='ltr'><strong>lulium,</strong></span> <span class='ocrx_word' id='word_1_508' title='bbox 908 4685 988 4739; x_wconf 91' lang='lat' dir='ltr'><strong>ante</strong></span> <span class='ocrx_word' id='word_1_509' title='bbox 1011 4684 1133 4739; x_wconf 88' lang='lat' dir='ltr'><strong>natum</strong></span> <span class='ocrx_word' id='word_1_510' title='bbox 1149 4663 1331 4736; x_wconf 89' lang='lat' dir='ltr'><strong>Christum</strong></span> <span class='ocrx_word' id='word_1_511' title='bbox 1358 4668 1460 4736; x_wconf 86' lang='lat' dir='ltr'><strong>trice·</strong></span> <span class='ocrx_word' id='word_1_512' title='bbox 1515 4667 1599 4738; x_wconf 84' lang='lat' dir='ltr'><strong>Fuit</strong></span> <span class='ocrx_word' id='word_1_513' title='bbox 1622 4681 1738 4737; x_wconf 87' lang='lat' dir='ltr'><strong>tamen</strong></span> <span class='ocrx_word' id='word_1_514' title='bbox 1758 4671 1896 4761; x_wconf 90' lang='lat' dir='ltr'><strong>aliqua,</strong></span> <span class='ocrx_word' id='word_1_515' title='bbox 1926 4670 1964 4738; x_wconf 92' lang='lat' dir='ltr'><strong>in</strong></span> <span class='ocrx_word' id='word_1_516' title='bbox 1988 4692 2055 4759; x_wconf 89' lang='lat' dir='ltr'><strong>qua</strong></span> <span class='ocrx_word' id='word_1_517' title='bbox 2076 4680 2284 4736; x_wconf 91' lang='lat' dir='ltr'><strong>manserunt</strong></span> <span class='ocrx_word' id='word_1_518' title='bbox 2306 4666 2365 4736; x_wconf 90' lang='lat' dir='ltr'><strong>lux</strong></span> <span class='ocrx_word' id='word_1_519' title='bbox 2389 4688 2494 4747; x_wconf 79' lang='lat' dir='ltr'><strong>verae</strong></span> 
     </span>
     <span class='ocr_line' id='line_1_42' title="bbox 482 4765 2493 4870; baseline -0.013 -17"><span class='ocrx_word' id='word_1_520' title='bbox 482 4784 573 4854; x_wconf 89' lang='lat' dir='ltr'><strong>simo</strong></span> <span class='ocrx_word' id='word_1_521' title='bbox 596 4782 756 4870; x_wconf 89' lang='lat' dir='ltr'><strong>septimo.</strong></span> <span class='ocrx_word' id='word_1_522' title='bbox 824 4771 970 4840; x_wconf 82' lang='lat' dir='ltr'><strong>initium</strong></span> <span class='ocrx_word' id='word_1_523' title='bbox 994 4771 1088 4839; x_wconf 83' lang='lat' dir='ltr'><strong>enirn</strong></span> <span class='ocrx_word' id='word_1_524' title='bbox 1113 4768 1211 4856; x_wconf 87' lang='lat' dir='ltr'><strong>regni</strong></span> <span class='ocrx_word' id='word_1_525' title='bbox 1233 4765 1387 4838; x_wconf 89' lang='lat' dir='ltr'><strong>Herodis</strong></span> <span class='ocrx_word' id='word_1_526' title='bbox 1417 4769 1463 4838; x_wconf 91' lang='lat' dir='ltr'><strong>ab</strong></span> <span class='ocrx_word' id='word_1_527' title='bbox 1514 4769 1696 4840; x_wconf 88' lang='lat' dir='ltr'><strong>doctrinae</strong></span> <span class='ocrx_word' id='word_1_528' title='bbox 1713 4772 1756 4838; x_wconf 93' lang='lat' dir='ltr'><strong>de</strong></span> <span class='ocrx_word' id='word_1_529' title='bbox 1770 4768 1846 4840; x_wconf 87' lang='lat' dir='ltr'><strong>Deo</strong></span> <span class='ocrx_word' id='word_1_530' title='bbox 1862 4773 1955 4841; x_wconf 86' lang='lat' dir='ltr'><strong>etde</strong></span> <span class='ocrx_word' id='word_1_531' title='bbox 1971 4770 2044 4838; x_wconf 89' lang='lat' dir='ltr'><strong>filio</strong></span> <span class='ocrx_word' id='word_1_532' title='bbox 2058 4766 2146 4847; x_wconf 85' lang='lat' dir='ltr'><strong>Dei,</strong></span> <span class='ocrx_word' id='word_1_533' title='bbox 2170 4771 2214 4837; x_wconf 90' lang='lat' dir='ltr'><strong>de</strong></span> <span class='ocrx_word' id='word_1_534' title='bbox 2231 4769 2323 4857; x_wconf 89' lang='lat' dir='ltr'><strong>lege,</strong></span> <span class='ocrx_word' id='word_1_535' title='bbox 2349 4770 2392 4836; x_wconf 88' lang='lat' dir='ltr'><strong>de</strong></span> <span class='ocrx_word' id='word_1_536' title='bbox 2406 4789 2493 4857; x_wconf 86' lang='lat' dir='ltr'><strong>pro.</strong></span> 
     </span>
     <span class='ocr_line' id='line_1_43' title="bbox 480 4863 2496 4962; baseline -0.014 -8"><span class='ocrx_word' id='word_1_537' title='bbox 480 4881 550 4954; x_wconf 92' lang='lat' dir='ltr'><strong>hoc</strong></span> <span class='ocrx_word' id='word_1_538' title='bbox 567 4902 661 4949; x_wconf 90' lang='lat' dir='ltr'><strong>anno</strong></span> <span class='ocrx_word' id='word_1_539' title='bbox 678 4875 849 4956; x_wconf 90' lang='lat' dir='ltr'><strong>sumitur,</strong></span> <span class='ocrx_word' id='word_1_540' title='bbox 874 4893 945 4962; x_wconf 92' lang='lat' dir='ltr'><strong>quo</strong></span> <span class='ocrx_word' id='word_1_541' title='bbox 960 4895 1053 4940; x_wconf 78' lang='lat' dir='ltr'><strong>resa</strong></span> <span class='ocrx_word' id='word_1_542' title='bbox 1072 4868 1203 4939; x_wconf 89' lang='lat' dir='ltr'><strong>Senatu</strong></span> <span class='ocrx_word' id='word_1_543' title='bbox 1218 4867 1383 4940; x_wconf 88' lang='lat' dir='ltr'><strong>Romano</strong></span> <span class='ocrx_word' id='word_1_544' title='bbox 1399 4870 1462 4937; x_wconf 91' lang='lat' dir='ltr'><strong>ad·</strong></span> <span class='ocrx_word' id='word_1_545' title='bbox 1513 4871 1680 4939; x_wconf 85' lang='lat' dir='ltr'><strong>missione</strong></span> <span class='ocrx_word' id='word_1_546' title='bbox 1702 4873 1853 4960; x_wconf 88' lang='lat' dir='ltr'><strong>gratiae,</strong></span> <span class='ocrx_word' id='word_1_547' title='bbox 1880 4875 1924 4941; x_wconf 91' lang='lat' dir='ltr'><strong>dc</strong></span> <span class='ocrx_word' id='word_1_548' title='bbox 1949 4872 2039 4938; x_wconf 80' lang='lat' dir='ltr'><strong>veris</strong></span> <span class='ocrx_word' id='word_1_549' title='bbox 2062 4871 2236 4945; x_wconf 80' lang='lat' dir='ltr'><strong>rubibus,</strong></span> <span class='ocrx_word' id='word_1_550' title='bbox 2271 4884 2302 4937; x_wconf 86' lang='lat' dir='ltr'><strong>et</strong></span> <span class='ocrx_word' id='word_1_551' title='bbox 2329 4891 2407 4934; x_wconf 74' lang='lat' dir='ltr'><strong>vera</strong></span> <span class='ocrx_word' id='word_1_552' title='bbox 2423 4863 2496 4933; x_wconf 73' lang='lat' dir='ltr'><strong>Dei</strong></span> 
     </span>
     <span class='ocr_line' id='line_1_44' title="bbox 480 4966 2498 5077; baseline -0.009 -22"><span class='ocrx_word' id='word_1_553' title='bbox 480 4983 631 5077; x_wconf 85' lang='lat' dir='ltr'><strong>peilatus</strong></span> <span class='ocrx_word' id='word_1_554' title='bbox 643 4989 704 5047; x_wconf 90' lang='lat' dir='ltr'><strong>est.</strong></span> <span class='ocrx_word' id='word_1_555' title='bbox 755 4974 891 5044; x_wconf 85' lang='lat' dir='ltr'><strong>Interea</strong></span> <span class='ocrx_word' id='word_1_556' title='bbox 910 4968 1090 5040; x_wconf 85' lang='lat' dir='ltr'><strong>inludaca</strong></span> <span class='ocrx_word' id='word_1_557' title='bbox 1111 4985 1231 5061; x_wconf 90' lang='lat' dir='ltr'><strong>regnat</strong></span> <span class='ocrx_word' id='word_1_558' title='bbox 1249 4971 1462 5060; x_wconf 88' lang='lat' dir='ltr'><strong>Antigonus,</strong></span> <span class='ocrx_word' id='word_1_559' title='bbox 1513 4971 1707 5056; x_wconf 87' lang='lat' dir='ltr'><strong>invocatio,</strong></span> <span class='ocrx_word' id='word_1_560' title='bbox 1734 4987 1769 5043; x_wconf 90' lang='lat' dir='ltr'><strong>et</strong></span> <span class='ocrx_word' id='word_1_561' title='bbox 1790 4974 1892 5043; x_wconf 89' lang='lat' dir='ltr'><strong>initia</strong></span> <span class='ocrx_word' id='word_1_562' title='bbox 1915 4973 2038 5044; x_wconf 87' lang='lat' dir='ltr'><strong>salutis</strong></span> <span class='ocrx_word' id='word_1_563' title='bbox 2063 4986 2243 5054; x_wconf 89' lang='lat' dir='ltr'><strong>aeternae,</strong></span> <span class='ocrx_word' id='word_1_564' title='bbox 2275 4966 2498 5039; x_wconf 83' lang='lat' dir='ltr'><strong>seilicetZa·</strong></span> 
     </span>
     <span class='ocr_line' id='line_1_45' title="bbox 481 5066 2495 5169; baseline -0.01 -13"><span class='ocrx_word' id='word_1_565' title='bbox 481 5099 515 5156; x_wconf 90' lang='lat' dir='ltr'><strong>et</strong></span> <span class='ocrx_word' id='word_1_566' title='bbox 537 5102 682 5169; x_wconf 89' lang='lat' dir='ltr'><strong>regnum</strong></span> <span class='ocrx_word' id='word_1_567' title='bbox 699 5099 811 5145; x_wconf 90' lang='lat' dir='ltr'><strong>anuos</strong></span> <span class='ocrx_word' id='word_1_568' title='bbox 833 5075 992 5168; x_wconf 91' lang='lat' dir='ltr'><strong>quinque</strong></span> <span class='ocrx_word' id='word_1_569' title='bbox 1009 5072 1135 5146; x_wconf 89' lang='lat' dir='ltr'><strong>tenuit.</strong></span> <span class='ocrx_word' id='word_1_570' title='bbox 1187 5074 1256 5145; x_wconf 90' lang='lat' dir='ltr'><strong>Sed</strong></span> <span class='ocrx_word' id='word_1_571' title='bbox 1284 5071 1376 5143; x_wconf 87' lang='lat' dir='ltr'><strong>inter</strong></span> <span class='ocrx_word' id='word_1_572' title='bbox 1398 5073 1462 5140; x_wconf 91' lang='lat' dir='ltr'><strong>ad·</strong></span> <span class='ocrx_word' id='word_1_573' title='bbox 1513 5066 1669 5159; x_wconf 88' lang='lat' dir='ltr'><strong>charias,</strong></span> <span class='ocrx_word' id='word_1_574' title='bbox 1708 5071 1888 5159; x_wconf 86' lang='lat' dir='ltr'><strong>Elisabct,</strong></span> <span class='ocrx_word' id='word_1_575' title='bbox 1934 5074 2101 5153; x_wconf 87' lang='lat' dir='ltr'><strong>Simeon,</strong></span> <span class='ocrx_word' id='word_1_576' title='bbox 2149 5085 2309 5163; x_wconf 88' lang='lat' dir='ltr'><strong>parentes</strong></span> <span class='ocrx_word' id='word_1_577' title='bbox 2343 5069 2495 5150; x_wconf 88' lang='lat' dir='ltr'><strong>Mariae,</strong></span> 
     </span>
     <span class='ocr_line' id='line_1_46' title="bbox 481 5162 2494 5267; baseline -0.012 -10"><span class='ocrx_word' id='word_1_578' title='bbox 481 5188 582 5258; x_wconf 87' lang='lat' dir='ltr'><strong>sidua</strong></span> <span class='ocrx_word' id='word_1_579' title='bbox 607 5177 719 5260; x_wconf 91' lang='lat' dir='ltr'><strong>bella,</strong></span> <span class='ocrx_word' id='word_1_580' title='bbox 754 5192 789 5247; x_wconf 89' lang='lat' dir='ltr'><strong>et</strong></span> <span class='ocrx_word' id='word_1_581' title='bbox 806 5177 899 5246; x_wconf 89' lang='lat' dir='ltr'><strong>inter</strong></span> <span class='ocrx_word' id='word_1_582' title='bbox 920 5190 1036 5246; x_wconf 86' lang='lat' dir='ltr'><strong>tantas</strong></span> <span class='ocrx_word' id='word_1_583' title='bbox 1060 5172 1276 5267; x_wconf 85' lang='lat' dir='ltr'><strong>vastationes</strong></span> <span class='ocrx_word' id='word_1_584' title='bbox 1298 5189 1332 5246; x_wconf 90' lang='lat' dir='ltr'><strong>et</strong></span> <span class='ocrx_word' id='word_1_585' title='bbox 1357 5186 1462 5263; x_wconf 91' lang='lat' dir='ltr'><strong>petu-</strong></span> <span class='ocrx_word' id='word_1_586' title='bbox 1513 5162 1636 5244; x_wconf 71' lang='lat' dir='ltr'><strong>Maria&#39;</strong></span> <span class='ocrx_word' id='word_1_587' title='bbox 1657 5177 1774 5267; x_wconf 89' lang='lat' dir='ltr'><strong>virgo,</strong></span> <span class='ocrx_word' id='word_1_588' title='bbox 1813 5199 1913 5248; x_wconf 87' lang='lat' dir='ltr'><strong>soror</strong></span> <span class='ocrx_word' id='word_1_589' title='bbox 1943 5176 2038 5260; x_wconf 88' lang='lat' dir='ltr'><strong>eius,</strong></span> <span class='ocrx_word' id='word_1_590' title='bbox 2070 5189 2105 5247; x_wconf 90' lang='lat' dir='ltr'><strong>et</strong></span> <span class='ocrx_word' id='word_1_591' title='bbox 2129 5187 2248 5244; x_wconf 87' lang='lat' dir='ltr'><strong>coetus</strong></span> <span class='ocrx_word' id='word_1_592' title='bbox 2274 5173 2336 5265; x_wconf 91' lang='lat' dir='ltr'><strong>qui</strong></span> <span class='ocrx_word' id='word_1_593' title='bbox 2362 5167 2494 5241; x_wconf 80' lang='lat' dir='ltr'><strong>honam</strong></span> 
     </span>
     <span class='ocr_line' id='line_1_47' title="bbox 480 5276 1995 5370; baseline -0.023 -1"><span class='ocrx_word' id='word_1_594' title='bbox 480 5284 630 5358; x_wconf 62' lang='lat' dir='ltr'><strong>lantiam</strong></span> <span class='ocrx_word' id='word_1_595' title='bbox 654 5276 828 5355; x_wconf 85' lang='lat' dir='ltr'><strong>militum,</strong></span> <span class='ocrx_word' id='word_1_596' title='bbox 866 5276 928 5367; x_wconf 91' lang='lat' dir='ltr'><strong>qui</strong></span> <span class='ocrx_word' id='word_1_597' title='bbox 958 5300 1000 5344; x_wconf 81' lang='lat' dir='ltr'><strong>ex</strong></span> <span class='ocrx_word' id='word_1_598' title='bbox 1022 5277 1273 5345; x_wconf 86' lang='lat' dir='ltr'><strong>crudelissimis</strong></span> <span class='ocrx_word' id='word_1_599' title='bbox 1297 5276 1479 5363; x_wconf 62' lang='lat' dir='ltr'><strong>gentihus„</strong></span> <span class='ocrx_word' id='word_1_600' title='bbox 1512 5277 1709 5347; x_wconf 89' lang='lat' dir='ltr'><strong>doctrinam</strong></span> <span class='ocrx_word' id='word_1_601' title='bbox 1733 5279 1995 5370; x_wconf 61' lang='lat' dir='ltr'><strong>amplexuum,</strong></span> 
     </span>
     <span class='ocr_line' id='line_1_48' title="bbox 481 5370 2497 5468; baseline -0.012 -9"><span class='ocrx_word' id='word_1_602' title='bbox 481 5383 618 5459; x_wconf 86' lang='lat' dir='ltr'><strong>collecti</strong></span> <span class='ocrx_word' id='word_1_603' title='bbox 643 5386 763 5456; x_wconf 87' lang='lat' dir='ltr'><strong>erant,</strong></span> <span class='ocrx_word' id='word_1_604' title='bbox 794 5372 951 5458; x_wconf 88' lang='lat' dir='ltr'><strong>ludaeis,</strong></span> <span class='ocrx_word' id='word_1_605' title='bbox 984 5370 1144 5453; x_wconf 88' lang='lat' dir='ltr'><strong>Parthis,</strong></span> <span class='ocrx_word' id='word_1_606' title='bbox 1170 5376 1367 5457; x_wconf 73' lang='lat' dir='ltr'><strong>Aralsibus,</strong></span> <span class='ocrx_word' id='word_1_607' title='bbox 1393 5375 1461 5468; x_wconf 92' lang='lat' dir='ltr'><strong>Sy·</strong></span> <span class='ocrx_word' id='word_1_608' title='bbox 1614 5377 1774 5450; x_wconf 89' lang='lat' dir='ltr'><strong>Sciamus</strong></span> <span class='ocrx_word' id='word_1_609' title='bbox 1788 5394 1923 5462; x_wconf 86' lang='lat' dir='ltr'><strong>autern,</strong></span> <span class='ocrx_word' id='word_1_610' title='bbox 1948 5378 2039 5447; x_wconf 90' lang='lat' dir='ltr'><strong>illud</strong></span> <span class='ocrx_word' id='word_1_611' title='bbox 2055 5389 2194 5468; x_wconf 87' lang='lat' dir='ltr'><strong>tempus</strong></span> <span class='ocrx_word' id='word_1_612' title='bbox 2213 5375 2403 5466; x_wconf 87' lang='lat' dir='ltr'><strong>imaginem</strong></span> <span class='ocrx_word' id='word_1_613' title='bbox 2419 5392 2497 5439; x_wconf 88' lang='lat' dir='ltr'><strong>csse</strong></span> 
     </span>
     <span class='ocr_line' id='line_1_49' title="bbox 480 5471 2499 5578; baseline -0.026 13"><span class='ocrx_word' id='word_1_614' title='bbox 480 5489 584 5558; x_wconf 47' lang='grc' dir='ltr'><strong>ἠθεῖ’</strong></span> <span class='ocrx_word' id='word_1_615' title='bbox 614 5496 647 5552; x_wconf 65' lang='lat'><strong>⁰²</strong></span> <span class='ocrx_word' id='word_1_616' title='bbox 675 5474 874 5578; x_wconf 63' lang='lat' dir='ltr'><strong>R⁰.¹¹⁸³¹&#39;3⁸’</strong></span> <span class='ocrx_word' id='word_1_617' title='bbox 910 5472 1061 5540; x_wconf 52' lang='lat' dir='ltr'><strong>smum</strong></span> <span class='ocrx_word' id='word_1_618' title='bbox 1095 5474 1170 5560; x_wconf 61' lang='lat'><strong>95³³</strong></span> <span class='ocrx_word' id='word_1_619' title='bbox 1197 5490 1232 5543; x_wconf 78' lang='lat'><strong>¹¹¹</strong></span> <span class='ocrx_word' id='word_1_620' title='bbox 1259 5472 1461 5560; x_wconf 81' lang='lat' dir='ltr'><strong>Zachariae,</strong></span> <span class='ocrx_word' id='word_1_621' title='bbox 1511 5471 1620 5549; x_wconf 91' lang='lat' dir='ltr'><strong>huius</strong></span> <span class='ocrx_word' id='word_1_622' title='bbox 1640 5491 1797 5550; x_wconf 84' lang='lat' dir='ltr'><strong>senectae</strong></span> <span class='ocrx_word' id='word_1_623' title='bbox 1822 5479 1969 5564; x_wconf 86' lang='lat' dir='ltr'><strong>mundi,</strong></span> <span class='ocrx_word' id='word_1_624' title='bbox 2002 5480 2040 5547; x_wconf 85' lang='lat' dir='ltr'><strong>in</strong></span> <span class='ocrx_word' id='word_1_625' title='bbox 2064 5503 2134 5571; x_wconf 77' lang='lat'><strong>(11¹⁸</strong></span> <span class='ocrx_word' id='word_1_626' title='bbox 2155 5478 2261 5549; x_wconf 88' lang='lat' dir='ltr'><strong>etiam</strong></span> <span class='ocrx_word' id='word_1_627' title='bbox 2283 5471 2499 5545; x_wconf 85' lang='lat' dir='ltr'><strong>universalis</strong></span> 
     </span>
     <span class='ocr_line' id='line_1_50' title="bbox 481 5568 2500 5686; baseline -0.029 13"><span class='ocrx_word' id='word_1_628' title='bbox 481 5584 675 5666; x_wconf 62' lang='lat' dir='ltr'><strong>Sim⁰⁰¹¹i⁸’</strong></span> <span class='ocrx_word' id='word_1_629' title='bbox 700 5586 885 5667; x_wconf 66' lang='lat' dir='ltr'><strong>pmmum</strong></span> <span class='ocrx_word' id='word_1_630' title='bbox 904 5568 1061 5686; x_wconf 59' lang='lat' dir='ltr'><strong>M³fi³⁸’</strong></span> <span class='ocrx_word' id='word_1_631' title='bbox 1087 5585 1119 5639; x_wconf 79' lang='lat'><strong>‘¹</strong></span> <span class='ocrx_word' id='word_1_632' title='bbox 1137 5573 1268 5642; x_wconf 65' lang='lat'><strong>⁸3¹”3¹‘⁸</strong></span> <span class='ocrx_word' id='word_1_633' title='bbox 1288 5592 1461 5665; x_wconf 58' lang='grc' dir='ltr'><strong>Ι)ΓοΗἮΜ</strong></span> <span class='ocrx_word' id='word_1_634' title='bbox 1510 5579 1659 5650; x_wconf 89' lang='lat' dir='ltr'><strong>mutatio</strong></span> <span class='ocrx_word' id='word_1_635' title='bbox 1673 5578 1812 5666; x_wconf 72' lang='lat' dir='ltr'><strong>teneris</strong></span> <span class='ocrx_word' id='word_1_636' title='bbox 1828 5574 1975 5652; x_wconf 88' lang='lat' dir='ltr'><strong>humani</strong></span> <span class='ocrx_word' id='word_1_637' title='bbox 1990 5582 2028 5650; x_wconf 91' lang='lat' dir='ltr'><strong>in</strong></span> <span class='ocrx_word' id='word_1_638' title='bbox 2051 5592 2240 5669; x_wconf 89' lang='lat' dir='ltr'><strong>conspectu</strong></span> <span class='ocrx_word' id='word_1_639' title='bbox 2264 5595 2327 5649; x_wconf 86' lang='lat' dir='ltr'><strong>est.</strong></span> <span class='ocrx_word' id='word_1_640' title='bbox 2378 5573 2500 5645; x_wconf 81' lang='lat' dir='ltr'><strong>Latis-</strong></span> 
     </span>
     <span class='ocr_line' id='line_1_51' title="bbox 384 5672 2502 5772; baseline 0.007 -47"><span class='ocrx_word' id='word_1_641' title='bbox 384 5720 386 5725; x_wconf 89' lang='lat'><strong>.</strong></span> <span class='ocrx_word' id='word_1_642' title='bbox 480 5698 515 5753; x_wconf 89' lang='lat' dir='ltr'><strong>et</strong></span> <span class='ocrx_word' id='word_1_643' title='bbox 534 5699 686 5757; x_wconf 81' lang='lat' dir='ltr'><strong>servatas</strong></span> <span class='ocrx_word' id='word_1_644' title='bbox 710 5700 783 5749; x_wconf 83' lang='lat' dir='ltr'><strong>csse</strong></span> <span class='ocrx_word' id='word_1_645' title='bbox 809 5673 912 5744; x_wconf 84' lang='lat' dir='ltr'><strong>valde</strong></span> <span class='ocrx_word' id='word_1_646' title='bbox 935 5692 1064 5739; x_wconf 74' lang='lat' dir='ltr'><strong>mirum</strong></span> <span class='ocrx_word' id='word_1_647' title='bbox 1087 5688 1149 5747; x_wconf 86' lang='lat' dir='ltr'><strong>est.</strong></span> <span class='ocrx_word' id='word_1_648' title='bbox 1216 5674 1347 5747; x_wconf 70' lang='lat' dir='ltr'><strong>Verum</strong></span> <span class='ocrx_word' id='word_1_649' title='bbox 1375 5672 1460 5747; x_wconf 87' lang='lat' dir='ltr'><strong>haec</strong></span> <span class='ocrx_word' id='word_1_650' title='bbox 1478 5714 1488 5772; x_wconf 41' lang='grc' dir='ltr'><strong>ι·</strong></span> <span class='ocrx_word' id='word_1_651' title='bbox 1509 5677 1597 5751; x_wconf 89' lang='lat' dir='ltr'><strong>sime</strong></span> <span class='ocrx_word' id='word_1_652' title='bbox 1618 5688 1765 5766; x_wconf 84' lang='lat' dir='ltr'><strong>vagatur</strong></span> <span class='ocrx_word' id='word_1_653' title='bbox 1785 5680 1947 5755; x_wconf 86' lang='lat' dir='ltr'><strong>doctrina</strong></span> <span class='ocrx_word' id='word_1_654' title='bbox 1964 5675 2227 5754; x_wconf 83' lang='lat' dir='ltr'><strong>Monacborum</strong></span> <span class='ocrx_word' id='word_1_655' title='bbox 2246 5692 2279 5750; x_wconf 91' lang='lat' dir='ltr'><strong>et</strong></span> <span class='ocrx_word' id='word_1_656' title='bbox 2293 5678 2429 5769; x_wconf 91' lang='lat' dir='ltr'><strong>Papae,</strong></span> <span class='ocrx_word' id='word_1_657' title='bbox 2457 5686 2502 5747; x_wconf 91' lang='lat' dir='ltr'><strong>ut</strong></span> 
     </span>
    </p>
   </div>
   <div class='ocr_carea' id='block_1_3' title="bbox 0 0 3028 6772">
    <p class='ocr_par' dir='ltr' id='par_1_3' title="bbox 0 0 3028 6772">
     <span class='ocr_line' id='line_1_52' title="bbox 0 0 3028 6772; baseline 0 0"><span class='ocrx_word' id='word_1_658' title='bbox 0 0 3028 6772; x_wconf 95' lang='lat' dir='ltr'><strong> </strong></span> 
     </span>
    </p>
   </div>
  </div>
 </body>
</html>
