6025 6775
504 718 575 790 601
1133 706 1394 782 PHlLll‘Pl
1424 702 1880 784 MELANTHONIS.
2458 711 2534 790 602

503 891 570 961 bus
586 908 623 957 se
638 887 890 972 communicet,
916 884 1003 955 etin
1020 881 1150 974 quibus
1164 882 1323 964 sualua,
1351 882 1493 976 sapien·
1544 878 1649 971 Quos
1665 881 1788 973 elegit,
1813 876 1879 951 hos
1899 893 1932 951 et
1954 878 2102 950 vocavit.
2153 873 2203 950 Et
2219 881 2425 950 mandatum
2443 884 2536 954 divi·

503 993 554 1063 tia
580 1003 615 1059 ει
635 988 774 1059 iusticia
790 989 945 1077 fulgeant
958 984 1044 1053 siue
1068 982 1148 1057 fine.
1543 1006 1630 1054 num
1656 998 1725 1068 est,
1750 996 1790 1056 ut
1814 1006 1851 1054 se
1874 1004 1996 1054 omnes
2018 974 2184 1050 homiues
2205 983 2248 1051 ad
2276 1005 2395 1052 veram
2411 979 2536 1053 Eccle—

608 1091 644 1161 8.
689 1087 763 1160 Has
788 1086 1035 1180 patefactioues
1063 1085 1143 1156 vult
1168 1083 1359 1176 praecipue
1380 1083 1492 1177 aspici
1542 1086 1629 1155 siam
1663 1087 1878 1178 adiungam,
1919 1087 2014 1155 iuxta
2039 1076 2259 1170 hacc‘dicta,
2291 1082 2433 1154 Psalmo
2456 1084 2534 1175 zib:

506 1195 602 1265 Deus
627 1203 662 1261 et
685 1189 800 1260 audiri
824 1210 925 1258 suam
948 1209 1094 1270 vocem,
1118 1186 1219 1258 iuxta
1236 1186 1347 1258 dicta:
1373 1183 1491 1257 Deum
1542 1184 1665 1260 Unum
1687 1184 1755 1259 hoc
1771 1188 1858 1283 petii
1875 1213 1894 1256 a
1912 1185 2092 1268 Domino,
2114 1177 2181 1254 hoc
2193 1186 2395 1280 requiram,
2420 1201 2459 1257 ut
2476 1179 2536 1256 in·¹

505 1319 611 1366 nemo
627 1292 715 1360 vidit
731 1312 906 1382 iniquam,
932 1285 1139 1378 unigenitus
1165 1287 1282 1373 tilius,
1306 1287 1370 1381 qui
1385 1289 1491 1360 estin
1541 1284 1698 1362 habitem
1721 1292 1761 1361 in
1787 1294 1895 1362 domo
1920 1287 2071 1360 Domini
2093 1288 2261 1358 omuibus
2291 1287 2416 1358 diebus
2440 1289 2533 1361 vitae

505 1398 586 1467 sinu
611 1392 736 1483 patris,
760 1392 835 1481 ipse
858 1389 1048 1459 enarravit.
1103 1385 1210 1460 Item:
1243 1388 1405 1462 Lucerna
1426 1415 1490 1483 pe·
1539 1416 1657 1476 meae,
1683 1408 1724 1465 ut
1740 1393 1879 1463 videam
1903 1392 2121 1461 voluntatem
2138 1389 2312 1470 Domini,
2340 1404 2374 1460 et
2392 1392 2531 1463 visitem

504 1500 608 1568 dibus
625 1489 710 1561 meis
728 1492 1002 1606 qerbumtuum.
1037 1487 1143 1560 Item:
1169 1486 1488 1586 Postquachum
1539 1495 1712 1587 templum
1744 1497 1830 1568 eius.
1882 1489 1930 1564 Et
1954 1491 2083 1564 Psalm.
2106 1489 2189 1565 25.:
2229 1486 2309 1561 Odi
2333 1486 2529 1562 Ecclesiam

502 1601 540 1669 in
560 1593 732 1686 sapientia
756 1616 831 1662 non
855 1594 958 1663 novit
980 1591 1139 1664 mundus
1171 1614 1235 1681 per
1263 1592 1490 1684 sapientiam,
1539 1594 1824 1685 malignantium,
1850 1609 1884 1666 ει
1899 1592 2115 1685 cumimpiis
2129 1616 2203 1662 uon
2219 1595 2365 1664 sedebo.
2392 1592 2524 1667 Psalm.

502 1696 636 1793 placuit
648 1693 726 1767 Deo
744 1718 808 1787 per
822 1696 965 1767 stultam
982 1693 1280 1785 praedicationem
1303 1696 1420 1765 salvos
1433 1696 1488 1765 fa·
1539 1695 1616 1770 aa:
1655 1694 1758 1769 Beati
1788 1697 1851 1792 qui
1880 1691 2043 1767 habitant
2074 1695 2114 1764 in
2143 1698 2250 1776 domo
2277 1706 2337 1782 tua
2360 1693 2525 1768 Domine.

500 1823 578 1874 cere
594 1799 789 1870 credentes.
898 1848 901 1852 -
1538 1797 1668 1869 Psalm.
1686 1800 1787 1872 102:
1815 1798 1968 1878 Plantati
1990 1799 2030 1868 in
2052 1798 2159 1868 dumo
2175 1793 2343 1882 Domini,
2371 1798 2407 1866 in
2425 1798 2525 1869 atriis

606 1900 643 1972 t.
678 1897 860 1992 ltaqnene
874 1908 987 1966 toturn
1004 1918 1116 1985 genus
1132 1891 1330 1970 humanum
1345 1898 1487 1989 periret,
1538 1901 1664 1971 domus
1678 1897 1747 1970 Dei
1761 1899 1875 1969 nostri
1889 1899 2081 1972 florebunt.
2174 1951 2177 1958 ,

502 2003 630 2074 misius
644 2014 696 2072 est
712 2001 805 2069 filius
819 1998 900 2078 Dei,
926 1995 988 2089 qui
1005 1998 1100 2071 edita
1115 1999 1351 2089 promissione
1365 1995 1488 2070 Evan-
1636 2003 1677 2088 9.,
1711 2001 1761 2076 Ut
1783 2002 1892 2092 igitur
1914 2000 2108 2094 adiungere
2128 2023 2165 2070 se
2186 1999 2318 2089 singuli
2341 2003 2386 2070 ad
2401 2023 2522 2094 veram

503 2104 585 2196 gelii
607 2103 724 2175 statim
746 2114 824 2191 post
846 2099 983 2188 lapsum
1006 2099 1098 2190 cepit
1113 2100 1279 2190 colligere
1293 2097 1490 2176 Ecclesiam
1536 2099 1732 2174 Ecclesiam
1755 2103 1909 2195 possint,
1935 2102 2034 2192 signa
2059 2100 2295 2173 discernentia
2315 2125 2392 2170 eam
2408 2127 2427 2171 a
2444 2125 2523 2172 cae·

501 2229 614 2278 suam.
666 2199 714 2276 Et
730 2198 822 2272 hanc
836 2201 1001 2288 deinceps
1014 2201 1225 2271 mirabiliter
1239 2203 1333 2272 inter
1347 2203 1487 2272 Diaho·
1536 2206 1620 2274 teris
1635 2207 1921 2291 considerentur,
1944 2227 2034 2298 quae
2047 2205 2162 2287 sunt,'
2175 2227 2244 2273 vox
2260 2199 2450 2294 Evangelii
2464 2203 2521 2273 in-

503 2309 620 2378 locum
644 2317 679 2375 ct
701 2300 889 2376 homiuum
910 2301 1069 2388 furores,
1093 2316 1127 2371 et
1144 2302 1238 2372 inter
1252 2305 1485 2396 imperiorum
1535 2320 1719 2396 corrupta,
1739 2307 1917 2398 legitimus
1932 2329 2015 2377 usus
2030 2304 2361 2390 sacramentorum,
2386 2317 2421 2376 et
2436 2307 2521 2377 obe-

502 2407 692 2493 tumultus,
716 2403 886 2489 servavit,
911 2414 945 2473 et
959 2424 1063 2492 saepe
1083 2416 1300 2475 attenuatam
1322 2406 1485 2490 restituit,
1534 2408 1809 2501 dientiapopuli
1822 2431 1903 2498 erga
1920 2406 2157 2484 ministerium
2166 2401 2365 2496 Evangelii,
2391 2409 2522 2502 deque

502 2507 711 2582 et'servabit
732 2507 772 2576 in
796 2503 862 2576 hac
877 2504 1020 2573 mortali
1031 2504 1122 2586 vita,
1149 2507 1263 2576 douec
1277 2509 1483 2577 universam
1535 2508 1667 2580 Paulus
1681 2511 1816 2601 inquit:
1842 2508 1924 2580 Nou
1943 2509 2123 2580 sintinter
2139 2531 2202 2577 vos
2216 2503 2416 2583 schismata.

501 2623 582 2704 post
602 2609 901 2680 resuscitationem
925 2630 966 2674 ex
986 2619 1104 2678 morte
1130 2608 1312 2679 collectam
1338 2609 1483 2680 ornabit
1637 2612 1696 2686 10.
1726 2609 1800 2684 Nec
1824 2615 1955 2704 pendet
1967 2607 2164 2682 Ecclesias
2186 2610 2406 2682 successione
2420 2611 2519 2681 ordi-

499 2725 642 2790 aeterua
655 2711 787 2802 gloria,
813 2709 959 2780 tradens
971 2728 1120 2796 regnum
1136 2709 1216 2780 Deo
1231 2711 1343 2799 patri,
1368 2713 1404 2780 id
1421 2725 1484 2791 est,
1533 2714 1635 2784 naria
1646 2710 1927 2807 Episcopomm,
1949 2715 2010 2784 sed
2027 2733 2166 2784 necesse
2180 2724 2233 2783 εει
2247 2713 2403 2803 regulam
2418 2726 2519 2783 tene-

499 2837 573 2886 uon
595 2813 667 2884 iarn
691 2833 844 2901 regnans
868 2833 931 2899 per
940 2809 1177 2894 ministerium
1191 2807 1398 2900 Evangelii,
1421 2814 1480 2882 sed
1535 2813 1583 2883 ri:
1607 2814 1646 2885 Si
1662 2816 1742 2907 quis
1756 2817 1854 2904 aliud
1869 2812 2106 2904 Evangelium
2121 2816 2235 2899 docet,
2261 2810 2450 2884 anathema
2464 2815 2519 2888 sit.
2609 2867 2611 2872 -

498 2939 617 2990 curam
641 2915 833 2986 ostendeus
853 2926 1008 3004 patrem,
1030 2911 1096 3004 qui
1119 2913 1324 2984 immediate
1340 2914 1482 3005 conspi·
1533 2912 1696 3007 Cumque
1718 2917 1942 2988 manifestum
1966 2917 2029 3000 sit,
2068 2911 2276 2986 Romanurn
2300 2911 2518 3006 Episcopum

501 3019 636 3102 cietur,
661 3031 697 3090 et
716 3015 784 3100 erit
806 3014 928 3084 omnia
949 3011 988 3080 iu
1007 3014 1193 3096 omnibus,
1218 3015 1254 3086 id
1273 3029 1341 3101 est,
1367 3015 1484 3084 vivili-
1534 3030 1569 3088 et
1585 3011 1782 3108 Episcopus
1799 3042 1879 3088 curu
1898 3042 1939 3088 co
1954 3017 2165 3088 coniunctos
2186 3015 2415 3106 pertinaciter
2433 3039 2518 3109 pro-

498 3119 593 3194 cabis
616 3140 676 3188 eos
699 3129 842 3189 aeterna
863 3116 956 3201 vita,
978 3127 1014 3196 et
1031 3117 1181 3189 donabit
1196 3116 1247 3186 eis
1263 3118 1399 3200 lucem,
1425 3141 1483 3190 sa-
1535 3141 1691 3211 pugnare
1711 3119 1806 3191 idola
1833 3133 1867 3198 et
1891 3119 2038 3211 impiam
2059 3117 2277 3200 doctrinam,
2300 3129 2335 3186 ct
2356 3117 2401 3186 ad
2426 3112 2531 3188 hanc‘

499 3219 686 3312 pientiam,
709 3219 906 3303 iusticiam,
931 3217 1108 3312 quaeerit
1127 3219 1204 3290 sine
1228 3233 1382 3310 peccato.
1535 3220 1765 3312 pertinaciam
1786 3221 1917 3291 addere
1937 3219 2142 3304 saevitiam,
2173 3239 2314 3288 necesse
2336 3233 2388 3290 est
2402 3220 2449 3290 ab
2467 3219 2517 3288 e'is

600 3317 638 3397 5.
670 3320 764 3395 Cum
787 3336 906 3394 autem
926 3321 971 3391 de
985 3313 1167 3406 Ecclesia,
1190 3345 1281 3414 quae
1305 3323 1485 3413 colligitur
1534 3323 1721 3395 dissentire
1738 3337 1772 3396 et
1787 3323 1973 3394 ostendere
1991 3345 2110 3393 veram
2132 3318 2401 3395 contessionem.

498 3429 538 3497 in
560 3421 627 3497 hac
650 3424 740 3515 vitu,
775 3422 976 3517 loquimur,
1016 3446 1091 3493 nou
1111 3424 1348 3515 imaginamur
1368 3425 1482 3495 ideam
1637 3426 1696 3497 11.
1723 3424 1796 3497 Nec
1813 3425 2010 3496 similitudo
2032 3425 2186 3509 rituum,
2210 3421 2272 3515 qui
2289 3424 2335 3493 ab
2356 3418 2516 3493 humini-

498 3526 736 3610 Platonicam,
768 3528 829 3595 sed
850 3526 1078 3595 nominamub
1099 3521 1315 3611 Ecclesiam,
1339 3551 1428 3620 quae
1450 3540 1485 3598 et
1533 3530 1600 3599 bus
1613 3527 1769 3599 instituti
1785 3541 1886 3612 sunt,
1910 3530 1954 3598 ad
1973 3527 2145 3598 unitatem
2158 3520 2337 3595 Ecclesiae
2354 3547 2517 3596 necessa-

501 3626 661 3699 exsudiri
675 3640 788 3719 potest
804 3628 843 3697 in
862 3649 988 3718 genere
1004 3621 1180 3713 humano,
1205 3641 1240 3697 ει
1255 3630 1424 3720 conspici,
1450 3643 1484 3701 et
1532 3630 1585 3701 ria
1601 3644 1670 3712 εει,
1696 3630 1795 3702 iuxta
1811 3630 1944 3701 dictum
1963 3632 2008 3699 ad
2025 3624 2163 3700 Colos.:
2196 3626 2315 3697 Nemo
2330 3649 2393 3697 vos
2418 3625 2514 3696 iudi·

500 3725 654 3799 discerni
672 3730 719 3801 ab
738 3730 902 3801 omnibus
916 3729 997 3798 aliis
1011 3729 1176 3818 gentibus
1192 3744 1227 3802 ct
1238 3731 1359 3817 sectis,
1384 3732 1480 3806 iuxta
1532 3745 1586 3803 cet
1601 3733 1639 3801 in
1660 3732 1739 3813 cibo
1756 3747 1818 3807 aut
1835 3747 1941 3825 potu,
1965 3744 2029 3802 aut¹
2042 3745 2143 3823 parte
2157 3729 2229 3798 diei
2244 3730 2323 3800 festi
2336 3742 2404 3800 etc.

498 3831 651 3901 dictum:
677 3828 876 3903 lnomuem
891 3844 1022 3917 terram
1037 3833 1144 3904 exivit
1167 3856 1275 3903 sonus
1290 3857 1426 3904 eurum.
1634 3835 1692 3908 12.
1721 3832 1819 3906 Haec
1833 3848 1905 3905 tota
1922 3834 2084 3905 doctrina
2106 3833 2150 3901 de
2165 3826 2321 3903 Ecclesia
2336 3853 2439 3923 saepe
2456 3855 2517 3900 co·

601 3935 635 4007 6·
667 3926 843 4005 Exaudiri
857 3947 890 4004 et
906 3934 1063 4023 conspici
1078 3931 1235 4004 Ecclesia
1258 3935 1376 4025 potuit
1397 3952 1482 4007 tunc
1531 3935 1674 4027 gitanda
1689 3951 1752 4023 est,
1775 3936 1979 4031 pracsertim
1996 3961 2075 4007 cum
2092 3933 2346 4003 confessionem
2363 3934 2401 4003 in
2419 3955 2515 4027 sym-

497 4060 656 4130 qunque,
682 4060 763 4109 cum
778 4036 945 4127 dissipata
961 4050 996 4107 et
1010 4035 1133 4126 exigua
1148 4049 1256 4121 esset,
1282 4052 1316 4106 et
1336 4062 1411 4107 non
1427 4061 1482 4107 es-
1533 4040 1614 4108 bolo
1648 4064 1766 4109 coram
1802 4036 1876 4110 Deo
1911 4050 1946 4108 ct
1978 4060 2098 4106 coram
2119 4030 2278 4105 Ecclesia
2309 4036 2513 4105 recitamus:

495 4150 546 4219 tet
567 4138 719 4229 irnperio
741 4138 1103 4210 distinctaacaeteris
1127 4138 1311 4228 gentibus,
1335 4153 1374 4215 ut
1400 4164 1479 4233 cum
1530 4141 1646 4214 Credo
1669 4163 1743 4210 esse
1767 4152 1922 4207 sanctam
1945 4133 2140 4207 Ecclesiam
2167 4131 2396 4221 catholicam,
2430 4158 2514 4203 san·

496 4234 696 4328 Abraham,
723 4236 837 4325 lsaac,
863 4238 969 4310 lacub
985 4257 1200 4329 vagarentur
1222 4242 1260 4311 in
1285 4240 1422 4324 exiliis,
1448 4255 1482 4311 et
1531 4255 1668 4311 ctorum
1684 4238 1985 4312 communionem.
2035 4236 2106 4307 Hic
2129 4238 2324 4308 consolatio
2344 4249 2516 4319 teneatur,

496 4355 614 4431 postea
630 4368 711 4411 cum
728 4341 852 4414 ludaei
868 4340 1029 4423 dissipati
1043 4343 1227 4413 erularent
1247 4344 1285 4411 iu
1303 4336 1480 4413 Chaldaea
1531 4345 1636 4434 quod'
1651 4354 1785 4412 certum
1809 4357 1860 4413 est
1883 4362 1957 4410 esse
1979 4351 2019 4410 ει.
2035 4339 2168 4410 servari
2181 4335 2376 4410 Ecclesiam
2400 4361 2419 4406 a
2438 4338 2511 4407 filio

495 4452 530 4507 et
544 4438 685 4528 Persia,
710 4446 794 4518 item
812 4468 894 4516 cum
909 4439 1036 4533 inipso
1054 4441 1183 4513 ludaea
1200 4457 1389 4532 regnarent
1410 4444 1480 4514 im·
1530 4444 1621 4541 Dei,
1645 4457 1681 4514 et
1704 4444 1864 4515 doctrina
1888 4441 2151 4527 consideretur,
2176 4441 2327 4535 quaesit
2342 4438 2513 4520 Ecclesia,

497 4538 545 4630 pii
561 4536 766 4619 Sacerdotes
785 4562 819 4618 ct
840 4540 1035 4617 Pharisaei.
1083 4540 1200 4615 Erant
1222 4545 1318 4614 enim
1340 4545 1481 4640 aliquae
1530 4561 1564 4619 et
1587 4546 1871 4638 circumspiciant
1895 4558 2029 4616 mentes
2049 4557 2156 4637 atque
2177 4542 2272 4614 oculi
2296 4542 2357 4613 ubi
2383 4542 2447 4627 sit,
2472 4556 2514 4612 ut

497 4639 669 4733 reliquiae
697 4671 777 4717 vera
802 4647 979 4733 Ecclesia,
1013 4659 1053 4717 ut
1076 4642 1285 4731 Zacharias,
1322 4644 1480 4734 Simeon,
1530 4665 1564 4721 te
1579 4673 1656 4719 earn
1673 4649 1846 4740 adiungas
1861 4646 2081 4720 confessione
2102 4659 2136 4717 et
2151 4645 2400 4730 invocatione,
2423 4644 2514 4717 sicut

498 4737 643 4831 loseph,
669 4742 871 4832 Elisabeth,
899 4748 1037 4836 Maria,
1064 4773 1168 4820 soror
1184 4749 1323 4821 Mariae
1334 4747 1480 4836 Henna,
1528 4752 1660 4823 dicitur
1690 4752 1728 4821 iu
1752 4750 1894 4822 Psalmo
1920 4747 2020 4826 ten:
2055 4748 2153 4820 Laus
2185 4748 2262 4819 eius
2293 4748 2339 4819 iu.
2354 4744 2513 4818 Ecclesia

496 4843 615 4911 etalii
644 4849 770 4934 multi,
809 4854 870 4945 qui
902 4848 1030 4925 horum
1060 4851 1259 4923 doctrinam
1288 4853 1476 4944 amplecte·
1527 4867 1742 4929 sanctorum.
2045 4888 2050 4901 ·

493 4940 637 5015 bflnlffl'·
954 4942 958 4951 ¹
1402 4990 1408 5003 ·
1628 4952 1754 5026 Edidit
1771 4953 2033 5025 Stenkeieldius
2046 4953 2195 5044 scripta,
2218 4952 2257 5021 in
2273 4952 2405 5045 quibus
2418 4966 2515 5023 atro·

597 5043 633 5119 7.
659 5044 724 5121 Est
739 5050 1018 5142 igitur-Ecclesia
1040 5054 1194 5125 visibilis
1218 5069 1338 5127 coetus
1354 5056 1480 5127 visibi·
1529 5056 1668 5129 cissime
1692 5069 1832 5127 accusat
1855 5070 1889 5124 et
1916 5057 2103 5147 papisticus
2120 5067 2259 5139 coetus,
2284 5067 2319 5125 et
2336 5050 2512 5125 Ecclesias

495 5145 540 5213 lis
553 5147 843 5236 amplectentium
860 5150 1185 5247 Evangelium'sine
1202 5158 1422 5246 corruptelis,
1445 5170 1480 5228 et
1528 5172 1687 5242 nostras,
1712 5171 1747 5229 et
1769 5180 1849 5226 cum
1875 5156 1951 5247 ipse
1975 5157 2072 5227 velut
2088 5168 2199 5226 tectus
2218 5155 2292 5225 orci
2309 5158 2406 5246 galea
2428 5151 2515 5225 haec

493 5260 587 5317 recte
611 5254 791 5323 utentium
817 5254 1069 5345 sacramentis,
1101 5260 1140 5329 iu
1165 5285 1238 5355 quo
1259 5273 1363 5331 coetu
1384 5257 1480 5329 filius
1529 5261 1611 5332 edat
1625 5259 1781 5342 latitans,
1806 5258 1943 5327 nullam
1959 5252 2351 5345 monstrstEcclesiam,
2375 5273 2411 5330 et
2428 5259 2514 5328 falsa

492 5346 566 5419 Dei
578 5367 674 5422 certo
692 5357 812 5426 efficax
829 5370 881 5426 est
895 5379 957 5445 per
969 5360 1205 5433 ministerium
1219 5359 1426 5453 Evangelii,
1446 5375 1481 5432 et
1530 5365 1692 5451 dogmata
1711 5360 2001 5435 comminiscitur.
2054 5358 2143 5434 Cum
2166 5374 2284 5432 autem
2300 5360 2431 5432 alicubi
2447 5355 2513 5428 ho-

492 5450 625 5523 tuultos
649 5459 695 5527 ad
719 5460 829 5528 vitam
854 5470 1032 5528 aeternam
1061 5480 1262 5551 regenerat,
1304 5478 1338 5535 et
1362 5478 1480 5535 tamen
1529 5465 1644 5533 mines
1666 5464 1718 5557 pii
1738 5463 1930 5536 turbentur
1950 5463 2026 5534 eius
2049 5464 2267 5560 praestigiis,
2299 5485 2439 5533 necesse
2460 5474 2512 5531 est

491 5566 575 5625 suut
596 5554 637 5625 in
658 5584 700 5627 eo
726 5574 830 5632 coctu
845 5560 951 5631 simul
966 5561 1005 5628 in
1021 5554 1087 5629 hac
1101 5565 1172 5636 vita
1187 5566 1292 5640 multi
1308 5592 1381 5641 non
1396 5590 1480 5637 san·
1529 5569 1737 5637 confirmare
1752 5567 1830 5657 pios
1846 5567 1884 5635 in
1897 5562 2066 5636 Ecclesiis
2082 5582 2175 5638 recte
2191 5565 2381 5646 institutis,
2406 5576 2439 5632 et
2456 5586 2513 5632 re·

491 5652 559 5745 cti,
581 5660 645 5728 sed
663 5663 707 5731 de
721 5664 883 5734 doctrina
898 5663 1168 5737 consentientes.
1527 5670 1642 5741 lutare
1657 5669 1732 5741 eius
1748 5693 1896 5743 errores.

595 5759 631 5829 8.
669 5760 789 5836 Huius
822 5766 974 5837 visibilis
1003 5759 1181 5835 Ecclesiae
1212 5772 1371 5843 membra
1403 5771 1479 5840 lieri
1631 5769 1688 5847 14.
1733 5770 1783 5845 Ut
1798 5772 1829 5842 si
1854 5772 1935 5865 quis
1957 5771 2024 5845 reti
2048 5783 2173 5840 ventos
2194 5765 2318 5839 venari
2352 5780 2514 5853 conetur,

445 5922 448 5928 .
491 5870 635 5969 opertet
659 5864 699 5935 in
721 5861 788 5940 hac
810 5869 882 5943 vita
897 5890 1022 5941 omnes
1039 5864 1187 5951 electus,
1211 5866 1307 5941 iuxta
1323 5873 1477 5945 dietum:
1527 5873 1576 5947 ita
1594 5873 1633 5947 lit
1644 5875 1684 5947 in
1698 5874 1896 5949 refutandis
1910 5866 2098 5963 sophistis.
2148 5868 2296 5960 Semper
2312 5868 2515 5961 inveniunt,
