<?xml version="1.0" encoding="UTF-8"?>
<!DOCTYPE html PUBLIC "-//W3C//DTD XHTML 1.0 Transitional//EN"
    "http://www.w3.org/TR/xhtml1/DTD/xhtml1-transitional.dtd">
<html xmlns="http://www.w3.org/1999/xhtml" xml:lang="en" lang="en">
 <head>
  <title>
</title>
<meta http-equiv="Content-Type" content="text/html;charset=utf-8" />
  <meta name='ocr-system' content='tesseract 3.04.00' />
  <meta name='ocr-capabilities' content='ocr_page ocr_carea ocr_par ocr_line ocrx_word'/>
</head>
<body>
  <div class='ocr_page' id='page_1' title='image "./philippimelanth12melagoog_0190.png"; bbox 0 0 6025 6775; ppageno 0'>
   <div class='ocr_carea' id='block_1_1' title="bbox 488 712 2524 810">
    <p class='ocr_par' dir='ltr' id='par_1_1' title="bbox 488 712 2524 810">
     <span class='ocr_line' id='line_1_1' title="bbox 488 712 2524 810; baseline 0.006 -15"><span class='ocrx_word' id='word_1_1' title='bbox 488 733 564 810; x_wconf 69' lang='lat'><strong>859</strong></span> <span class='ocrx_word' id='word_1_2' title='bbox 1011 718 1172 795; x_wconf 77' lang='lat' dir='ltr'><strong>unct.</strong></span> <span class='ocrx_word' id='word_1_3' title='bbox 1210 714 1291 792; x_wconf 82' lang='lat' dir='ltr'><strong>DE</strong></span> <span class='ocrx_word' id='word_1_4' title='bbox 1329 712 1649 795; x_wconf 81' lang='lat' dir='ltr'><strong>GREGORlO</strong></span> <span class='ocrx_word' id='word_1_5' title='bbox 1689 720 1987 799; x_wconf 81' lang='lat' dir='ltr'><strong>PONTANO.</strong></span> <span class='ocrx_word' id='word_1_6' title='bbox 2446 736 2524 808; x_wconf 77' lang='lat'><strong>360</strong></span> 
     </span>
    </p>
   </div>
   <div class='ocr_carea' id='block_1_2' title="bbox 497 890 2559 5933">
    <p class='ocr_par' dir='ltr' id='par_1_2' title="bbox 497 890 2559 5933">
     <span class='ocr_line' id='line_1_2' title="bbox 499 890 2521 985; baseline 0.001 -12"><span class='ocrx_word' id='word_1_7' title='bbox 499 917 654 975; x_wconf 80' lang='lat' dir='ltr'><strong>extrema</strong></span> <span class='ocrx_word' id='word_1_8' title='bbox 674 910 811 969; x_wconf 86' lang='lat' dir='ltr'><strong>senecta</strong></span> <span class='ocrx_word' id='word_1_9' title='bbox 835 915 992 984; x_wconf 85' lang='lat' dir='ltr'><strong>egressus</strong></span> <span class='ocrx_word' id='word_1_10' title='bbox 1013 890 1307 981; x_wconf 88' lang='lat' dir='ltr'><strong>septuagesimum</strong></span> <span class='ocrx_word' id='word_1_11' title='bbox 1329 912 1479 974; x_wconf 90' lang='lat' dir='ltr'><strong>annum,</strong></span> <span class='ocrx_word' id='word_1_12' title='bbox 1541 907 1804 985; x_wconf 81' lang='lat' dir='ltr'><strong>praeceptorem</strong></span> <span class='ocrx_word' id='word_1_13' title='bbox 1820 894 1954 985; x_wconf 89' lang='lat' dir='ltr'><strong>optime</strong></span> <span class='ocrx_word' id='word_1_14' title='bbox 1968 893 2148 978; x_wconf 85' lang='lat' dir='ltr'><strong>meritum,</strong></span> <span class='ocrx_word' id='word_1_15' title='bbox 2163 910 2197 968; x_wconf 93' lang='lat' dir='ltr'><strong>et</strong></span> <span class='ocrx_word' id='word_1_16' title='bbox 2215 910 2247 967; x_wconf 93' lang='lat' dir='ltr'><strong>te</strong></span> <span class='ocrx_word' id='word_1_17' title='bbox 2265 900 2386 968; x_wconf 90' lang='lat' dir='ltr'><strong>eodem</strong></span> <span class='ocrx_word' id='word_1_18' title='bbox 2403 906 2521 983; x_wconf 84' lang='lat' dir='ltr'><strong>animo</strong></span> 
     </span>
     <span class='ocr_line' id='line_1_3' title="bbox 497 990 2522 1095; baseline -0.003 -20"><span class='ocrx_word' id='word_1_19' title='bbox 497 1028 580 1075; x_wconf 91' lang='lat' dir='ltr'><strong>cum</strong></span> <span class='ocrx_word' id='word_1_20' title='bbox 596 1025 687 1085; x_wconf 86' lang='lat' dir='ltr'><strong>sese,</strong></span> <span class='ocrx_word' id='word_1_21' title='bbox 710 996 901 1068; x_wconf 79' lang='lat' dir='ltr'><strong>Ecclesiam</strong></span> <span class='ocrx_word' id='word_1_22' title='bbox 918 1007 953 1064; x_wconf 93' lang='lat' dir='ltr'><strong>et</strong></span> <span class='ocrx_word' id='word_1_23' title='bbox 969 993 1141 1061; x_wconf 85' lang='lat' dir='ltr'><strong>familiam</strong></span> <span class='ocrx_word' id='word_1_24' title='bbox 1167 990 1327 1085; x_wconf 77' lang='lat' dir='ltr'><strong>quotidie</strong></span> <span class='ocrx_word' id='word_1_25' title='bbox 1349 992 1481 1060; x_wconf 91' lang='lat' dir='ltr'><strong>arden·</strong></span> <span class='ocrx_word' id='word_1_26' title='bbox 1541 1016 1622 1091; x_wconf 84' lang='lat' dir='ltr'><strong>esse</strong></span> <span class='ocrx_word' id='word_1_27' title='bbox 1635 1008 1730 1064; x_wconf 91' lang='lat' dir='ltr'><strong>certo</strong></span> <span class='ocrx_word' id='word_1_28' title='bbox 1752 995 1837 1067; x_wconf 90' lang='lat' dir='ltr'><strong>scio.</strong></span> <span class='ocrx_word' id='word_1_29' title='bbox 1888 992 1997 1081; x_wconf 86' lang='lat' dir='ltr'><strong>Quod</strong></span> <span class='ocrx_word' id='word_1_30' title='bbox 2017 1001 2102 1065; x_wconf 86' lang='lat' dir='ltr'><strong>vero</strong></span> <span class='ocrx_word' id='word_1_31' title='bbox 2116 998 2161 1065; x_wconf 94' lang='lat' dir='ltr'><strong>ad</strong></span> <span class='ocrx_word' id='word_1_32' title='bbox 2183 1021 2330 1067; x_wconf 87' lang='lat' dir='ltr'><strong>examen</strong></span> <span class='ocrx_word' id='word_1_33' title='bbox 2349 1015 2382 1070; x_wconf 91' lang='lat' dir='ltr'><strong>et</strong></span> <span class='ocrx_word' id='word_1_34' title='bbox 2401 1003 2522 1095; x_wconf 88' lang='lat' dir='ltr'><strong>dispu-</strong></span> 
     </span>
     <span class='ocr_line' id='line_1_4' title="bbox 500 1092 2524 1190; baseline -0.001 -15"><span class='ocrx_word' id='word_1_35' title='bbox 500 1101 648 1176; x_wconf 90' lang='lat' dir='ltr'><strong>tissimis</strong></span> <span class='ocrx_word' id='word_1_36' title='bbox 670 1098 832 1190; x_wconf 89' lang='lat' dir='ltr'><strong>precibus</strong></span> <span class='ocrx_word' id='word_1_37' title='bbox 851 1095 925 1163; x_wconf 87' lang='lat' dir='ltr'><strong>lilio</strong></span> <span class='ocrx_word' id='word_1_38' title='bbox 950 1092 1017 1163; x_wconf 89' lang='lat' dir='ltr'><strong>Dei</strong></span> <span class='ocrx_word' id='word_1_39' title='bbox 1046 1095 1328 1163; x_wconf 78' lang='lat' dir='ltr'><strong>commendaret:</strong></span> <span class='ocrx_word' id='word_1_40' title='bbox 1361 1103 1482 1160; x_wconf 84' lang='lat' dir='ltr'><strong>tamen</strong></span> <span class='ocrx_word' id='word_1_41' title='bbox 1539 1096 1712 1166; x_wconf 88' lang='lat' dir='ltr'><strong>tationem</strong></span> <span class='ocrx_word' id='word_1_42' title='bbox 1730 1096 1867 1175; x_wconf 87' lang='lat' dir='ltr'><strong>attinet,</strong></span> <span class='ocrx_word' id='word_1_43' title='bbox 1885 1096 2100 1167; x_wconf 84' lang='lat' dir='ltr'><strong>satisfactum</strong></span> <span class='ocrx_word' id='word_1_44' title='bbox 2114 1120 2188 1166; x_wconf 90' lang='lat' dir='ltr'><strong>esse</strong></span> <span class='ocrx_word' id='word_1_45' title='bbox 2205 1103 2271 1168; x_wconf 90' lang='lat' dir='ltr'><strong>scis</strong></span> <span class='ocrx_word' id='word_1_46' title='bbox 2288 1100 2524 1190; x_wconf 87' lang='lat' dir='ltr'><strong>legibusAca-</strong></span> 
     </span>
     <span class='ocr_line' id='line_1_5' title="bbox 500 1191 2526 1290; baseline -0 -14"><span class='ocrx_word' id='word_1_47' title='bbox 500 1228 582 1276; x_wconf 89' lang='lat' dir='ltr'><strong>cum</strong></span> <span class='ocrx_word' id='word_1_48' title='bbox 603 1201 697 1276; x_wconf 86' lang='lat' dir='ltr'><strong>vires</strong></span> <span class='ocrx_word' id='word_1_49' title='bbox 723 1195 880 1288; x_wconf 90' lang='lat' dir='ltr'><strong>corporis</strong></span> <span class='ocrx_word' id='word_1_50' title='bbox 900 1206 1012 1265; x_wconf 90' lang='lat' dir='ltr'><strong>aetate</strong></span> <span class='ocrx_word' id='word_1_51' title='bbox 1032 1193 1144 1282; x_wconf 89' lang='lat' dir='ltr'><strong>magis</strong></span> <span class='ocrx_word' id='word_1_52' title='bbox 1159 1216 1265 1288; x_wconf 88' lang='lat' dir='ltr'><strong>quam</strong></span> <span class='ocrx_word' id='word_1_53' title='bbox 1280 1193 1405 1262; x_wconf 90' lang='lat' dir='ltr'><strong>morbo</strong></span> <span class='ocrx_word' id='word_1_54' title='bbox 1420 1193 1484 1261; x_wconf 91' lang='lat' dir='ltr'><strong>de·</strong></span> <span class='ocrx_word' id='word_1_55' title='bbox 1540 1197 1687 1269; x_wconf 89' lang='lat' dir='ltr'><strong>demiae.</strong></span> <span class='ocrx_word' id='word_1_56' title='bbox 1739 1196 1861 1286; x_wconf 85' lang='lat' dir='ltr'><strong>Quare</strong></span> <span class='ocrx_word' id='word_1_57' title='bbox 1876 1220 1956 1267; x_wconf 89' lang='lat' dir='ltr'><strong>cnm</strong></span> <span class='ocrx_word' id='word_1_58' title='bbox 1971 1199 2009 1266; x_wconf 94' lang='lat' dir='ltr'><strong>in</strong></span> <span class='ocrx_word' id='word_1_59' title='bbox 2025 1191 2091 1267; x_wconf 90' lang='lat' dir='ltr'><strong>hac</strong></span> <span class='ocrx_word' id='word_1_60' title='bbox 2107 1198 2250 1290; x_wconf 90' lang='lat' dir='ltr'><strong>publica</strong></span> <span class='ocrx_word' id='word_1_61' title='bbox 2273 1202 2470 1271; x_wconf 90' lang='lat' dir='ltr'><strong>testimonii</strong></span> <span class='ocrx_word' id='word_1_62' title='bbox 2492 1220 2526 1276; x_wconf 89' lang='lat' dir='ltr'><strong>et</strong></span> 
     </span>
     <span class='ocr_line' id='line_1_6' title="bbox 500 1292 2525 1389; baseline 0 -15"><span class='ocrx_word' id='word_1_63' title='bbox 500 1304 681 1386; x_wconf 83' lang='lat' dir='ltr'><strong>fecissent,</strong></span> <span class='ocrx_word' id='word_1_64' title='bbox 712 1297 849 1389; x_wconf 85' lang='lat' dir='ltr'><strong>placide</strong></span> <span class='ocrx_word' id='word_1_65' title='bbox 876 1295 1035 1369; x_wconf 85' lang='lat' dir='ltr'><strong>decessit.</strong></span> <span class='ocrx_word' id='word_1_66' title='bbox 1084 1293 1158 1364; x_wconf 87' lang='lat' dir='ltr'><strong>Nec</strong></span> <span class='ocrx_word' id='word_1_67' title='bbox 1182 1292 1386 1365; x_wconf 85' lang='lat' dir='ltr'><strong>dubitamus</strong></span> <span class='ocrx_word' id='word_1_68' title='bbox 1402 1315 1484 1362; x_wconf 92' lang='lat' dir='ltr'><strong>eum</strong></span> <span class='ocrx_word' id='word_1_69' title='bbox 1539 1298 1669 1386; x_wconf 88' lang='lat' dir='ltr'><strong>gradus</strong></span> <span class='ocrx_word' id='word_1_70' title='bbox 1688 1297 1957 1368; x_wconf 83' lang='lat' dir='ltr'><strong>renunciatione</strong></span> <span class='ocrx_word' id='word_1_71' title='bbox 1974 1298 2078 1371; x_wconf 90' lang='lat' dir='ltr'><strong>etiam</strong></span> <span class='ocrx_word' id='word_1_72' title='bbox 2099 1311 2159 1368; x_wconf 91' lang='lat' dir='ltr'><strong>tua</strong></span> <span class='ocrx_word' id='word_1_73' title='bbox 2174 1300 2346 1370; x_wconf 87' lang='lat' dir='ltr'><strong>autoritas</strong></span> <span class='ocrx_word' id='word_1_74' title='bbox 2359 1306 2525 1375; x_wconf 83' lang='lat' dir='ltr'><strong>accedere</strong></span> 
     </span>
     <span class='ocr_line' id='line_1_7' title="bbox 502 1391 2524 1492; baseline 0 -18"><span class='ocrx_word' id='word_1_75' title='bbox 502 1406 595 1474; x_wconf 89' lang='lat' dir='ltr'><strong>inter</strong></span> <span class='ocrx_word' id='word_1_76' title='bbox 610 1398 675 1471; x_wconf 90' lang='lat' dir='ltr'><strong>hos</strong></span> <span class='ocrx_word' id='word_1_77' title='bbox 690 1421 781 1476; x_wconf 89' lang='lat' dir='ltr'><strong>esse,</strong></span> <span class='ocrx_word' id='word_1_78' title='bbox 807 1397 996 1492; x_wconf 89' lang='lat' dir='ltr'><strong>dequibus</strong></span> <span class='ocrx_word' id='word_1_79' title='bbox 1017 1394 1237 1466; x_wconf 91' lang='lat' dir='ltr'><strong>dictumest:</strong></span> <span class='ocrx_word' id='word_1_80' title='bbox 1263 1391 1365 1466; x_wconf 83' lang='lat' dir='ltr'><strong>Beati</strong></span> <span class='ocrx_word' id='word_1_81' title='bbox 1386 1417 1486 1463; x_wconf 89' lang='lat' dir='ltr'><strong>mor·</strong></span> <span class='ocrx_word' id='word_1_82' title='bbox 1541 1399 1684 1476; x_wconf 89' lang='lat' dir='ltr'><strong>debeat,</strong></span> <span class='ocrx_word' id='word_1_83' title='bbox 1705 1412 1907 1469; x_wconf 83' lang='lat' dir='ltr'><strong>reverenter</strong></span> <span class='ocrx_word' id='word_1_84' title='bbox 1928 1423 1948 1470; x_wconf 93' lang='lat' dir='ltr'><strong>a</strong></span> <span class='ocrx_word' id='word_1_85' title='bbox 1970 1412 2005 1469; x_wconf 90' lang='lat' dir='ltr'><strong>te</strong></span> <span class='ocrx_word' id='word_1_86' title='bbox 2027 1411 2107 1491; x_wconf 90' lang='lat' dir='ltr'><strong>peto</strong></span> <span class='ocrx_word' id='word_1_87' title='bbox 2130 1400 2269 1489; x_wconf 89' lang='lat' dir='ltr'><strong>collegii</strong></span> <span class='ocrx_word' id='word_1_88' title='bbox 2285 1403 2418 1487; x_wconf 86' lang='lat' dir='ltr'><strong>nostri,</strong></span> <span class='ocrx_word' id='word_1_89' title='bbox 2443 1430 2524 1474; x_wconf 93' lang='lat' dir='ltr'><strong>meo</strong></span> 
     </span>
     <span class='ocr_line' id='line_1_8' title="bbox 503 1495 2523 1593; baseline 0.002 -22"><span class='ocrx_word' id='word_1_90' title='bbox 503 1504 573 1587; x_wconf 87' lang='lat' dir='ltr'><strong>tni,</strong></span> <span class='ocrx_word' id='word_1_91' title='bbox 601 1498 717 1593; x_wconf 90' lang='lat' dir='ltr'><strong>quiin</strong></span> <span class='ocrx_word' id='word_1_92' title='bbox 734 1495 891 1568; x_wconf 92' lang='lat' dir='ltr'><strong>Domino</strong></span> <span class='ocrx_word' id='word_1_93' title='bbox 905 1497 1124 1567; x_wconf 88' lang='lat' dir='ltr'><strong>moriuntur.</strong></span> <span class='ocrx_word' id='word_1_94' title='bbox 1540 1512 1574 1568; x_wconf 92' lang='lat' dir='ltr'><strong>et</strong></span> <span class='ocrx_word' id='word_1_95' title='bbox 1591 1497 1695 1568; x_wconf 90' lang='lat' dir='ltr'><strong>amici</strong></span> <span class='ocrx_word' id='word_1_96' title='bbox 1711 1499 1878 1585; x_wconf 90' lang='lat' dir='ltr'><strong>nomine,</strong></span> <span class='ocrx_word' id='word_1_97' title='bbox 1902 1515 1943 1571; x_wconf 93' lang='lat' dir='ltr'><strong>ut</strong></span> <span class='ocrx_word' id='word_1_98' title='bbox 1951 1499 2165 1592; x_wconf 88' lang='lat' dir='ltr'><strong>M.Casparo</strong></span> <span class='ocrx_word' id='word_1_99' title='bbox 2182 1499 2336 1572; x_wconf 89' lang='lat' dir='ltr'><strong>Peucero</strong></span> <span class='ocrx_word' id='word_1_100' title='bbox 2351 1507 2523 1575; x_wconf 86' lang='lat' dir='ltr'><strong>concedas</strong></span> 
     </span>
     <span class='ocr_line' id='line_1_9' title="bbox 602 1593 2554 1696; baseline 0.004 -26"><span class='ocrx_word' id='word_1_101' title='bbox 602 1599 701 1670; x_wconf 88' lang='lat' dir='ltr'><strong>Haec</strong></span> <span class='ocrx_word' id='word_1_102' title='bbox 732 1601 777 1669; x_wconf 90' lang='lat' dir='ltr'><strong>de</strong></span> <span class='ocrx_word' id='word_1_103' title='bbox 800 1596 963 1671; x_wconf 89' lang='lat' dir='ltr'><strong>Pontano</strong></span> <span class='ocrx_word' id='word_1_104' title='bbox 991 1597 1136 1668; x_wconf 88' lang='lat' dir='ltr'><strong>brevius</strong></span> <span class='ocrx_word' id='word_1_105' title='bbox 1168 1610 1204 1668; x_wconf 87' lang='lat' dir='ltr'><strong>ct</strong></span> <span class='ocrx_word' id='word_1_106' title='bbox 1233 1595 1376 1668; x_wconf 87' lang='lat' dir='ltr'><strong>tenuius</strong></span> <span class='ocrx_word' id='word_1_107' title='bbox 1400 1593 1486 1677; x_wconf 85' lang='lat' dir='ltr'><strong>dixi,</strong></span> <span class='ocrx_word' id='word_1_108' title='bbox 1539 1599 1759 1681; x_wconf 86' lang='lat' dir='ltr'><strong>facultatem,</strong></span> <span class='ocrx_word' id='word_1_109' title='bbox 1791 1625 1849 1686; x_wconf 92' lang='lat' dir='ltr'><strong>ac,</strong></span> <span class='ocrx_word' id='word_1_110' title='bbox 1882 1615 1922 1671; x_wconf 92' lang='lat' dir='ltr'><strong>ut</strong></span> <span class='ocrx_word' id='word_1_111' title='bbox 1944 1613 2071 1670; x_wconf 83' lang='lat' dir='ltr'><strong>vocant</strong></span> <span class='ocrx_word' id='word_1_112' title='bbox 2096 1600 2276 1670; x_wconf 91' lang='lat' dir='ltr'><strong>licentiam</strong></span> <span class='ocrx_word' id='word_1_113' title='bbox 2307 1604 2523 1696; x_wconf 89' lang='lat' dir='ltr'><strong>suscipiendi</strong></span> <span class='ocrx_word' id='word_1_114' title='bbox 2552 1673 2554 1678; x_wconf 87' lang='grc'><strong>,</strong></span> 
     </span>
     <span class='ocr_line' id='line_1_10' title="bbox 503 1694 2523 1798; baseline 0.001 -25"><span class='ocrx_word' id='word_1_115' title='bbox 503 1724 609 1798; x_wconf 89' lang='lat' dir='ltr'><strong>qnam</strong></span> <span class='ocrx_word' id='word_1_116' title='bbox 631 1699 805 1771; x_wconf 88' lang='lat' dir='ltr'><strong>virtutum</strong></span> <span class='ocrx_word' id='word_1_117' title='bbox 827 1699 940 1791; x_wconf 90' lang='lat' dir='ltr'><strong>ipsius</strong></span> <span class='ocrx_word' id='word_1_118' title='bbox 962 1700 1069 1769; x_wconf 85' lang='lat' dir='ltr'><strong>decus</strong></span> <span class='ocrx_word' id='word_1_119' title='bbox 1087 1710 1258 1767; x_wconf 89' lang='lat' dir='ltr'><strong>meretur:</strong></span> <span class='ocrx_word' id='word_1_120' title='bbox 1281 1698 1343 1770; x_wconf 88' lang='lat' dir='ltr'><strong>sed</strong></span> <span class='ocrx_word' id='word_1_121' title='bbox 1365 1694 1485 1764; x_wconf 92' lang='lat' dir='ltr'><strong>iudico</strong></span> <span class='ocrx_word' id='word_1_122' title='bbox 1539 1701 1688 1789; x_wconf 91' lang='lat' dir='ltr'><strong>gradum</strong></span> <span class='ocrx_word' id='word_1_123' title='bbox 1713 1713 1747 1769; x_wconf 92' lang='lat' dir='ltr'><strong>et</strong></span> <span class='ocrx_word' id='word_1_124' title='bbox 1772 1699 1926 1790; x_wconf 88' lang='lat' dir='ltr'><strong>insignia</strong></span> <span class='ocrx_word' id='word_1_125' title='bbox 1952 1701 2107 1771; x_wconf 86' lang='lat' dir='ltr'><strong>doctoris</strong></span> <span class='ocrx_word' id='word_1_126' title='bbox 2138 1701 2177 1770; x_wconf 92' lang='lat' dir='ltr'><strong>in</strong></span> <span class='ocrx_word' id='word_1_127' title='bbox 2198 1714 2271 1772; x_wconf 90' lang='lat' dir='ltr'><strong>arte</strong></span> <span class='ocrx_word' id='word_1_128' title='bbox 2299 1706 2453 1792; x_wconf 85' lang='lat' dir='ltr'><strong>medica,</strong></span> <span class='ocrx_word' id='word_1_129' title='bbox 2484 1707 2523 1777; x_wconf 91' lang='lat' dir='ltr'><strong>id</strong></span> 
     </span>
     <span class='ocr_line' id='line_1_11' title="bbox 503 1794 2523 1896; baseline -0 -23"><span class='ocrx_word' id='word_1_130' title='bbox 503 1804 590 1876; x_wconf 89' lang='lat' dir='ltr'><strong>utile</strong></span> <span class='ocrx_word' id='word_1_131' title='bbox 613 1823 687 1870; x_wconf 90' lang='lat' dir='ltr'><strong>esse</strong></span> <span class='ocrx_word' id='word_1_132' title='bbox 709 1801 888 1871; x_wconf 90' lang='lat' dir='ltr'><strong>iuventuti</strong></span> <span class='ocrx_word' id='word_1_133' title='bbox 918 1794 1083 1869; x_wconf 87' lang='lat' dir='ltr'><strong>honestas</strong></span> <span class='ocrx_word' id='word_1_134' title='bbox 1117 1798 1288 1885; x_wconf 77' lang='lat' dir='ltr'><strong>imagines</strong></span> <span class='ocrx_word' id='word_1_135' title='bbox 1315 1795 1488 1886; x_wconf 91' lang='lat' dir='ltr'><strong>plurimas</strong></span> <span class='ocrx_word' id='word_1_136' title='bbox 1539 1800 1776 1891; x_wconf 88' lang='lat' dir='ltr'><strong>gratissimum</strong></span> <span class='ocrx_word' id='word_1_137' title='bbox 1800 1803 1948 1892; x_wconf 88' lang='lat' dir='ltr'><strong>collegio</strong></span> <span class='ocrx_word' id='word_1_138' title='bbox 1970 1815 2091 1872; x_wconf 91' lang='lat' dir='ltr'><strong>nostro</strong></span> <span class='ocrx_word' id='word_1_139' title='bbox 2115 1802 2200 1883; x_wconf 89' lang='lat' dir='ltr'><strong>erit,</strong></span> <span class='ocrx_word' id='word_1_140' title='bbox 2234 1813 2269 1871; x_wconf 91' lang='lat' dir='ltr'><strong>et</strong></span> <span class='ocrx_word' id='word_1_141' title='bbox 2290 1803 2464 1896; x_wconf 87' lang='lat' dir='ltr'><strong>optimum</strong></span> <span class='ocrx_word' id='word_1_142' title='bbox 2482 1832 2523 1877; x_wconf 83' lang='lat' dir='ltr'><strong>ac</strong></span> 
     </span>
     <span class='ocr_line' id='line_1_12' title="bbox 503 1896 2524 2000; baseline 0.001 -26"><span class='ocrx_word' id='word_1_143' title='bbox 503 1901 657 1985; x_wconf 85' lang='lat' dir='ltr'><strong>intueri,</strong></span> <span class='ocrx_word' id='word_1_144' title='bbox 683 1914 718 1971; x_wconf 90' lang='lat' dir='ltr'><strong>ct</strong></span> <span class='ocrx_word' id='word_1_145' title='bbox 738 1903 935 1992; x_wconf 90' lang='lat' dir='ltr'><strong>plerunque</strong></span> <span class='ocrx_word' id='word_1_146' title='bbox 959 1896 1128 1971; x_wconf 88' lang='lat' dir='ltr'><strong>historiae</strong></span> <span class='ocrx_word' id='word_1_147' title='bbox 1150 1898 1344 1968; x_wconf 86' lang='lat' dir='ltr'><strong>multarum</strong></span> <span class='ocrx_word' id='word_1_148' title='bbox 1365 1918 1486 1966; x_wconf 89' lang='lat' dir='ltr'><strong>rerum</strong></span> <span class='ocrx_word' id='word_1_149' title='bbox 1538 1901 1783 1972; x_wconf 89' lang='lat' dir='ltr'><strong>doctissimum</strong></span> <span class='ocrx_word' id='word_1_150' title='bbox 1796 1903 1914 1973; x_wconf 83' lang='lat' dir='ltr'><strong>virum</strong></span> <span class='ocrx_word' id='word_1_151' title='bbox 1929 1901 2123 1974; x_wconf 87' lang='lat' dir='ltr'><strong>immortali</strong></span> <span class='ocrx_word' id='word_1_152' title='bbox 2142 1902 2312 1972; x_wconf 85' lang='lat' dir='ltr'><strong>beneficio</strong></span> <span class='ocrx_word' id='word_1_153' title='bbox 2336 1907 2380 1975; x_wconf 90' lang='lat' dir='ltr'><strong>ad</strong></span> <span class='ocrx_word' id='word_1_154' title='bbox 2396 1930 2524 2000; x_wconf 91' lang='lat' dir='ltr'><strong>perpe-</strong></span> 
     </span>
     <span class='ocr_line' id='line_1_13' title="bbox 504 1998 2523 2095; baseline 0.001 -19"><span class='ocrx_word' id='word_1_155' title='bbox 504 2004 701 2076; x_wconf 89' lang='lat' dir='ltr'><strong>doctrinam</strong></span> <span class='ocrx_word' id='word_1_156' title='bbox 722 2001 915 2071; x_wconf 87' lang='lat' dir='ltr'><strong>continent.</strong></span> <span class='ocrx_word' id='word_1_157' title='bbox 1538 2015 1638 2073; x_wconf 91' lang='lat' dir='ltr'><strong>tuam</strong></span> <span class='ocrx_word' id='word_1_158' title='bbox 1657 2004 1917 2076; x_wconf 85' lang='lat' dir='ltr'><strong>observantiam</strong></span> <span class='ocrx_word' id='word_1_159' title='bbox 1938 2017 1972 2075; x_wconf 90' lang='lat' dir='ltr'><strong>et</strong></span> <span class='ocrx_word' id='word_1_160' title='bbox 1993 2003 2248 2095; x_wconf 74' lang='lat' dir='ltr'><strong>gratitudinem</strong></span> <span class='ocrx_word' id='word_1_161' title='bbox 2269 1998 2337 2075; x_wconf 83' lang='lat' dir='ltr'><strong>tibi</strong></span> <span class='ocrx_word' id='word_1_162' title='bbox 2354 2007 2523 2079; x_wconf 85' lang='lat' dir='ltr'><strong>devinxe-</strong></span> 
     </span>
     <span class='ocr_line' id='line_1_14' title="bbox 605 2091 1750 2183; baseline -0.001 -11"><span class='ocrx_word' id='word_1_163' title='bbox 605 2097 789 2173; x_wconf 88' lang='lat' dir='ltr'><strong>Adhortor</strong></span> <span class='ocrx_word' id='word_1_164' title='bbox 810 2113 927 2169; x_wconf 90' lang='lat' dir='ltr'><strong>autem</strong></span> <span class='ocrx_word' id='word_1_165' title='bbox 951 2099 1127 2183; x_wconf 89' lang='lat' dir='ltr'><strong>iuniores,</strong></span> <span class='ocrx_word' id='word_1_166' title='bbox 1153 2109 1295 2170; x_wconf 89' lang='lat' dir='ltr'><strong>utrum</strong></span> <span class='ocrx_word' id='word_1_167' title='bbox 1319 2097 1405 2168; x_wconf 91' lang='lat' dir='ltr'><strong>tales</strong></span> <span class='ocrx_word' id='word_1_168' title='bbox 1425 2091 1486 2165; x_wconf 89' lang='lat' dir='ltr'><strong>hi·</strong></span> <span class='ocrx_word' id='word_1_169' title='bbox 1538 2102 1600 2174; x_wconf 90' lang='lat' dir='ltr'><strong>ris.</strong></span> <span class='ocrx_word' id='word_1_170' title='bbox 1652 2100 1750 2181; x_wconf 84' lang='lat' dir='ltr'><strong>Dixi.</strong></span> 
     </span>
     <span class='ocr_line' id='line_1_15' title="bbox 505 2198 1486 2292; baseline -0.009 -17"><span class='ocrx_word' id='word_1_171' title='bbox 505 2203 630 2278; x_wconf 87' lang='lat' dir='ltr'><strong>storias</strong></span> <span class='ocrx_word' id='word_1_172' title='bbox 646 2204 768 2292; x_wconf 87' lang='lat' dir='ltr'><strong>legunt</strong></span> <span class='ocrx_word' id='word_1_173' title='bbox 782 2202 840 2271; x_wconf 90' lang='lat' dir='ltr'><strong>vel</strong></span> <span class='ocrx_word' id='word_1_174' title='bbox 853 2200 1024 2284; x_wconf 91' lang='lat' dir='ltr'><strong>audiunt,</strong></span> <span class='ocrx_word' id='word_1_175' title='bbox 1050 2200 1205 2289; x_wconf 79' lang='lat' dir='ltr'><strong>cogitent</strong></span> <span class='ocrx_word' id='word_1_176' title='bbox 1220 2200 1333 2268; x_wconf 88' lang='lat' dir='ltr'><strong>filium</strong></span> <span class='ocrx_word' id='word_1_177' title='bbox 1350 2198 1416 2269; x_wconf 93' lang='lat' dir='ltr'><strong>Dei</strong></span> <span class='ocrx_word' id='word_1_178' title='bbox 1430 2220 1486 2268; x_wconf 91' lang='lat' dir='ltr'><strong>se·</strong></span> 
     </span>
     <span class='ocr_line' id='line_1_16' title="bbox 503 2295 1666 2391; baseline -0.009 -15"><span class='ocrx_word' id='word_1_179' title='bbox 503 2307 590 2376; x_wconf 90' lang='lat' dir='ltr'><strong>dere</strong></span> <span class='ocrx_word' id='word_1_180' title='bbox 603 2305 648 2374; x_wconf 92' lang='lat' dir='ltr'><strong>ad</strong></span> <span class='ocrx_word' id='word_1_181' title='bbox 663 2305 819 2373; x_wconf 87' lang='lat' dir='ltr'><strong>dextram</strong></span> <span class='ocrx_word' id='word_1_182' title='bbox 842 2301 970 2391; x_wconf 91' lang='lat' dir='ltr'><strong>patris,</strong></span> <span class='ocrx_word' id='word_1_183' title='bbox 996 2313 1029 2371; x_wconf 90' lang='lat' dir='ltr'><strong>et</strong></span> <span class='ocrx_word' id='word_1_184' title='bbox 1053 2302 1137 2369; x_wconf 90' lang='lat' dir='ltr'><strong>dare</strong></span> <span class='ocrx_word' id='word_1_185' title='bbox 1159 2295 1487 2382; x_wconf 90' lang='lat' dir='ltr'><strong>donahominibns,</strong></span> <span class='ocrx_word' id='word_1_186' title='bbox 1538 2310 1666 2324; x_wconf 57' lang='lat'><strong>&#39;‘-</strong></span> 
     </span>
     <span class='ocr_line' id='line_1_17' title="bbox 506 2400 2498 2520; baseline -0.004 -45"><span class='ocrx_word' id='word_1_187' title='bbox 506 2420 541 2477; x_wconf 91' lang='lat' dir='ltr'><strong>et</strong></span> <span class='ocrx_word' id='word_1_188' title='bbox 554 2404 683 2495; x_wconf 81' lang='lat' dir='ltr'><strong>gratias</strong></span> <span class='ocrx_word' id='word_1_189' title='bbox 696 2404 729 2474; x_wconf 90' lang='lat' dir='ltr'><strong>ei</strong></span> <span class='ocrx_word' id='word_1_190' title='bbox 745 2414 869 2493; x_wconf 83' lang='lat' dir='ltr'><strong>agant,</strong></span> <span class='ocrx_word' id='word_1_191' title='bbox 893 2402 988 2494; x_wconf 94' lang='lat' dir='ltr'><strong>quod</strong></span> <span class='ocrx_word' id='word_1_192' title='bbox 1003 2401 1141 2494; x_wconf 90' lang='lat' dir='ltr'><strong>aliquos</strong></span> <span class='ocrx_word' id='word_1_193' title='bbox 1160 2402 1219 2471; x_wconf 92' lang='lat' dir='ltr'><strong>dat</strong></span> <span class='ocrx_word' id='word_1_194' title='bbox 1236 2400 1405 2470; x_wconf 88' lang='lat' dir='ltr'><strong>salutares</strong></span> <span class='ocrx_word' id='word_1_195' title='bbox 1420 2422 1486 2488; x_wconf 86' lang='lat' dir='ltr'><strong>gu·</strong></span> <span class='ocrx_word' id='word_1_196' title='bbox 1537 2440 1593 2511; x_wconf 71' lang='lat' dir='ltr'><strong>No</strong></span> <span class='ocrx_word' id='word_1_197' title='bbox 1626 2438 1699 2514; x_wconf 71' lang='lat'><strong>176</strong></span> <span class='ocrx_word' id='word_1_198' title='bbox 2415 2455 2498 2520; x_wconf 62' lang='lat'>156⁰</span> 
     </span>
     <span class='ocr_line' id='line_1_18' title="bbox 506 2478 2515 2595; baseline -0.006 -18"><span class='ocrx_word' id='word_1_199' title='bbox 506 2508 729 2590; x_wconf 85' lang='lat' dir='ltr'><strong>bernatores,</strong></span> <span class='ocrx_word' id='word_1_200' title='bbox 753 2517 787 2573; x_wconf 88' lang='lat' dir='ltr'><strong>et</strong></span> <span class='ocrx_word' id='word_1_201' title='bbox 808 2515 929 2594; x_wconf 90' lang='lat' dir='ltr'><strong>petant</strong></span> <span class='ocrx_word' id='word_1_202' title='bbox 955 2525 991 2571; x_wconf 89' lang='lat' dir='ltr'><strong>se</strong></span> <span class='ocrx_word' id='word_1_203' title='bbox 1015 2525 1156 2595; x_wconf 90' lang='lat' dir='ltr'><strong>quoqne</strong></span> <span class='ocrx_word' id='word_1_204' title='bbox 1172 2524 1305 2592; x_wconf 90' lang='lat' dir='ltr'><strong>organa</strong></span> <span class='ocrx_word' id='word_1_205' title='bbox 1318 2499 1486 2570; x_wconf 91' lang='lat' dir='ltr'><strong>salutaria</strong></span> <span class='ocrx_word' id='word_1_206' title='bbox 1545 2494 1717 2566; x_wconf 46' lang='lat'><strong>„222</strong></span> <span class='ocrx_word' id='word_1_207' title='bbox 2132 2544 2137 2549; x_wconf 90' lang='lat'>-</span> <span class='ocrx_word' id='word_1_208' title='bbox 2343 2478 2515 2573; x_wconf 46' lang='lat'><strong>2¹22.)</strong></span> 
     </span>
     <span class='ocr_line' id='line_1_19' title="bbox 506 2601 2247 2695; baseline -0.006 -17"><span class='ocrx_word' id='word_1_209' title='bbox 506 2632 526 2678; x_wconf 89' lang='lat' dir='ltr'><strong>a</strong></span> <span class='ocrx_word' id='word_1_210' title='bbox 542 2608 615 2676; x_wconf 85' lang='lat' dir='ltr'><strong>lilio</strong></span> <span class='ocrx_word' id='word_1_211' title='bbox 631 2606 699 2678; x_wconf 89' lang='lat' dir='ltr'><strong>Dei</strong></span> <span class='ocrx_word' id='word_1_212' title='bbox 712 2603 809 2687; x_wconf 82' lang='lat' dir='ltr'><strong>fieri,</strong></span> <span class='ocrx_word' id='word_1_213' title='bbox 832 2624 938 2695; x_wconf 88' lang='lat' dir='ltr'><strong>seque</strong></span> <span class='ocrx_word' id='word_1_214' title='bbox 953 2603 1141 2694; x_wconf 87' lang='lat' dir='ltr'><strong>praebeant</strong></span> <span class='ocrx_word' id='word_1_215' title='bbox 1162 2602 1309 2692; x_wconf 88' lang='lat' dir='ltr'><strong>remiges</strong></span> <span class='ocrx_word' id='word_1_216' title='bbox 1325 2601 1403 2670; x_wconf 91' lang='lat' dir='ltr'><strong>Deo</strong></span> <span class='ocrx_word' id='word_1_217' title='bbox 1420 2623 1486 2689; x_wconf 86' lang='lat' dir='ltr'><strong>gu·</strong></span> <span class='ocrx_word' id='word_1_218' title='bbox 2003 2666 2005 2668; x_wconf 82' lang='grc'><strong>,</strong></span> <span class='ocrx_word' id='word_1_219' title='bbox 2245 2613 2247 2618; x_wconf 84' lang='grc'><strong>“</strong></span> 
     </span>
     <span class='ocr_line' id='line_1_20' title="bbox 506 2683 2461 2799; baseline 0.001 -22"><span class='ocrx_word' id='word_1_220' title='bbox 506 2706 671 2778; x_wconf 87' lang='lat' dir='ltr'><strong>bernanti</strong></span> <span class='ocrx_word' id='word_1_221' title='bbox 688 2722 768 2773; x_wconf 86' lang='lat' dir='ltr'><strong>non</strong></span> <span class='ocrx_word' id='word_1_222' title='bbox 790 2705 952 2795; x_wconf 84' lang='lat' dir='ltr'><strong>ignavos,</strong></span> <span class='ocrx_word' id='word_1_223' title='bbox 984 2726 1024 2773; x_wconf 91' lang='lat' dir='ltr'><strong>ac</strong></span> <span class='ocrx_word' id='word_1_224' title='bbox 1044 2697 1205 2774; x_wconf 87' lang='lat' dir='ltr'><strong>doctrina</strong></span> <span class='ocrx_word' id='word_1_225' title='bbox 1232 2725 1269 2772; x_wconf 88' lang='lat' dir='ltr'><strong>se</strong></span> <span class='ocrx_word' id='word_1_226' title='bbox 1297 2702 1487 2784; x_wconf 88' lang='lat' dir='ltr'><strong>instruant,</strong></span> <span class='ocrx_word' id='word_1_227' title='bbox 1595 2683 1870 2796; x_wconf 67' lang='lat' dir='ltr'><strong>Explt&#39;calt&#39;o</strong></span> <span class='ocrx_word' id='word_1_228' title='bbox 1891 2685 2167 2799; x_wconf 64' lang='lat' dir='ltr'><strong>Aphorlumi</strong></span> <span class='ocrx_word' id='word_1_229' title='bbox 2191 2692 2355 2778; x_wconf 51' lang='lat' dir='ltr'><strong><em>XLII:</em></strong></span> <span class='ocrx_word' id='word_1_230' title='bbox 2370 2707 2461 2789; x_wconf 67' lang='lat' dir='ltr'><strong>tle.</strong></span> 
     </span>
     <span class='ocr_line' id='line_1_21' title="bbox 508 2799 1487 2896; baseline -0.006 -18"><span class='ocrx_word' id='word_1_231' title='bbox 508 2820 543 2878; x_wconf 87' lang='lat' dir='ltr'><strong>et</strong></span> <span class='ocrx_word' id='word_1_232' title='bbox 561 2809 605 2876; x_wconf 91' lang='lat' dir='ltr'><strong>ad</strong></span> <span class='ocrx_word' id='word_1_233' title='bbox 620 2801 788 2875; x_wconf 91' lang='lat' dir='ltr'><strong>honestos</strong></span> <span class='ocrx_word' id='word_1_234' title='bbox 801 2828 886 2875; x_wconf 87' lang='lat' dir='ltr'><strong>usus</strong></span> <span class='ocrx_word' id='word_1_235' title='bbox 900 2814 1121 2895; x_wconf 90' lang='lat' dir='ltr'><strong>praeparent.</strong></span> <span class='ocrx_word' id='word_1_236' title='bbox 1152 2800 1356 2896; x_wconf 56' lang='lat' dir='ltr'><strong>&#39;Sciantque</strong></span> <span class='ocrx_word' id='word_1_237' title='bbox 1370 2799 1487 2872; x_wconf 90' lang='lat' dir='ltr'><strong>Deum</strong></span> 
     </span>
     <span class='ocr_line' id='line_1_22' title="bbox 507 2890 2519 3022; baseline -0.001 -44"><span class='ocrx_word' id='word_1_238' title='bbox 507 2908 599 2978; x_wconf 86' lang='lat' dir='ltr'><strong>velle</strong></span> <span class='ocrx_word' id='word_1_239' title='bbox 621 2901 687 2974; x_wconf 91' lang='lat' dir='ltr'><strong>hac</strong></span> <span class='ocrx_word' id='word_1_240' title='bbox 710 2905 892 2995; x_wconf 90' lang='lat' dir='ltr'><strong>diligentia</strong></span> <span class='ocrx_word' id='word_1_241' title='bbox 923 2905 1005 2978; x_wconf 91' lang='lat' dir='ltr'><strong>coli.</strong></span> <span class='ocrx_word' id='word_1_242' title='bbox 1056 2901 1105 2975; x_wconf 85' lang='lat' dir='ltr'><strong>Et</strong></span> <span class='ocrx_word' id='word_1_243' title='bbox 1132 2916 1340 2975; x_wconf 86' lang='lat' dir='ltr'><strong>execrentur</strong></span> <span class='ocrx_word' id='word_1_244' title='bbox 1370 2903 1486 2971; x_wconf 90' lang='lat' dir='ltr'><strong>mani·</strong></span> <span class='ocrx_word' id='word_1_245' title='bbox 1607 2890 1889 3016; x_wconf 44' lang='lat' dir='ltr'><strong>lnef&#39;ffffliffpiffq</strong></span> <span class='ocrx_word' id='word_1_246' title='bbox 1905 2910 1931 2963; x_wconf 76' lang='grc' dir='ltr'><strong>Ρ·</strong></span> <span class='ocrx_word' id='word_1_247' title='bbox 1951 2895 2000 3017; x_wconf 52' lang='lat'><strong>¹9¹}</strong></span> <span class='ocrx_word' id='word_1_248' title='bbox 2017 2914 2097 2981; x_wconf 60' lang='lat' dir='ltr'><strong>“tau</strong></span> <span class='ocrx_word' id='word_1_249' title='bbox 2125 2900 2198 3022; x_wconf 51' lang='lat'><strong>3¹12&amp;</strong></span> <span class='ocrx_word' id='word_1_250' title='bbox 2218 2898 2344 2959; x_wconf 71' lang='lat' dir='ltr'><strong>[timna.</strong></span> <span class='ocrx_word' id='word_1_251' title='bbox 2362 2902 2398 2963; x_wconf 85' lang='lat'><strong>¹¹·</strong></span> <span class='ocrx_word' id='word_1_252' title='bbox 2417 2922 2442 2976; x_wconf 73' lang='grc' dir='ltr'><strong>Ρ·</strong></span> <span class='ocrx_word' id='word_1_253' title='bbox 2460 2905 2519 2961; x_wconf 66' lang='lat'><strong>²⁴³·</strong></span> 
     </span>
     <span class='ocr_line' id='line_1_23' title="bbox 507 2983 2454 3096; baseline -0.003 -19"><span class='ocrx_word' id='word_1_254' title='bbox 507 3002 593 3077; x_wconf 88' lang='lat' dir='ltr'><strong>rhea</strong></span> <span class='ocrx_word' id='word_1_255' title='bbox 618 3019 652 3075; x_wconf 90' lang='lat' dir='ltr'><strong>et</strong></span> <span class='ocrx_word' id='word_1_256' title='bbox 672 3006 886 3077; x_wconf 89' lang='lat' dir='ltr'><strong>antinomiea</strong></span> <span class='ocrx_word' id='word_1_257' title='bbox 910 3006 1139 3075; x_wconf 86' lang='lat' dir='ltr'><strong>deliramenta</strong></span> <span class='ocrx_word' id='word_1_258' title='bbox 1159 3005 1322 3089; x_wconf 91' lang='lat' dir='ltr'><strong>illorum,</strong></span> <span class='ocrx_word' id='word_1_259' title='bbox 1348 3004 1488 3096; x_wconf 90' lang='lat' dir='ltr'><strong>quivo·</strong></span> <span class='ocrx_word' id='word_1_260' title='bbox 1891 2983 1971 3036; x_wconf 72' lang='lat'>&#39;¹²⁰⁸</span> <span class='ocrx_word' id='word_1_261' title='bbox 1998 2984 2064 3020; x_wconf 72' lang='lat'><strong>‘¹¹¹¹&#39;</strong></span> <span class='ocrx_word' id='word_1_262' title='bbox 2082 2984 2110 3038; x_wconf 64' lang='grc' dir='ltr'><strong>Ρ·</strong></span> <span class='ocrx_word' id='word_1_263' title='bbox 2184 3006 2192 3023; x_wconf 82' lang='grc'><strong>’</strong></span> <span class='ocrx_word' id='word_1_264' title='bbox 2447 3013 2454 3021; x_wconf 87' lang='grc'>’</span> 
     </span>
     <span class='ocr_line' id='line_1_24' title="bbox 508 3103 2523 3231; baseline -0.004 -52"><span class='ocrx_word' id='word_1_265' title='bbox 508 3108 714 3179; x_wconf 78' lang='lat' dir='ltr'><strong>ciferantnr:</strong></span> <span class='ocrx_word' id='word_1_266' title='bbox 740 3103 842 3175; x_wconf 92' lang='lat' dir='ltr'><strong>Bona</strong></span> <span class='ocrx_word' id='word_1_267' title='bbox 859 3129 964 3196; x_wconf 88' lang='lat' dir='ltr'><strong>opera</strong></span> <span class='ocrx_word' id='word_1_268' title='bbox 981 3129 1055 3175; x_wconf 89' lang='lat' dir='ltr'><strong>non</strong></span> <span class='ocrx_word' id='word_1_269' title='bbox 1073 3129 1146 3176; x_wconf 87' lang='lat' dir='ltr'><strong>esse</strong></span> <span class='ocrx_word' id='word_1_270' title='bbox 1162 3105 1377 3183; x_wconf 88' lang='lat' dir='ltr'><strong>necessaria,</strong></span> <span class='ocrx_word' id='word_1_271' title='bbox 1405 3127 1484 3173; x_wconf 90' lang='lat' dir='ltr'><strong>cum</strong></span> <span class='ocrx_word' id='word_1_272' title='bbox 1538 3136 1752 3227; x_wconf 47' lang='lat' dir='ltr'><strong>Explicatis,</strong></span> <span class='ocrx_word' id='word_1_273' title='bbox 1784 3136 1995 3231; x_wconf 50' lang='lat' dir='ltr'><strong>4,th</strong></span> <span class='ocrx_word' id='word_1_274' title='bbox 2026 3142 2138 3214; x_wconf 61' lang='lat' dir='ltr'><strong>XM}</strong></span> <span class='ocrx_word' id='word_1_275' title='bbox 2179 3148 2308 3218; x_wconf 56' lang='lat' dir='ltr'><strong>parm</strong></span> <span class='ocrx_word' id='word_1_276' title='bbox 2338 3115 2523 3220; x_wconf 50' lang='lat' dir='ltr'><strong><em>mundae</em></strong></span> 
     </span>
     <span class='ocr_line' id='line_1_25' title="bbox 509 3194 2147 3333; baseline -0.002 -54"><span class='ocrx_word' id='word_1_277' title='bbox 509 3207 651 3301; x_wconf 88' lang='lat' dir='ltr'><strong>quidem</strong></span> <span class='ocrx_word' id='word_1_278' title='bbox 682 3218 779 3277; x_wconf 91' lang='lat' dir='ltr'><strong>tanta</strong></span> <span class='ocrx_word' id='word_1_279' title='bbox 804 3207 849 3276; x_wconf 93' lang='lat' dir='ltr'><strong>sit</strong></span> <span class='ocrx_word' id='word_1_280' title='bbox 875 3229 996 3276; x_wconf 90' lang='lat' dir='ltr'><strong>eornm</strong></span> <span class='ocrx_word' id='word_1_281' title='bbox 1023 3206 1196 3290; x_wconf 88' lang='lat' dir='ltr'><strong>amentia,</strong></span> <span class='ocrx_word' id='word_1_282' title='bbox 1236 3203 1386 3298; x_wconf 91' lang='lat' dir='ltr'><strong>utquid</strong></span> <span class='ocrx_word' id='word_1_283' title='bbox 1416 3203 1488 3275; x_wconf 89' lang='lat' dir='ltr'><strong>sint</strong></span> <span class='ocrx_word' id='word_1_284' title='bbox 1929 3194 2147 3333; x_wconf 48' lang='lat' dir='ltr'><strong><em>‘Momm&#39;</em></strong></span> 
     </span>
     <span class='ocr_line' id='line_1_26' title="bbox 507 3288 2141 3400; baseline -0.003 -22"><span class='ocrx_word' id='word_1_285' title='bbox 507 3308 602 3379; x_wconf 89' lang='lat' dir='ltr'><strong>bona</strong></span> <span class='ocrx_word' id='word_1_286' title='bbox 616 3330 722 3400; x_wconf 92' lang='lat' dir='ltr'><strong>opera</strong></span> <span class='ocrx_word' id='word_1_287' title='bbox 737 3320 773 3378; x_wconf 89' lang='lat' dir='ltr'><strong>et</strong></span> <span class='ocrx_word' id='word_1_288' title='bbox 787 3307 897 3389; x_wconf 91' lang='lat' dir='ltr'><strong>mala,</strong></span> <span class='ocrx_word' id='word_1_289' title='bbox 921 3330 995 3376; x_wconf 91' lang='lat' dir='ltr'><strong>non</strong></span> <span class='ocrx_word' id='word_1_290' title='bbox 1010 3307 1221 3398; x_wconf 78' lang='lat' dir='ltr'><strong>intelligant.</strong></span> <span class='ocrx_word' id='word_1_291' title='bbox 1272 3301 1350 3376; x_wconf 89' lang='lat' dir='ltr'><strong>Oro</strong></span> <span class='ocrx_word' id='word_1_292' title='bbox 1370 3319 1487 3377; x_wconf 88' lang='lat' dir='ltr'><strong>autem</strong></span> <span class='ocrx_word' id='word_1_293' title='bbox 2129 3288 2141 3314; x_wconf 83' lang='lat'><em>⁰</em></span> 
     </span>
     <span class='ocr_line' id='line_1_27' title="bbox 508 3391 2559 3506; baseline 0.004 -26"><span class='ocrx_word' id='word_1_294' title='bbox 508 3410 621 3483; x_wconf 85' lang='lat' dir='ltr'><strong>filium</strong></span> <span class='ocrx_word' id='word_1_295' title='bbox 634 3407 722 3492; x_wconf 89' lang='lat' dir='ltr'><strong>Dei,</strong></span> <span class='ocrx_word' id='word_1_296' title='bbox 746 3409 1098 3503; x_wconf 70' lang='lat' dir='ltr'><strong>utnosgubernetet</strong></span> <span class='ocrx_word' id='word_1_297' title='bbox 1119 3420 1290 3500; x_wconf 88' lang='lat' dir='ltr'><strong>protegat.</strong></span> <span class='ocrx_word' id='word_1_298' title='bbox 1340 3405 1436 3479; x_wconf 79' lang='lat' dir='ltr'><strong>Dixi.</strong></span> <span class='ocrx_word' id='word_1_299' title='bbox 1541 3391 1640 3479; x_wconf 75' lang='lat' dir='ltr'><strong>Cum</strong></span> <span class='ocrx_word' id='word_1_300' title='bbox 1655 3400 1753 3478; x_wconf 91' lang='lat' dir='ltr'><strong>hunc</strong></span> <span class='ocrx_word' id='word_1_301' title='bbox 1776 3431 1975 3478; x_wconf 87' lang='lat' dir='ltr'><strong>consessum</strong></span> <span class='ocrx_word' id='word_1_302' title='bbox 1998 3423 2154 3482; x_wconf 89' lang='lat' dir='ltr'><strong>vestrum</strong></span> <span class='ocrx_word' id='word_1_303' title='bbox 2177 3415 2288 3483; x_wconf 91' lang='lat' dir='ltr'><strong>oculis</strong></span> <span class='ocrx_word' id='word_1_304' title='bbox 2311 3414 2559 3506; x_wconf 73' lang='lat' dir='ltr'><strong>intueor&#39;vi-¹</strong></span> 
     </span>
     <span class='ocr_line' id='line_1_28' title="bbox 703 3509 2521 3612; baseline 0.007 -35"><span class='ocrx_word' id='word_1_305' title='bbox 703 3529 707 3535; x_wconf 82' lang='grc'>’</span> <span class='ocrx_word' id='word_1_306' title='bbox 1541 3510 1574 3577; x_wconf 92' lang='lat' dir='ltr'><strong>ri</strong></span> <span class='ocrx_word' id='word_1_307' title='bbox 1590 3509 1796 3594; x_wconf 87' lang='lat' dir='ltr'><strong>clarissimi,</strong></span> <span class='ocrx_word' id='word_1_308' title='bbox 1821 3509 1962 3593; x_wconf 83' lang='lat' dir='ltr'><strong>virtute,</strong></span> <span class='ocrx_word' id='word_1_309' title='bbox 1988 3513 2207 3600; x_wconf 91' lang='lat' dir='ltr'><strong>eruditione,</strong></span> <span class='ocrx_word' id='word_1_310' title='bbox 2229 3516 2398 3606; x_wconf 88' lang='lat' dir='ltr'><strong>dignitate</strong></span> <span class='ocrx_word' id='word_1_311' title='bbox 2415 3530 2521 3612; x_wconf 89' lang='lat' dir='ltr'><strong>atque</strong></span> 
     </span>
     <span class='ocr_line' id='line_1_29' title="bbox 830 3611 2523 3716; baseline 0.008 -38"><span class='ocrx_word' id='word_1_312' title='bbox 830 3648 889 3716; x_wconf 59' lang='lat' dir='ltr'><strong>Pr</strong></span> <span class='ocrx_word' id='word_1_313' title='bbox 898 3665 922 3715; x_wconf 65' lang='lat' dir='ltr'><strong><em>a</em></strong></span> <span class='ocrx_word' id='word_1_314' title='bbox 932 3664 978 3714; x_wconf 58' lang='grc' dir='ltr'><em>ω</em></span> <span class='ocrx_word' id='word_1_315' title='bbox 986 3644 1181 3714; x_wconf 48' lang='lat' dir='ltr'><strong>emm·</strong></span> <span class='ocrx_word' id='word_1_316' title='bbox 1541 3611 1777 3701; x_wconf 91' lang='lat' dir='ltr'><strong>amplitudine</strong></span> <span class='ocrx_word' id='word_1_317' title='bbox 1793 3624 2018 3700; x_wconf 89' lang='lat' dir='ltr'><strong>praestantes,</strong></span> <span class='ocrx_word' id='word_1_318' title='bbox 2032 3615 2145 3706; x_wconf 90' lang='lat' dir='ltr'><strong>deque</strong></span> <span class='ocrx_word' id='word_1_319' title='bbox 2160 3617 2345 3686; x_wconf 87' lang='lat' dir='ltr'><strong>excellenti</strong></span> <span class='ocrx_word' id='word_1_320' title='bbox 2361 3621 2523 3692; x_wconf 91' lang='lat' dir='ltr'><strong>doctrina</strong></span> 
     </span>
     <span class='ocr_line' id='line_1_30' title="bbox 708 3714 2522 3806; baseline 0.007 -30"><span class='ocrx_word' id='word_1_321' title='bbox 708 3781 709 3784; x_wconf 49' lang='lat'><strong>,</strong></span> <span class='ocrx_word' id='word_1_322' title='bbox 1543 3725 1675 3794; x_wconf 87' lang='lat' dir='ltr'><strong>vestra,</strong></span> <span class='ocrx_word' id='word_1_323' title='bbox 1691 3724 1735 3806; x_wconf 25' lang='lat' dir='ltr'><strong>‚et</strong></span> <span class='ocrx_word' id='word_1_324' title='bbox 1757 3733 1833 3779; x_wconf 89' lang='lat' dir='ltr'><strong>mea</strong></span> <span class='ocrx_word' id='word_1_325' title='bbox 1856 3735 1993 3781; x_wconf 91' lang='lat' dir='ltr'><strong>mecum</strong></span> <span class='ocrx_word' id='word_1_326' title='bbox 2013 3714 2125 3803; x_wconf 89' lang='lat' dir='ltr'><strong>cogito</strong></span> <span class='ocrx_word' id='word_1_327' title='bbox 2149 3716 2411 3802; x_wconf 88' lang='lat' dir='ltr'><strong>imbecillitate,</strong></span> <span class='ocrx_word' id='word_1_328' title='bbox 2442 3722 2522 3790; x_wconf 85' lang='lat' dir='ltr'><strong>ani-</strong></span> 
     </span>
     <span class='ocr_line' id='line_1_31' title="bbox 613 3808 2517 3906; baseline -0.003 -13"><span class='ocrx_word' id='word_1_329' title='bbox 613 3820 813 3894; x_wconf 85' lang='lat' dir='ltr'><strong>Clarissim&#39;e</strong></span> <span class='ocrx_word' id='word_1_330' title='bbox 845 3821 891 3897; x_wconf 91' lang='lat' dir='ltr'><strong>D.</strong></span> <span class='ocrx_word' id='word_1_331' title='bbox 923 3819 1078 3904; x_wconf 87' lang='lat' dir='ltr'><strong>Ductor,</strong></span> <span class='ocrx_word' id='word_1_332' title='bbox 1123 3831 1157 3890; x_wconf 90' lang='lat' dir='ltr'><strong>et</strong></span> <span class='ocrx_word' id='word_1_333' title='bbox 1185 3815 1490 3903; x_wconf 86' lang='lat' dir='ltr'><strong>Vicecancellarie,</strong></span> <span class='ocrx_word' id='word_1_334' title='bbox 1541 3808 1979 3882; x_wconf 87' lang='lat' dir='ltr'><strong>madvertodicturomihi</strong></span> <span class='ocrx_word' id='word_1_335' title='bbox 1999 3814 2170 3906; x_wconf 90' lang='lat' dir='ltr'><strong>quaedam</strong></span> <span class='ocrx_word' id='word_1_336' title='bbox 2192 3810 2258 3884; x_wconf 89' lang='lat' dir='ltr'><strong>hoc</strong></span> <span class='ocrx_word' id='word_1_337' title='bbox 2282 3817 2319 3884; x_wconf 91' lang='lat' dir='ltr'><strong>in</strong></span> <span class='ocrx_word' id='word_1_338' title='bbox 2343 3818 2419 3887; x_wconf 93' lang='lat' dir='ltr'><strong>loco</strong></span> <span class='ocrx_word' id='word_1_339' title='bbox 2444 3845 2517 3888; x_wconf 91' lang='lat' dir='ltr'><strong>non</strong></span> 
     </span>
     <span class='ocr_line' id='line_1_32' title="bbox 509 3914 2517 4017; baseline -0.002 -24"><span class='ocrx_word' id='word_1_340' title='bbox 509 3922 721 4017; x_wconf 89' lang='lat' dir='ltr'><strong>Praeceptor</strong></span> <span class='ocrx_word' id='word_1_341' title='bbox 741 3923 976 3995; x_wconf 77' lang='lat' dir='ltr'><strong>observande:</strong></span> <span class='ocrx_word' id='word_1_342' title='bbox 1003 3918 1143 4013; x_wconf 75' lang='lat' dir='ltr'><strong>Veritas</strong></span> <span class='ocrx_word' id='word_1_343' title='bbox 1159 3918 1234 4010; x_wconf 90' lang='lat' dir='ltr'><strong>ipsa</strong></span> <span class='ocrx_word' id='word_1_344' title='bbox 1248 3919 1315 3988; x_wconf 89' lang='lat' dir='ltr'><strong>sibi</strong></span> <span class='ocrx_word' id='word_1_345' title='bbox 1331 3919 1490 3988; x_wconf 88' lang='lat' dir='ltr'><strong>testimo·</strong></span> <span class='ocrx_word' id='word_1_346' title='bbox 1541 3927 1614 3981; x_wconf 91' lang='lat' dir='ltr'><strong>tam</strong></span> <span class='ocrx_word' id='word_1_347' title='bbox 1640 3914 1853 3997; x_wconf 90' lang='lat' dir='ltr'><strong>attentione,</strong></span> <span class='ocrx_word' id='word_1_348' title='bbox 1895 3939 2000 4006; x_wconf 90' lang='lat' dir='ltr'><strong>quam</strong></span> <span class='ocrx_word' id='word_1_349' title='bbox 2028 3917 2159 3985; x_wconf 85' lang='lat' dir='ltr'><strong>favoris</strong></span> <span class='ocrx_word' id='word_1_350' title='bbox 2187 3930 2221 3986; x_wconf 88' lang='lat' dir='ltr'><strong>et</strong></span> <span class='ocrx_word' id='word_1_351' title='bbox 2253 3920 2517 3990; x_wconf 88' lang='lat' dir='ltr'><strong>benevolentiae</strong></span> 
     </span>
     <span class='ocr_line' id='line_1_33' title="bbox 511 4015 2520 4115; baseline -0.001 -21"><span class='ocrx_word' id='word_1_352' title='bbox 511 4026 613 4096; x_wconf 90' lang='lat' dir='ltr'><strong>nium</strong></span> <span class='ocrx_word' id='word_1_353' title='bbox 629 4027 756 4098; x_wconf 89' lang='lat' dir='ltr'><strong>tribuit</strong></span> <span class='ocrx_word' id='word_1_354' title='bbox 772 4026 915 4115; x_wconf 89' lang='lat' dir='ltr'><strong>ubique,</strong></span> <span class='ocrx_word' id='word_1_355' title='bbox 936 4016 1233 4112; x_wconf 87' lang='lat' dir='ltr'><strong>inquitGalenus.</strong></span> <span class='ocrx_word' id='word_1_356' title='bbox 1283 4017 1364 4089; x_wconf 92' lang='lat' dir='ltr'><strong>Non</strong></span> <span class='ocrx_word' id='word_1_357' title='bbox 1381 4020 1490 4110; x_wconf 91' lang='lat' dir='ltr'><strong>igitur</strong></span> <span class='ocrx_word' id='word_1_358' title='bbox 1542 4028 1677 4083; x_wconf 69' lang='lat' dir='ltr'><strong>vestrae</strong></span> <span class='ocrx_word' id='word_1_359' title='bbox 1699 4015 1826 4084; x_wconf 73' lang='lat' dir='ltr'><strong>studiis</strong></span> <span class='ocrx_word' id='word_1_360' title='bbox 1848 4038 1937 4105; x_wconf 77' lang='lat' dir='ltr'><strong>opus</strong></span> <span class='ocrx_word' id='word_1_361' title='bbox 1961 4039 2046 4090; x_wconf 76' lang='lat' dir='ltr'><strong>csse.</strong></span> <span class='ocrx_word' id='word_1_362' title='bbox 2098 4015 2198 4107; x_wconf 85' lang='lat' dir='ltr'><strong>Quae</strong></span> <span class='ocrx_word' id='word_1_363' title='bbox 2223 4021 2366 4114; x_wconf 88' lang='lat' dir='ltr'><strong>quidem</strong></span> <span class='ocrx_word' id='word_1_364' title='bbox 2388 4034 2520 4091; x_wconf 89' lang='lat' dir='ltr'><strong>utnon</strong></span> 
     </span>
     <span class='ocr_line' id='line_1_34' title="bbox 510 4111 2522 4217; baseline -0.001 -22"><span class='ocrx_word' id='word_1_365' title='bbox 510 4127 548 4195; x_wconf 88' lang='lat' dir='ltr'><strong>in</strong></span> <span class='ocrx_word' id='word_1_366' title='bbox 565 4128 760 4217; x_wconf 89' lang='lat' dir='ltr'><strong>praeseutia</strong></span> <span class='ocrx_word' id='word_1_367' title='bbox 775 4127 879 4212; x_wconf 90' lang='lat' dir='ltr'><strong>longa</strong></span> <span class='ocrx_word' id='word_1_368' title='bbox 898 4121 1234 4191; x_wconf 90' lang='lat' dir='ltr'><strong>commemoratione</strong></span> <span class='ocrx_word' id='word_1_369' title='bbox 1257 4134 1359 4206; x_wconf 90' lang='lat' dir='ltr'><strong>utar,</strong></span> <span class='ocrx_word' id='word_1_370' title='bbox 1392 4124 1488 4214; x_wconf 91' lang='lat' dir='ltr'><strong>quod</strong></span> <span class='ocrx_word' id='word_1_371' title='bbox 1541 4115 1730 4184; x_wconf 64' lang='lat' dir='ltr'><strong>difficulter</strong></span> <span class='ocrx_word' id='word_1_372' title='bbox 1744 4111 1832 4184; x_wconf 69' lang='lat' dir='ltr'><strong>mihi</strong></span> <span class='ocrx_word' id='word_1_373' title='bbox 1849 4120 2039 4204; x_wconf 87' lang='lat' dir='ltr'><strong>praestetis,</strong></span> <span class='ocrx_word' id='word_1_374' title='bbox 2056 4119 2129 4187; x_wconf 88' lang='lat' dir='ltr'><strong>duo</strong></span> <span class='ocrx_word' id='word_1_375' title='bbox 2148 4144 2211 4189; x_wconf 85' lang='lat' dir='ltr'><strong>vos</strong></span> <span class='ocrx_word' id='word_1_376' title='bbox 2225 4146 2365 4190; x_wconf 90' lang='lat' dir='ltr'><strong>movere</strong></span> <span class='ocrx_word' id='word_1_377' title='bbox 2381 4124 2522 4193; x_wconf 82' lang='lat' dir='ltr'><strong>debent.</strong></span> 
     </span>
     <span class='ocr_line' id='line_1_35' title="bbox 509 4213 2522 4313; baseline -0.002 -19"><span class='ocrx_word' id='word_1_378' title='bbox 509 4221 549 4295; x_wconf 89' lang='lat' dir='ltr'><strong>in</strong></span> <span class='ocrx_word' id='word_1_379' title='bbox 566 4229 671 4298; x_wconf 91' lang='lat' dir='ltr'><strong>rebus</strong></span> <span class='ocrx_word' id='word_1_380' title='bbox 684 4224 858 4312; x_wconf 84' lang='lat' dir='ltr'><strong>ambiguis</strong></span> <span class='ocrx_word' id='word_1_381' title='bbox 873 4235 907 4292; x_wconf 89' lang='lat' dir='ltr'><strong>et</strong></span> <span class='ocrx_word' id='word_1_382' title='bbox 924 4223 1054 4311; x_wconf 90' lang='lat' dir='ltr'><strong>ignotis</strong></span> <span class='ocrx_word' id='word_1_383' title='bbox 1070 4222 1146 4291; x_wconf 89' lang='lat' dir='ltr'><strong>lieri</strong></span> <span class='ocrx_word' id='word_1_384' title='bbox 1161 4223 1260 4295; x_wconf 88' lang='lat' dir='ltr'><strong>solet.</strong></span> <span class='ocrx_word' id='word_1_385' title='bbox 1286 4220 1377 4292; x_wconf 89' lang='lat' dir='ltr'><strong>Nota</strong></span> <span class='ocrx_word' id='word_1_386' title='bbox 1394 4224 1489 4292; x_wconf 90' lang='lat' dir='ltr'><strong>enim</strong></span> <span class='ocrx_word' id='word_1_387' title='bbox 1541 4213 1631 4284; x_wconf 82' lang='lat' dir='ltr'><strong>Nam</strong></span> <span class='ocrx_word' id='word_1_388' title='bbox 1654 4239 1768 4307; x_wconf 90' lang='lat' dir='ltr'><strong>neque</strong></span> <span class='ocrx_word' id='word_1_389' title='bbox 1797 4215 1935 4305; x_wconf 89' lang='lat' dir='ltr'><strong>privato</strong></span> <span class='ocrx_word' id='word_1_390' title='bbox 1964 4219 2114 4287; x_wconf 91' lang='lat' dir='ltr'><strong>consilio</strong></span> <span class='ocrx_word' id='word_1_391' title='bbox 2146 4217 2209 4293; x_wconf 90' lang='lat' dir='ltr'><strong>has</strong></span> <span class='ocrx_word' id='word_1_392' title='bbox 2235 4223 2376 4292; x_wconf 91' lang='lat' dir='ltr'><strong>dicendi</strong></span> <span class='ocrx_word' id='word_1_393' title='bbox 2409 4238 2522 4313; x_wconf 87' lang='lat' dir='ltr'><strong>partes</strong></span> 
     </span>
     <span class='ocr_line' id='line_1_36' title="bbox 510 4317 2521 4416; baseline -0.001 -20"><span class='ocrx_word' id='word_1_394' title='bbox 510 4341 562 4397; x_wconf 89' lang='lat' dir='ltr'><strong>est</strong></span> <span class='ocrx_word' id='word_1_395' title='bbox 575 4324 682 4398; x_wconf 91' lang='lat' dir='ltr'><strong>huius</strong></span> <span class='ocrx_word' id='word_1_396' title='bbox 699 4325 802 4395; x_wconf 90' lang='lat' dir='ltr'><strong>amici</strong></span> <span class='ocrx_word' id='word_1_397' title='bbox 819 4324 931 4392; x_wconf 90' lang='lat' dir='ltr'><strong>nostri</strong></span> <span class='ocrx_word' id='word_1_398' title='bbox 941 4321 990 4392; x_wconf 91' lang='lat' dir='ltr'><strong>M.</strong></span> <span class='ocrx_word' id='word_1_399' title='bbox 1001 4320 1146 4415; x_wconf 90' lang='lat' dir='ltr'><strong>Caspari</strong></span> <span class='ocrx_word' id='word_1_400' title='bbox 1160 4322 1308 4392; x_wconf 87' lang='lat' dir='ltr'><strong>Peuceri</strong></span> <span class='ocrx_word' id='word_1_401' title='bbox 1325 4324 1487 4415; x_wconf 88' lang='lat' dir='ltr'><strong>doctrina</strong></span> <span class='ocrx_word' id='word_1_402' title='bbox 1541 4317 1695 4407; x_wconf 65' lang='lat' dir='ltr'><strong>sumpsi,</strong></span> <span class='ocrx_word' id='word_1_403' title='bbox 1718 4318 1777 4384; x_wconf 70' lang='lat' dir='ltr'><strong>sed</strong></span> <span class='ocrx_word' id='word_1_404' title='bbox 1794 4317 1960 4386; x_wconf 68' lang='lat' dir='ltr'><strong>mundato</strong></span> <span class='ocrx_word' id='word_1_405' title='bbox 1984 4331 2017 4388; x_wconf 79' lang='lat' dir='ltr'><strong>el</strong></span> <span class='ocrx_word' id='word_1_406' title='bbox 2040 4322 2228 4393; x_wconf 78' lang='lat' dir='ltr'><strong>autoritate</strong></span> <span class='ocrx_word' id='word_1_407' title='bbox 2250 4324 2388 4410; x_wconf 86' lang='lat' dir='ltr'><strong>legum,</strong></span> <span class='ocrx_word' id='word_1_408' title='bbox 2414 4349 2521 4416; x_wconf 88' lang='lat' dir='ltr'><strong>quam</strong></span> 
     </span>
     <span class='ocr_line' id='line_1_37' title="bbox 509 4417 2520 4517; baseline -0.001 -21"><span class='ocrx_word' id='word_1_409' title='bbox 509 4450 584 4497; x_wconf 91' lang='lat' dir='ltr'><strong>non</strong></span> <span class='ocrx_word' id='word_1_410' title='bbox 597 4425 681 4499; x_wconf 94' lang='lat' dir='ltr'><strong>huic</strong></span> <span class='ocrx_word' id='word_1_411' title='bbox 699 4438 836 4498; x_wconf 91' lang='lat' dir='ltr'><strong>tantum</strong></span> <span class='ocrx_word' id='word_1_412' title='bbox 851 4422 1082 4510; x_wconf 88' lang='lat' dir='ltr'><strong>Academiae,</strong></span> <span class='ocrx_word' id='word_1_413' title='bbox 1108 4424 1168 4494; x_wconf 88' lang='lat' dir='ltr'><strong>sed</strong></span> <span class='ocrx_word' id='word_1_414' title='bbox 1189 4424 1254 4494; x_wconf 90' lang='lat' dir='ltr'><strong>toti</strong></span> <span class='ocrx_word' id='word_1_415' title='bbox 1272 4422 1488 4495; x_wconf 87' lang='lat' dir='ltr'><strong>Germaniae</strong></span> <span class='ocrx_word' id='word_1_416' title='bbox 1542 4418 1658 4487; x_wconf 75' lang='lat' dir='ltr'><strong>colere</strong></span> <span class='ocrx_word' id='word_1_417' title='bbox 1672 4433 1706 4489; x_wconf 71' lang='lat' dir='ltr'><strong>el</strong></span> <span class='ocrx_word' id='word_1_418' title='bbox 1720 4417 1812 4488; x_wconf 72' lang='lat' dir='ltr'><strong>lueri</strong></span> <span class='ocrx_word' id='word_1_419' title='bbox 1829 4419 1927 4487; x_wconf 73' lang='lat' dir='ltr'><strong>decet</strong></span> <span class='ocrx_word' id='word_1_420' title='bbox 1945 4445 2087 4503; x_wconf 86' lang='lat' dir='ltr'><strong>omnes,</strong></span> <span class='ocrx_word' id='word_1_421' title='bbox 2115 4424 2177 4516; x_wconf 91' lang='lat' dir='ltr'><strong>qui</strong></span> <span class='ocrx_word' id='word_1_422' title='bbox 2193 4445 2288 4504; x_wconf 87' lang='lat' dir='ltr'><strong>eam,</strong></span> <span class='ocrx_word' id='word_1_423' title='bbox 2314 4423 2351 4489; x_wconf 84' lang='lat' dir='ltr'><strong>in</strong></span> <span class='ocrx_word' id='word_1_424' title='bbox 2375 4449 2444 4517; x_wconf 91' lang='lat' dir='ltr'><strong>qua</strong></span> <span class='ocrx_word' id='word_1_425' title='bbox 2466 4428 2520 4494; x_wconf 88' lang='lat' dir='ltr'><strong>vi-</strong></span> 
     </span>
     <span class='ocr_line' id='line_1_38' title="bbox 510 4517 2520 4619; baseline 0.001 -25"><span class='ocrx_word' id='word_1_426' title='bbox 510 4520 544 4596; x_wconf 81' lang='lat' dir='ltr'><strong>el</strong></span> <span class='ocrx_word' id='word_1_427' title='bbox 567 4529 692 4598; x_wconf 88' lang='lat' dir='ltr'><strong>exteris</strong></span> <span class='ocrx_word' id='word_1_428' title='bbox 715 4548 857 4619; x_wconf 88' lang='lat' dir='ltr'><strong>quoque</strong></span> <span class='ocrx_word' id='word_1_429' title='bbox 878 4524 1094 4598; x_wconf 88' lang='lat' dir='ltr'><strong>nationibus.</strong></span> <span class='ocrx_word' id='word_1_430' title='bbox 1159 4521 1306 4593; x_wconf 87' lang='lat' dir='ltr'><strong>Morum</strong></span> <span class='ocrx_word' id='word_1_431' title='bbox 1335 4548 1420 4596; x_wconf 87' lang='lat' dir='ltr'><strong>vero</strong></span> <span class='ocrx_word' id='word_1_432' title='bbox 1453 4540 1487 4596; x_wconf 92' lang='lat' dir='ltr'><strong>et</strong></span> <span class='ocrx_word' id='word_1_433' title='bbox 1541 4532 1641 4599; x_wconf 74' lang='lat' dir='ltr'><strong>vunt,</strong></span> <span class='ocrx_word' id='word_1_434' title='bbox 1666 4517 1938 4610; x_wconf 71' lang='lat' dir='ltr'><strong>Rumpublicam</strong></span> <span class='ocrx_word' id='word_1_435' title='bbox 1953 4536 2189 4594; x_wconf 85' lang='lat' dir='ltr'><strong>conservatam</strong></span> <span class='ocrx_word' id='word_1_436' title='bbox 2205 4522 2365 4612; x_wconf 90' lang='lat' dir='ltr'><strong>cupiunt,</strong></span> <span class='ocrx_word' id='word_1_437' title='bbox 2391 4539 2426 4597; x_wconf 92' lang='lat' dir='ltr'><strong>et</strong></span> <span class='ocrx_word' id='word_1_438' title='bbox 2440 4552 2520 4598; x_wconf 91' lang='lat' dir='ltr'><strong>eum</strong></span> 
     </span>
     <span class='ocr_line' id='line_1_39' title="bbox 510 4621 2518 4719; baseline 0.001 -27"><span class='ocrx_word' id='word_1_439' title='bbox 510 4627 602 4696; x_wconf 87' lang='lat' dir='ltr'><strong>vitae</strong></span> <span class='ocrx_word' id='word_1_440' title='bbox 619 4624 783 4696; x_wconf 80' lang='lat' dir='ltr'><strong>honestas</strong></span> <span class='ocrx_word' id='word_1_441' title='bbox 798 4627 965 4697; x_wconf 86' lang='lat' dir='ltr'><strong>omnibus</strong></span> <span class='ocrx_word' id='word_1_442' title='bbox 986 4626 1091 4697; x_wconf 87' lang='lat' dir='ltr'><strong>nobis</strong></span> <span class='ocrx_word' id='word_1_443' title='bbox 1113 4623 1315 4709; x_wconf 88' lang='lat' dir='ltr'><strong>notissima,</strong></span> <span class='ocrx_word' id='word_1_444' title='bbox 1340 4626 1384 4693; x_wconf 91' lang='lat' dir='ltr'><strong>de</strong></span> <span class='ocrx_word' id='word_1_445' title='bbox 1406 4626 1489 4719; x_wconf 89' lang='lat' dir='ltr'><strong>qni·</strong></span> <span class='ocrx_word' id='word_1_446' title='bbox 1541 4621 1799 4712; x_wconf 89' lang='lat' dir='ltr'><strong>tranquillitate</strong></span> <span class='ocrx_word' id='word_1_447' title='bbox 1814 4643 1854 4690; x_wconf 93' lang='lat' dir='ltr'><strong>ac</strong></span> <span class='ocrx_word' id='word_1_448' title='bbox 1870 4622 2059 4711; x_wconf 86' lang='lat' dir='ltr'><strong>dignitate,</strong></span> <span class='ocrx_word' id='word_1_449' title='bbox 2080 4624 2264 4693; x_wconf 85' lang='lat' dir='ltr'><strong>florentem</strong></span> <span class='ocrx_word' id='word_1_450' title='bbox 2283 4638 2319 4696; x_wconf 88' lang='lat' dir='ltr'><strong>et</strong></span> <span class='ocrx_word' id='word_1_451' title='bbox 2339 4628 2518 4697; x_wconf 88' lang='lat' dir='ltr'><strong>stabilem:</strong></span> 
     </span>
     <span class='ocr_line' id='line_1_40' title="bbox 509 4715 2517 4820; baseline 0 -24"><span class='ocrx_word' id='word_1_452' title='bbox 509 4725 577 4796; x_wconf 90' lang='lat' dir='ltr'><strong>bus</strong></span> <span class='ocrx_word' id='word_1_453' title='bbox 593 4729 686 4820; x_wconf 91' lang='lat' dir='ltr'><strong>quod</strong></span> <span class='ocrx_word' id='word_1_454' title='bbox 702 4723 823 4797; x_wconf 91' lang='lat' dir='ltr'><strong>hocin</strong></span> <span class='ocrx_word' id='word_1_455' title='bbox 841 4728 920 4798; x_wconf 91' lang='lat' dir='ltr'><strong>loco</strong></span> <span class='ocrx_word' id='word_1_456' title='bbox 935 4726 1101 4818; x_wconf 90' lang='lat' dir='ltr'><strong>pauciora</strong></span> <span class='ocrx_word' id='word_1_457' title='bbox 1114 4725 1215 4807; x_wconf 88' lang='lat' dir='ltr'><strong>dico,</strong></span> <span class='ocrx_word' id='word_1_458' title='bbox 1246 4724 1283 4793; x_wconf 94' lang='lat' dir='ltr'><strong>id</strong></span> <span class='ocrx_word' id='word_1_459' title='bbox 1298 4724 1388 4793; x_wconf 83' lang='lat' dir='ltr'><strong>facio</strong></span> <span class='ocrx_word' id='word_1_460' title='bbox 1402 4749 1488 4816; x_wconf 86' lang='lat' dir='ltr'><strong>pro·</strong></span> <span class='ocrx_word' id='word_1_461' title='bbox 1540 4743 1656 4812; x_wconf 90' lang='lat' dir='ltr'><strong>neque</strong></span> <span class='ocrx_word' id='word_1_462' title='bbox 1684 4723 1841 4813; x_wconf 84' lang='lat' dir='ltr'><strong>exemplo</strong></span> <span class='ocrx_word' id='word_1_463' title='bbox 1864 4715 1934 4793; x_wconf 88' lang='lat' dir='ltr'><strong>hoc</strong></span> <span class='ocrx_word' id='word_1_464' title='bbox 1949 4747 2054 4793; x_wconf 86' lang='lat' dir='ltr'><strong>novo</strong></span> <span class='ocrx_word' id='word_1_465' title='bbox 2075 4722 2184 4807; x_wconf 80' lang='lat' dir='ltr'><strong>facio,</strong></span> <span class='ocrx_word' id='word_1_466' title='bbox 2221 4726 2283 4793; x_wconf 91' lang='lat' dir='ltr'><strong>sed</strong></span> <span class='ocrx_word' id='word_1_467' title='bbox 2313 4727 2517 4819; x_wconf 89' lang='lat' dir='ltr'><strong>obtempero</strong></span> 
     </span>
     <span class='ocr_line' id='line_1_41' title="bbox 509 4821 2521 4921; baseline 0 -24"><span class='ocrx_word' id='word_1_468' title='bbox 509 4839 588 4916; x_wconf 87' lang='lat' dir='ltr'><strong>pter</strong></span> <span class='ocrx_word' id='word_1_469' title='bbox 603 4828 714 4920; x_wconf 91' lang='lat' dir='ltr'><strong>ipsius</strong></span> <span class='ocrx_word' id='word_1_470' title='bbox 727 4828 932 4898; x_wconf 89' lang='lat' dir='ltr'><strong>modestiam</strong></span> <span class='ocrx_word' id='word_1_471' title='bbox 947 4841 981 4899; x_wconf 89' lang='lat' dir='ltr'><strong>et</strong></span> <span class='ocrx_word' id='word_1_472' title='bbox 997 4824 1256 4901; x_wconf 88' lang='lat' dir='ltr'><strong>verecundiam.</strong></span> <span class='ocrx_word' id='word_1_473' title='bbox 1286 4822 1377 4894; x_wconf 91' lang='lat' dir='ltr'><strong>Nam</strong></span> <span class='ocrx_word' id='word_1_474' title='bbox 1392 4830 1489 4921; x_wconf 90' lang='lat' dir='ltr'><strong>quod</strong></span> <span class='ocrx_word' id='word_1_475' title='bbox 1540 4821 1801 4892; x_wconf 88' lang='lat' dir='ltr'><strong>laudatissimae</strong></span> <span class='ocrx_word' id='word_1_476' title='bbox 1823 4824 2088 4909; x_wconf 90' lang='lat' dir='ltr'><strong>consuetudini,</strong></span> <span class='ocrx_word' id='word_1_477' title='bbox 2119 4847 2209 4916; x_wconf 92' lang='lat' dir='ltr'><strong>qnae</strong></span> <span class='ocrx_word' id='word_1_478' title='bbox 2231 4825 2381 4916; x_wconf 87' lang='lat' dir='ltr'><strong>sapienti</strong></span> <span class='ocrx_word' id='word_1_479' title='bbox 2403 4829 2521 4900; x_wconf 82' lang='lat' dir='ltr'><strong>maio-</strong></span> 
     </span>
     <span class='ocr_line' id='line_1_42' title="bbox 509 4922 2520 5022; baseline 0.001 -27"><span class='ocrx_word' id='word_1_480' title='bbox 509 4923 1101 5022; x_wconf 79' lang='lat' dir='ltr'><strong>deAmphiaraoAeschylusdixit:</strong></span> <span class='ocrx_word' id='word_1_481' title='bbox 1129 4923 1173 4998; x_wconf 82' lang='grc' dir='ltr'><strong>οὐ</strong></span> <span class='ocrx_word' id='word_1_482' title='bbox 1189 4922 1314 4998; x_wconf 78' lang='grc' dir='ltr'><em>δοκεῖν</em></span> <span class='ocrx_word' id='word_1_483' title='bbox 1327 4924 1488 5020; x_wconf 80' lang='grc' dir='ltr'><em>ἄριστος,</em></span> <span class='ocrx_word' id='word_1_484' title='bbox 1540 4947 1621 4991; x_wconf 92' lang='lat' dir='ltr'><strong>rum</strong></span> <span class='ocrx_word' id='word_1_485' title='bbox 1637 4923 1786 4993; x_wconf 89' lang='lat' dir='ltr'><strong>consilio</strong></span> <span class='ocrx_word' id='word_1_486' title='bbox 1802 4925 2022 5010; x_wconf 91' lang='lat' dir='ltr'><strong>introducta,</strong></span> <span class='ocrx_word' id='word_1_487' title='bbox 2053 4938 2087 4995; x_wconf 91' lang='lat' dir='ltr'><strong>et</strong></span> <span class='ocrx_word' id='word_1_488' title='bbox 2105 4950 2124 4994; x_wconf 91' lang='lat' dir='ltr'><strong>a</strong></span> <span class='ocrx_word' id='word_1_489' title='bbox 2140 4926 2262 4996; x_wconf 90' lang='lat' dir='ltr'><strong>multis</strong></span> <span class='ocrx_word' id='word_1_490' title='bbox 2285 4941 2366 4998; x_wconf 91' lang='lat' dir='ltr'><strong>ante</strong></span> <span class='ocrx_word' id='word_1_491' title='bbox 2387 4953 2446 4998; x_wconf 88' lang='lat' dir='ltr'><strong>me</strong></span> <span class='ocrx_word' id='word_1_492' title='bbox 2462 4955 2520 5001; x_wconf 89' lang='lat' dir='ltr'><strong>ce·</strong></span> 
     </span>
     <span class='ocr_line' id='line_1_43' title="bbox 510 5023 2520 5119; baseline 0.002 -23"><span class='ocrx_word' id='word_1_493' title='bbox 510 5023 583 5099; x_wconf 76' lang='lat' dir='ltr'><strong>dtt’</strong></span> <span class='ocrx_word' id='word_1_494' title='bbox 611 5025 704 5101; x_wconf 77' lang='grc' dir='ltr'><strong><em>εἶναι</em></strong></span> <span class='ocrx_word' id='word_1_495' title='bbox 726 5026 845 5115; x_wconf 74' lang='grc' dir='ltr'><strong><em>θέλει,</em></strong></span> <span class='ocrx_word' id='word_1_496' title='bbox 876 5052 929 5099; x_wconf 86' lang='lat' dir='ltr'><strong>eo</strong></span> <span class='ocrx_word' id='word_1_497' title='bbox 954 5028 1073 5098; x_wconf 89' lang='lat' dir='ltr'><strong>animo</strong></span> <span class='ocrx_word' id='word_1_498' title='bbox 1098 5040 1133 5100; x_wconf 90' lang='lat' dir='ltr'><strong>et</strong></span> <span class='ocrx_word' id='word_1_499' title='bbox 1160 5027 1275 5119; x_wconf 93' lang='lat' dir='ltr'><strong>ipsum</strong></span> <span class='ocrx_word' id='word_1_500' title='bbox 1308 5050 1382 5098; x_wconf 87' lang='lat' dir='ltr'><strong>esse</strong></span> <span class='ocrx_word' id='word_1_501' title='bbox 1404 5029 1487 5110; x_wconf 87' lang='lat' dir='ltr'><strong>scio,</strong></span> <span class='ocrx_word' id='word_1_502' title='bbox 1538 5024 1692 5112; x_wconf 89' lang='lat' dir='ltr'><strong>lebrata,</strong></span> <span class='ocrx_word' id='word_1_503' title='bbox 1717 5039 1752 5097; x_wconf 91' lang='lat' dir='ltr'><strong>et</strong></span> <span class='ocrx_word' id='word_1_504' title='bbox 1767 5027 2233 5118; x_wconf 86' lang='lat' dir='ltr'><strong>ipsorummendatalrnctu</strong></span> <span class='ocrx_word' id='word_1_505' title='bbox 2256 5043 2290 5099; x_wconf 89' lang='lat' dir='ltr'><strong>et</strong></span> <span class='ocrx_word' id='word_1_506' title='bbox 2314 5033 2520 5103; x_wconf 86' lang='lat' dir='ltr'><strong>necessitate</strong></span> 
     </span>
     <span class='ocr_line' id='line_1_44' title="bbox 508 5123 2518 5222; baseline 0.001 -25"><span class='ocrx_word' id='word_1_507' title='bbox 508 5132 648 5202; x_wconf 82' lang='lat' dir='ltr'><strong>mavult</strong></span> <span class='ocrx_word' id='word_1_508' title='bbox 658 5153 730 5200; x_wconf 91' lang='lat' dir='ltr'><strong>esse</strong></span> <span class='ocrx_word' id='word_1_509' title='bbox 743 5132 877 5216; x_wconf 90' lang='lat' dir='ltr'><strong>bonus,</strong></span> <span class='ocrx_word' id='word_1_510' title='bbox 902 5153 1002 5221; x_wconf 87' lang='lat' dir='ltr'><strong>mage</strong></span> <span class='ocrx_word' id='word_1_511' title='bbox 1015 5153 1122 5222; x_wconf 91' lang='lat' dir='ltr'><strong>quam</strong></span> <span class='ocrx_word' id='word_1_512' title='bbox 1137 5131 1255 5202; x_wconf 89' lang='lat' dir='ltr'><strong>bonus</strong></span> <span class='ocrx_word' id='word_1_513' title='bbox 1267 5146 1342 5213; x_wconf 86' lang='lat' dir='ltr'><strong>esse</strong></span> <span class='ocrx_word' id='word_1_514' title='bbox 1357 5129 1485 5205; x_wconf 85' lang='lat' dir='ltr'><strong>videri.</strong></span> <span class='ocrx_word' id='word_1_515' title='bbox 1538 5149 1677 5217; x_wconf 90' lang='lat' dir='ltr'><strong>semper</strong></span> <span class='ocrx_word' id='word_1_516' title='bbox 1699 5123 1768 5198; x_wconf 86' lang='lat' dir='ltr'><strong>huc</strong></span> <span class='ocrx_word' id='word_1_517' title='bbox 1787 5150 1900 5221; x_wconf 88' lang='lat' dir='ltr'><strong>usque</strong></span> <span class='ocrx_word' id='word_1_518' title='bbox 1921 5126 2045 5217; x_wconf 86' lang='lat' dir='ltr'><strong>viguit.</strong></span> <span class='ocrx_word' id='word_1_519' title='bbox 2100 5128 2163 5200; x_wconf 90' lang='lat' dir='ltr'><strong>Me</strong></span> <span class='ocrx_word' id='word_1_520' title='bbox 2179 5151 2263 5199; x_wconf 90' lang='lat' dir='ltr'><strong>vero</strong></span> <span class='ocrx_word' id='word_1_521' title='bbox 2281 5132 2386 5201; x_wconf 89' lang='lat' dir='ltr'><strong>etiam</strong></span> <span class='ocrx_word' id='word_1_522' title='bbox 2402 5135 2518 5202; x_wconf 88' lang='lat' dir='ltr'><strong>re&#39;cor·</strong></span> 
     </span>
     <span class='ocr_line' id='line_1_45' title="bbox 605 5223 2518 5321; baseline 0.001 -20"><span class='ocrx_word' id='word_1_523' title='bbox 605 5230 833 5302; x_wconf 91' lang='lat' dir='ltr'><strong>lntercedunt</strong></span> <span class='ocrx_word' id='word_1_524' title='bbox 855 5245 972 5304; x_wconf 89' lang='lat' dir='ltr'><strong>autem</strong></span> <span class='ocrx_word' id='word_1_525' title='bbox 994 5243 1028 5302; x_wconf 90' lang='lat' dir='ltr'><strong>et</strong></span> <span class='ocrx_word' id='word_1_526' title='bbox 1049 5231 1139 5301; x_wconf 90' lang='lat' dir='ltr'><strong>aliae</strong></span> <span class='ocrx_word' id='word_1_527' title='bbox 1160 5231 1384 5320; x_wconf 83' lang='lat' dir='ltr'><strong>gravissimae</strong></span> <span class='ocrx_word' id='word_1_528' title='bbox 1404 5255 1488 5304; x_wconf 92' lang='lat' dir='ltr'><strong>can·</strong></span> <span class='ocrx_word' id='word_1_529' title='bbox 1539 5227 1637 5300; x_wconf 90' lang='lat' dir='ltr'><strong>datio</strong></span> <span class='ocrx_word' id='word_1_530' title='bbox 1677 5229 1984 5321; x_wconf 85' lang='lat' dir='ltr'><strong>consideratioque</strong></span> <span class='ocrx_word' id='word_1_531' title='bbox 2017 5253 2176 5300; x_wconf 90' lang='lat' dir='ltr'><strong>summae</strong></span> <span class='ocrx_word' id='word_1_532' title='bbox 2214 5223 2445 5301; x_wconf 89' lang='lat' dir='ltr'><strong>humanitatis</strong></span> <span class='ocrx_word' id='word_1_533' title='bbox 2484 5247 2518 5303; x_wconf 91' lang='lat' dir='ltr'><strong>et</strong></span> 
     </span>
     <span class='ocr_line' id='line_1_46' title="bbox 506 5328 2517 5426; baseline 0.001 -27"><span class='ocrx_word' id='word_1_534' title='bbox 506 5352 577 5416; x_wconf 90' lang='lat' dir='ltr'><strong>sae,</strong></span> <span class='ocrx_word' id='word_1_535' title='bbox 601 5344 707 5424; x_wconf 85' lang='lat' dir='ltr'><strong>atque</strong></span> <span class='ocrx_word' id='word_1_536' title='bbox 720 5331 940 5404; x_wconf 87' lang='lat' dir='ltr'><strong>necessitudo</strong></span> <span class='ocrx_word' id='word_1_537' title='bbox 955 5347 1065 5417; x_wconf 88' lang='lat' dir='ltr'><strong>vetus,</strong></span> <span class='ocrx_word' id='word_1_538' title='bbox 1086 5346 1126 5402; x_wconf 93' lang='lat' dir='ltr'><strong>ut</strong></span> <span class='ocrx_word' id='word_1_539' title='bbox 1141 5332 1258 5423; x_wconf 86' lang='lat' dir='ltr'><strong>ipsum</strong></span> <span class='ocrx_word' id='word_1_540' title='bbox 1274 5356 1487 5426; x_wconf 87' lang='lat' dir='ltr'><strong>quocunque</strong></span> <span class='ocrx_word' id='word_1_541' title='bbox 1538 5331 1725 5423; x_wconf 89' lang='lat' dir='ltr'><strong>aequitatis</strong></span> <span class='ocrx_word' id='word_1_542' title='bbox 1741 5343 1896 5415; x_wconf 88' lang='lat' dir='ltr'><strong>vestrae,</strong></span> <span class='ocrx_word' id='word_1_543' title='bbox 1920 5354 1991 5422; x_wconf 87' lang='lat' dir='ltr'><strong>qua</strong></span> <span class='ocrx_word' id='word_1_544' title='bbox 2006 5349 2047 5408; x_wconf 84' lang='lat' dir='ltr'><strong>ex</strong></span> <span class='ocrx_word' id='word_1_545' title='bbox 2063 5328 2131 5403; x_wconf 91' lang='lat' dir='ltr'><strong>hoc</strong></span> <span class='ocrx_word' id='word_1_546' title='bbox 2146 5333 2223 5423; x_wconf 90' lang='lat' dir='ltr'><strong>ipso</strong></span> <span class='ocrx_word' id='word_1_547' title='bbox 2244 5332 2322 5402; x_wconf 93' lang='lat' dir='ltr'><strong>loco</strong></span> <span class='ocrx_word' id='word_1_548' title='bbox 2344 5333 2481 5403; x_wconf 89' lang='lat' dir='ltr'><strong>auditos</strong></span> <span class='ocrx_word' id='word_1_549' title='bbox 2498 5357 2517 5402; x_wconf 85' lang='lat' dir='ltr'><strong>a</strong></span> 
     </span>
     <span class='ocr_line' id='line_1_47' title="bbox 507 5431 2518 5529; baseline 0.001 -29"><span class='ocrx_word' id='word_1_550' title='bbox 507 5444 664 5522; x_wconf 89' lang='lat' dir='ltr'><strong>tempore</strong></span> <span class='ocrx_word' id='word_1_551' title='bbox 687 5433 807 5503; x_wconf 90' lang='lat' dir='ltr'><strong>iuvare</strong></span> <span class='ocrx_word' id='word_1_552' title='bbox 829 5448 864 5506; x_wconf 90' lang='lat' dir='ltr'><strong>et</strong></span> <span class='ocrx_word' id='word_1_553' title='bbox 887 5456 1014 5505; x_wconf 87' lang='lat' dir='ltr'><strong>ornare</strong></span> <span class='ocrx_word' id='word_1_554' title='bbox 1036 5433 1243 5516; x_wconf 86' lang='lat' dir='ltr'><strong>debeamus,</strong></span> <span class='ocrx_word' id='word_1_555' title='bbox 1267 5434 1364 5523; x_wconf 91' lang='lat' dir='ltr'><strong>quod</strong></span> <span class='ocrx_word' id='word_1_556' title='bbox 1386 5435 1487 5504; x_wconf 91' lang='lat' dir='ltr'><strong>utli·</strong></span> <span class='ocrx_word' id='word_1_557' title='bbox 1538 5433 1640 5501; x_wconf 87' lang='lat' dir='ltr'><strong>vobis</strong></span> <span class='ocrx_word' id='word_1_558' title='bbox 1659 5447 1742 5506; x_wconf 89' lang='lat' dir='ltr'><strong>ante</strong></span> <span class='ocrx_word' id='word_1_559' title='bbox 1759 5455 1816 5502; x_wconf 90' lang='lat' dir='ltr'><strong>me</strong></span> <span class='ocrx_word' id='word_1_560' title='bbox 1838 5431 2026 5529; x_wconf 88' lang='lat' dir='ltr'><strong>plerosque</strong></span> <span class='ocrx_word' id='word_1_561' title='bbox 2049 5434 2215 5515; x_wconf 85' lang='lat' dir='ltr'><strong>memini,</strong></span> <span class='ocrx_word' id='word_1_562' title='bbox 2241 5434 2279 5501; x_wconf 93' lang='lat' dir='ltr'><strong>in</strong></span> <span class='ocrx_word' id='word_1_563' title='bbox 2299 5455 2396 5524; x_wconf 90' lang='lat' dir='ltr'><strong>spem</strong></span> <span class='ocrx_word' id='word_1_564' title='bbox 2421 5433 2518 5525; x_wconf 91' lang='lat' dir='ltr'><strong>opti·</strong></span> 
     </span>
     <span class='ocr_line' id='line_1_48' title="bbox 504 5532 2518 5623; baseline 0.003 -23"><span class='ocrx_word' id='word_1_565' title='bbox 504 5532 645 5603; x_wconf 89' lang='lat' dir='ltr'><strong>bentius</strong></span> <span class='ocrx_word' id='word_1_566' title='bbox 659 5533 843 5621; x_wconf 84' lang='lat' dir='ltr'><strong>iaciamus,</strong></span> <span class='ocrx_word' id='word_1_567' title='bbox 866 5535 971 5605; x_wconf 90' lang='lat' dir='ltr'><strong>etiam</strong></span> <span class='ocrx_word' id='word_1_568' title='bbox 986 5533 1097 5623; x_wconf 87' lang='lat' dir='ltr'><strong>pietas</strong></span> <span class='ocrx_word' id='word_1_569' title='bbox 1121 5553 1200 5620; x_wconf 85' lang='lat' dir='ltr'><strong>erga</strong></span> <span class='ocrx_word' id='word_1_570' title='bbox 1225 5546 1486 5622; x_wconf 90' lang='lat' dir='ltr'><strong>praeceptorem</strong></span> <span class='ocrx_word' id='word_1_571' title='bbox 1537 5557 1631 5603; x_wconf 89' lang='lat' dir='ltr'><strong>mam</strong></span> <span class='ocrx_word' id='word_1_572' title='bbox 1656 5547 1811 5606; x_wconf 87' lang='lat' dir='ltr'><strong>erectum</strong></span> <span class='ocrx_word' id='word_1_573' title='bbox 1834 5535 2037 5623; x_wconf 85' lang='lat' dir='ltr'><strong>confirmat,</strong></span> <span class='ocrx_word' id='word_1_574' title='bbox 2078 5552 2119 5609; x_wconf 93' lang='lat' dir='ltr'><strong>nt</strong></span> <span class='ocrx_word' id='word_1_575' title='bbox 2148 5536 2295 5606; x_wconf 87' lang='lat' dir='ltr'><strong>eandem</strong></span> <span class='ocrx_word' id='word_1_576' title='bbox 2317 5556 2382 5623; x_wconf 86' lang='lat' dir='ltr'><strong>ego</strong></span> <span class='ocrx_word' id='word_1_577' title='bbox 2403 5535 2518 5606; x_wconf 89' lang='lat' dir='ltr'><strong>multo</strong></span> 
     </span>
     <span class='ocr_line' id='line_1_49' title="bbox 505 5629 2519 5732; baseline 0.002 -32"><span class='ocrx_word' id='word_1_578' title='bbox 505 5656 571 5703; x_wconf 88' lang='lat' dir='ltr'><strong>nos</strong></span> <span class='ocrx_word' id='word_1_579' title='bbox 602 5631 821 5709; x_wconf 86' lang='lat' dir='ltr'><strong>adhortatur.</strong></span> <span class='ocrx_word' id='word_1_580' title='bbox 880 5633 1029 5705; x_wconf 91' lang='lat' dir='ltr'><strong>Gaudeo</strong></span> <span class='ocrx_word' id='word_1_581' title='bbox 1060 5633 1170 5723; x_wconf 84' lang='lat' dir='ltr'><strong>igitur</strong></span> <span class='ocrx_word' id='word_1_582' title='bbox 1200 5633 1362 5725; x_wconf 91' lang='lat' dir='ltr'><strong>praeberi</strong></span> <span class='ocrx_word' id='word_1_583' title='bbox 1394 5629 1485 5704; x_wconf 91' lang='lat' dir='ltr'><strong>mihi</strong></span> <span class='ocrx_word' id='word_1_584' title='bbox 1538 5635 1682 5726; x_wconf 77' lang='lat' dir='ltr'><strong>magica</strong></span> <span class='ocrx_word' id='word_1_585' title='bbox 1702 5636 1804 5708; x_wconf 88' lang='lat' dir='ltr'><strong>vobis</strong></span> <span class='ocrx_word' id='word_1_586' title='bbox 1820 5637 2031 5732; x_wconf 87' lang='lat' dir='ltr'><strong>aequitatem</strong></span> <span class='ocrx_word' id='word_1_587' title='bbox 2048 5648 2235 5729; x_wconf 87' lang='lat' dir='ltr'><strong>expectem,</strong></span> <span class='ocrx_word' id='word_1_588' title='bbox 2262 5659 2365 5729; x_wconf 91' lang='lat' dir='ltr'><strong>quam</strong></span> <span class='ocrx_word' id='word_1_589' title='bbox 2379 5630 2519 5707; x_wconf 81' lang='lat' dir='ltr'><strong>exhibi-</strong></span> 
     </span>
     <span class='ocr_line' id='line_1_50' title="bbox 504 5732 2520 5832; baseline 0.002 -28"><span class='ocrx_word' id='word_1_590' title='bbox 504 5735 784 5832; x_wconf 84' lang='lat' dir='ltr'><strong>qualemcunque</strong></span> <span class='ocrx_word' id='word_1_591' title='bbox 800 5735 1018 5812; x_wconf 87' lang='lat' dir='ltr'><strong>occasionem</strong></span> <span class='ocrx_word' id='word_1_592' title='bbox 1043 5732 1274 5806; x_wconf 87' lang='lat' dir='ltr'><strong>declarandae</strong></span> <span class='ocrx_word' id='word_1_593' title='bbox 1296 5733 1486 5824; x_wconf 90' lang='lat' dir='ltr'><strong>gratitudi·</strong></span> <span class='ocrx_word' id='word_1_594' title='bbox 1537 5747 1609 5806; x_wconf 91' lang='lat' dir='ltr'><strong>tam</strong></span> <span class='ocrx_word' id='word_1_595' title='bbox 1631 5736 1712 5807; x_wconf 90' lang='lat' dir='ltr'><strong>aliis</strong></span> <span class='ocrx_word' id='word_1_596' title='bbox 1733 5741 1920 5824; x_wconf 88' lang='lat' dir='ltr'><strong>recordor,</strong></span> <span class='ocrx_word' id='word_1_597' title='bbox 1953 5739 2017 5832; x_wconf 88' lang='lat' dir='ltr'><strong>qni</strong></span> <span class='ocrx_word' id='word_1_598' title='bbox 2041 5739 2081 5807; x_wconf 94' lang='lat' dir='ltr'><strong>in</strong></span> <span class='ocrx_word' id='word_1_599' title='bbox 2105 5736 2310 5807; x_wconf 86' lang='lat' dir='ltr'><strong>dulcissima</strong></span> <span class='ocrx_word' id='word_1_600' title='bbox 2337 5737 2520 5809; x_wconf 84' lang='lat' dir='ltr'><strong>vobiscum</strong></span> 
     </span>
     <span class='ocr_line' id='line_1_51' title="bbox 503 5832 2521 5933; baseline 0.005 -31"><span class='ocrx_word' id='word_1_601' title='bbox 503 5833 561 5904; x_wconf 86' lang='lat' dir='ltr'><strong>nis</strong></span> <span class='ocrx_word' id='word_1_602' title='bbox 584 5851 619 5911; x_wconf 88' lang='lat' dir='ltr'><strong>et</strong></span> <span class='ocrx_word' id='word_1_603' title='bbox 637 5838 880 5914; x_wconf 85' lang='lat' dir='ltr'><strong>observantiae</strong></span> <span class='ocrx_word' id='word_1_604' title='bbox 905 5861 985 5911; x_wconf 88' lang='lat' dir='ltr'><strong>curn</strong></span> <span class='ocrx_word' id='word_1_605' title='bbox 1000 5859 1082 5931; x_wconf 86' lang='lat' dir='ltr'><strong>erga</strong></span> <span class='ocrx_word' id='word_1_606' title='bbox 1097 5836 1236 5933; x_wconf 88' lang='lat' dir='ltr'><strong>ipsum,</strong></span> <span class='ocrx_word' id='word_1_607' title='bbox 1256 5832 1336 5910; x_wconf 84' lang='lat' dir='ltr'><strong>&#39;turn</strong></span> <span class='ocrx_word' id='word_1_608' title='bbox 1350 5847 1386 5909; x_wconf 89' lang='lat' dir='ltr'><strong>et</strong></span> <span class='ocrx_word' id='word_1_609' title='bbox 1400 5857 1483 5927; x_wconf 88' lang='lat' dir='ltr'><strong>erga</strong></span> <span class='ocrx_word' id='word_1_610' title='bbox 1536 5838 1732 5911; x_wconf 88' lang='lat' dir='ltr'><strong>multorum</strong></span> <span class='ocrx_word' id='word_1_611' title='bbox 1748 5859 1925 5911; x_wconf 89' lang='lat' dir='ltr'><strong>annorum</strong></span> <span class='ocrx_word' id='word_1_612' title='bbox 1939 5838 2191 5915; x_wconf 88' lang='lat' dir='ltr'><strong>coniunctione</strong></span> <span class='ocrx_word' id='word_1_613' title='bbox 2214 5850 2249 5910; x_wconf 87' lang='lat' dir='ltr'><strong>et</strong></span> <span class='ocrx_word' id='word_1_614' title='bbox 2264 5841 2521 5915; x_wconf 85' lang='lat' dir='ltr'><strong>consuetudine</strong></span> 
     </span>
    </p>
   </div>
   <div class='ocr_carea' id='block_1_3' title="bbox 0 0 3018 6773">
    <p class='ocr_par' dir='ltr' id='par_1_3' title="bbox 0 0 3018 6773">
     <span class='ocr_line' id='line_1_52' title="bbox 0 0 3018 6773; baseline 0 0"><span class='ocrx_word' id='word_1_615' title='bbox 0 0 3018 6773; x_wconf 95' lang='lat' dir='ltr'><strong> </strong></span> 
     </span>
    </p>
   </div>
  </div>
 </body>
</html>
