6025 6775
492 615 566 694 649
1121 602 1384 679 PHILIPPI
1412 598 1870 679 MELANTHONIS.
2445 611 2522 693 660

490 787 617 871 verbo,
640 809 716 856 non
732 782 848 854 solnm
864 776 1165 873 inseparabiliter,
1199 777 1263 848 aed
1285 776 1337 848 ita
1360 775 1482 863 etiam,
1531 785 1706 847 catorum.
1754 774 1859 848 ¹Vult
1886 775 1995 868 igitur
2017 778 2117 868 argui
2136 773 2265 850 'omnia
2296 796 2455 873 peccata,
2491 797 2529 858 ει

491 903 532 960 ut
551 887 621 958 nisi
644 888 694 956 sic
717 896 989 966 sustentaretur,
1030 879 1091 949 illa
1111 900 1225 950 massa
1253 902 1396 972 prorsus
1420 878 1480 947 in-
1530 879 1643 967 legem
1661 878 1820 947 enarrari
1835 880 1874 947 in
1889 878 2088 950 ministerio
2107 881 2324 972 evangelico,
2346 884 2526 979 sicutipse

494 991 626 1061 teriret.
660 1065 665 1072 ,
696 1017 699 1024 ·
1529 976 1728 1059 Dominus,
1756 981 1817 1074 qui
1837 994 1890 1052 est
1905 981 1986 1054 finis
2002 993 2037 1052 et
2054 982 2230 1074 interpres
2246 984 2333 1074 legis
2348 983 2526 1075 interpre-

595 1086 658 1159 24.
699 1084 777 1157 Etsi
801 1082 996 1174 exemplum
1021 1106 1167 1173 prorsus
1190 1082 1307 1153 simile
1337 1081 1479 1153 nullum
1529 1093 1625 1152 tator
1641 1076 1815 1151 Matthaei
1833 1078 1867 1155 5.
1887 1095 1921 1152 et
1936 1081 2042 1168 alibi,
2069 1097 2104 1154 et
2121 1085 2198 1155 vult
2215 1080 2284 1157 hoc
2301 1078 2523 1155 horrendum

494 1205 557 1275 est,
584 1203 700 1261 tamen
714 1198 863 1256 vetustas
876 1206 939 1254 usa
953 1195 1006 1253 est
1019 1178 1087 1252 hac
1099 1183 1354 1253 similitudine:
1381 1181 1480 1254 Sicut
1530 1193 1711 1273 peccatum
1742 1184 1919 1264 accusari,
1955 1185 2054 1277 qnod
2086 1179 2250 1256 homines
2279 1209 2354 1256 nou
2388 1198 2525 1257 norunt

493 1289 604 1362 homo
619 1301 668 1359 est
683 1310 792 1355 uuum
808 1276 1086 1380 ὑφιστάμενον,
1118 1279 1255 1354 habens
1272 1284 1428 1354 animam
1446 1298 1481 1355 et
1528 1282 1662 1367 filium,
1688 1283 1920 1354 necerednnt
1941 1285 1979 1353 in
2005 1308 2104 1370 enm,
2129 1286 2220 1358 sicut
2241 1287 2378 1381 inquit:
2404 1287 2523 1379 Spiri-
2579 1313 2585 1324 ·

495 1379 638 1484 corpus,
669 1388 717 1455 ita
739 1377 849 1485 λόγος
871 1399 905 1456 ει
930 1397 1109 1476 assumpta
1126 1399 1254 1457 natura
1269 1400 1352 1457 sunt
1366 1410 1479 1459 sanum
1531 1397 1588 1456 tos
1610 1397 1733 1473 arguet
1754 1385 1928 1455 mundum
1954 1389 1998 1455 de
2021 1400 2183 1476 peccato,
2221 1391 2317 1482 quod
2345 1409 2420 1457 non
2445 1410 2523 1458 cre-

496 1482 770 1587 ὑφιστάμενον,
796 1512 876 1556 cnm
895 1497 1050 1575 gestetur
1066 1481 1221 1555 humana
1237 1501 1363 1559 natura
1384 1512 1404 1557 a
1423 1486 1480 1557 di·
1530 1486 1621 1555 dunt
1646 1485 1685 1553 in
1710 1509 1778 1556 me.
1845 1484 2075 1557 Manifestum
2100 1501 2151 1559 est
2171 1502 2290 1559 autem
2313 1489 2457 1581 proprie
2483 1490 2520 1557 in
2564 1502 2569 1520 '

494 1595 586 1661 vina.
637 1587 714 1682 Hac
730 1588 966 1659 similitudine
981 1586 1036 1655 usi
1054 1600 1137 1656 sunt
1153 1583 1383 1673 Athanasius,
1408 1585 1481 1684 cy·
1529 1581 1724 1675 Evangelio
1747 1587 1886 1675 doceri,
1920 1589 1999 1684 quis
2023 1588 2069 1659 sit
2090 1588 2204 1677 filius,
2242 1604 2277 1660 et
2298 1613 2405 1683 quare
2430 1590 2518 1659 mis-

493 1694 594 1763 rillus
610 1703 644 1760 et
662 1689 837 1770 lustinus,
863 1689 926 1781 qui
944 1700 1061 1758 tamen
1083 1689 1183 1758 addit
1205 1691 1479 1761 correctionem:
1529 1706 1590 1755 sus
1610 1687 1667 1757 sit.

496 1788 600 1873 Τίνες
625 1784 696 1884 μὲν
723 1785 794 1882 τὴν
825 1786 977 1873 ἕνωσιν,
1021 1783 1072 1868 ὥς
1099 1793 1223 1884 ψυχῆς
1252 1787 1344 1887 πρὸς
1371 1794 1481 1884 σῶμα
1631 1785 1693 1861 81.
1725 1784 1863 1858 Deinde
1878 1793 1954 1862 vult
1970 1806 2004 1863 et
2020 1791 2290 1885 promissionem
2306 1790 2456 1882 gratiae,
2482 1805 2516 1862 et
2614 1760 2618 1766 Ι
2688 1873 2692 1886 Ι

492 1887 692 1987 νοήσαντες
712 1887 831 1971 οὕτως
853 1882 1120 1973 ἕκὺεὑώκασιν,
1147 1885 1211 1961 καὶ
1232 1885 1415 1986 άρμόὺιάν
1436 1916 1482 1989 γε
1530 1887 1654 1959 salutis
1670 1899 1831 1958 aeternae
1846 1895 2017 1983 proponi,
2039 1919 2107 1986 qua
2129 1895 2170 1965 lit
2192 1894 2404 1975 consolatio,
2432 1893 2517 1985 quia

494 1992 536 2068 sd
551 1985 808 2092 παράδειγμα,
835 1992 866 2063 el
880 1987 944 2064 uoti
955 1987 1008 2085 μὴ
1023 1986 1121 2064 κατὰ
1144 1985 1294 2082 πάντα,
1325 1989 1423 2066 κατὰ
1443 1988 1480 2063 τὶ
1531 1989 1687 2059 credenti
1709 2001 1803 2057 certo
1826 1993 2006 2061 donantur
2026 1995 2133 2079 gratis
2157 2010 2303 2085 propter
2324 1994 2436 2064 blinm
2458 2016 2518 2062 re-

492 2099 601 2195 φοῦα,
1530 2090 1652 2160 missio
1674 2105 1915 2182 peccatorum,
1946 2094 2131 2183 imputatio
2152 2096 2329 2180 iusticiae,
2361 2093 2515 2186 Spiritus

595 2192 658 2266 25.
690 2190 909 2264 Damnamus
928 2205 963 2264 et
980 2188 1186 2289 Eutychen,
1218 2194 1281 2289 qui
1301 2195 1481 2265 conlusio-
1530 2205 1689 2275 sanctus,
1714 2205 1748 2261 et
1764 2187 1960 2262 haereditas
1976 2207 2137 2264 aeternae
2153 2197 2288 2270 salutis.
2325 2194 2422 2265 Haec
2437 2195 2514 2264 sola

495 2321 577 2369 nem
598 2293 904 2394 naturamlfinxit,
946 2294 1036 2366 dixit
1055 2295 1277 2369 divinitatem
1303 2310 1479 2369 mortuam
1531 2294 1599 2362 fide
1627 2291 1874 2381 arripiuntur,
1913 2307 2055 2364 etcum
2085 2296 2327 2386 accipiuntur,
2360 2295 2516 2387 Spiritus

497 2422 581 2471 esse.
1529 2406 1670 2463 sanctus
1685 2395 1853 2466 exuscitet
1867 2395 1906 2462 iu
1921 2396 2086 2466 cordibus
2101 2398 2272 2467 laeticiam
2289 2398 2517 2489 acquiescen-

599 2500 662 2570 ιθ.
694 2495 845 2569 Canitur
862 2519 959 2568 nunc
982 2519 1125 2592 quoque
1146 2497 1186 2569 in
1205 2495 1342 2568 &acco
1356 2495 1478 2566 Litur-
1529 2508 1600 2564 tem
1615 2495 1654 2563 in
1669 2493 1764 2580 Deo,
1791 2497 2053 2567 invocationem
2073 2511 2108 2568 et
2131 2497 2218 2568 alias
2237 2497 2403 2583 virtutes,
2423 2496 2516 2567 sicut

499 2602 555 2692 gia
569 2600 721 2692 precatio
738 2597 898 2692 opposita
912 2596 1152 2685 Samosateno,
1175 2593 1278 2681 Ario,
1302 2595 1477 2676 Nestorio,
1529 2596 1699 2688 scriptum
1718 2610 1787 2667 est:
1822 2596 2004 2669 lustilicati
2019 2597 2088 2669 fide
2106 2622 2226 2690 parem
2245 2592 2417 2669 habemus
2433 2619 2517 2685 erga

497 2715 533 2773 et
544 2695 720 2796 Eutychi,
744 2696 801 2769 his
816 2697 952 2769 verbis:
977 2695 1203 2798 Μονογενής
1230 2693 1311 2779 υἱὸς
1329 2693 1393 2769 καὶ
1415 2689 1478 2770 λά·
1527 2695 1657 2770 Deum.
1722 2697 1829 2767 Item:
1870 2693 2064 2769 Effundam
2095 2722 2201 2793 super
2223 2701 2371 2772 domum
2392 2694 2513 2769 David

495 2826 562 2903 γος
573 2806 643 2874 τοῦ
658 2801 772 2884 θεοῦ,
799 2792 992 2879 ἀθάνατος
1005 2792 1207 2897 ὑπάρχων,
1233 2795 1298 2872 καὶ
1317 2793 1477 2871 necoda·
1528 2796 1704 2889 Spiritum
1718 2799 1850 2887 gratiae
1867 2812 1902 2867 ει
1920 2821 2076 2888 precum.
2539 2851 2542 2858 .

495 2896 651 2997 ξάμενος
670 2897 735 2974 διὰ
753 2896 824 2993 τὴν
841 2893 1023 2996 ἡμετέραν
1039 2896 1227 2998 σωτηρίαν
1243 2899 1478 2993 σαρκοθῆναι
1627 2900 1689 2969 82.
1729 2897 1825 2968 Haec
1854 2900 1944 2969 bunt
1980 2902 2090 2969 verbo
2117 2896 2187 2968 Dei
2224 2902 2395 2991 cogitato,
2440 2898 2514 2968 sive

496 3001 617 3098 incipe
630 2998 764 3101 oiyrr'otc
777 2994 960 3072 θεοτόκον
973 2997 1037 3073 καὶ
1050 2998 1107 3073 ἀεὶ
1121 2998 1316 3093 παρθένου
1328 2995 1477 3093 μορίας,
1529 3000 1676 3082 lectum,
1714 2998 1788 3068 sive
1816 3001 1978 3068 anditum
2008 3000 2065 3073 sit.
2120 2997 2195 3069 Nec
2217 2998 2455 3070 communicat
2477 3020 2514 3066 se

496 3103 683 3200 ἀτρέπτως
703 3093 999 3196 ἐνανθρωτιήσας
1021 3099 1254 3198 σταυρωθείς
1277 3129 1317 3174 τε
1329 3098 1480 3197 χριστὸς
1528 3099 1625 3171 Deus
1640 3100 1679 3167 iu
1693 3098 1941 3170 iustificatione
1956 3099 2032 3169 sine
2048 3122 2112 3169 suo
2133 3099 2264 3184 verbo,
2295 3112 2336 3170 ut
2357 3089 2514 3168 fanatica

499 3201 637 3291 ὑθιὺς,
663 3196 825 3297 θανάτῳ
844 3195 1020 3276 θάνατον
1042 3198 1228 3300 mochone,
1252 3196 1478 3290 συνδοξαζό-
1528 3200 1761 3273 Stenckieldii
1778 3201 1883 3272 turba
1904 3200 2006 3289 fingit
2027 3200 2178 3270 adllatus
2199 3200 2276 3270 sine
2301 3199 2514 3287 cogitatione

497 3329 608 3403 μενος
616 3309 672 3403 τῷ
686 3298 800 3402 arnapi
814 3300 879 3376 καὶ
895 3298 992 3402 oiys'cp
1005 3299 1205 3400 πνεύματι,
1230 3301 1478 3399 σῶσονὴμᾶς.
1528 3304 1628 3375 verbi
1642 3298 1730 3389 Dei,
1754 3325 1834 3373 cum
1851 3300 1983 3373 Paulus
2005 3324 2164 3395 expresse
2188 3302 2318 3373 dicatr‘
2336 3298 2444 3371 Fides
2471 3322 2515 3368 ex

496 3408 588 3483 Eam
612 3408 855 3501 precationem
876 3420 970 3477 recte
997 3409 1210 3480 intellectam
1244 3420 1279 3479 ει
1303 3431 1369 3477 nos
1395 3431 1479 3501 pro·
1527 3408 1652 3478 auditu
1666 3418 1729 3476 est.
2251 3480 2260 3492 ‚

497 3513 637 3580 bamus.
1203 3542 1206 3547 ,
1629 3506 1690 3581 33.
1720 3501 1771 3576 Et
1786 3506 1929 3599 quidem
1946 3526 2048 3596 saepe
2064 3506 2299 3600 comperimus
2311 3515 2512 3575 monstrosa

567 3654 570 3659 Δ
600 3610 662 3680 27.
687 3606 841 3700 Spiritus
854 3625 1006 3699 sanctus,
1033 3613 1161 3705 dequo
1178 3611 1323 3682 dicitnr:
1349 3605 1479 3680 Effun-
1529 3608 1671 3697 ingenia
1695 3608 1783 3677 falso
1806 3607 1935 3679 iactare
1959 3608 2128 3692 adflatus,
2169 3621 2206 3677 et
2227 3607 2311 3700 quia
2332 3603 2513 3675 domicilia

501 3714 584 3783 dam
612 3710 657 3779 de
679 3706 815 3801 Spiritu
843 3735 921 3782 meo
951 3735 1057 3804 super
1085 3737 1227 3782 omnem
1250 3734 1390 3783 carnem
1415 3725 1479 3784 etc,
1528 3724 1611 3780 sunt
1631 3707 1887 3789 Diabolorum,
1921 3708 2036 3777 iuriae
2059 3722 2094 3779 et
2116 3700 2317 3802 ἀλάστορες
2337 3706 2428 3777 fiunt
2448 3727 2512 3774 ur·

498 3810 609 3897 ltem,
634 3806 713 3885 Aer.
726 3808 959 3885 astarum
977 3814 1043 3884 Dei
1057 3813 1479 3906 exaltatus,‚promissio·
1527 3811 1629 3883 bium
1646 3822 1680 3878 et
1696 3810 1865 3899 gentium.
1899 3807 2007 3880 Tales
2024 3820 2124 3879 erant
2140 3807 2382 3891 Monetarios,
2406 3799 2513 3875 multi
2598 3808 2603 3815 ’

497 3938 580 3984 nem
590 3911 743 4002 Spiritus
760 3914 871 3984 sancti
890 3916 1097 4005 accipiensa
1116 3928 1234 4006 patre,
1260 3915 1387 3985 effudit
1401 3929 1479 3998 etc,
1528 3915 1567 3981 in
1590 3909 1987 3995 urbeMonasteriensi,
2020 3923 2055 3981 ει
2078 3910 2142 3980 alii
2164 3909 2268 4013 multi
2293 3907 2427 3977 similes
2452 3927 2513 3973 ve-

497 4039 574 4086 non
593 4024 646 4085 est
660 4025 778 4084 motus
794 4029 949 4100 creatus,
975 4018 1036 4086 sed
1055 4030 1106 4086 est
1121 4009 1380 4112 ὑφιστάμενον
1395 4040 1479 4107 pro·
1527 4028 1644 4085 terum
1679 4013 1825 4083 illorum
1860 4008 2102 4102 Carpocratis,
2150 4009 2364 4093 Marcionis,
2402 4004 2513 4077 Mon-

496 4120 624 4189 ccdens
640 4139 659 4186 a
673 4127 772 4206 patre
786 4128 821 4187 et
836 4116 930 4202 filio,
955 4108 1161 4208 ὑμοοὺσιαν
1173 4119 1266 4209 patri
1280 4130 1316 4189 et
1332 4117 1418 4191 filio.
1517 4115 1605 4187 ¹tani
1631 4126 1697 4186 etc.

597 4217 659 4292 28.
690 4216 794 4287 Hanc
813 4219 1070 4290 confessionem
1094 4220 1309 4311 opponimus
1330 4242 1404 4288 non
1422 4239 1481 4287 so·
1630 4214 1693 4285 34.
1727 4211 1883 4305 Utraque
1905 4210 2029 4280 concio
2055 4211 2265 4281 universalis
2289 4224 2359 4294 est,
2390 4207 2513 4277 concio

496 4322 572 4390 ln'm
587 4316 776 4389 Serveticis
793 4332 826 4388 et
844 4317 1033 4409 Stancaro,
1059 4322 1242 4412 quisalsas
1265 4335 1299 4389 et
1321 4318 1478 4388 virulen·
1529 4337 1677 4406 arguens
1695 4326 1844 4405 peccata,
1870 4327 1905 4381 et
1919 4310 2104 4406 promissio
2119 4313 2260 4401 gratiae.
2300 4306 2356 4380 De
2371 4320 2513 4399 peccato

501 4432 554 4487 tas
578 4418 769 4491 calumnias
800 4420 845 4490 de
876 4420 1007 4489 nostris
1028 4416 1196 4492 Ecclesiis
1229 4421 1379 4512 spargit,
1419 4421 1479 4489 sed
1530 4418 1648 4512 inquit
1663 4414 1797 4485 Paulus
1811 4411 1941 4486 Roma.
1958 4414 2013 4483 &r
2038 4409 2089 4484 Ut
2108 4436 2213 4481 omne
2236 4434 2276 4480 os
2298 4413 2515 4493 obstruatur,

502 4516 608 4586 etiam
621 4517 705 4607 ipsis
718 4519 898 4607 Diabolis,
924 4532 964 4590 ut
980 4521 1191 4591 asseveratio
1206 4535 1325 4593 nostra
1347 4522 1391 4590 ad
1415 4544 1481 4613 po·
1530 4532 1565 4591 et
1580 4540 1660 4589 reus
1675 4518 1719 4587 sit
1734 4529 1831 4587 totus
1843 4515 1999 4585 mundus
2014 4509 2104 4584 Deo.
2153 4512 2346 4583 Promissio
2367 4509 2514 4580 univer-

501 4614 692 4689 steritatem
714 4625 895 4710 ostendat,
930 4644 997 4692 nos
1027 4633 1229 4694 constanter
1255 4623 1419 4714 amplecti
1448 4636 1482 4693 et
1531 4622 1613 4690 salis
1631 4632 1700 4690 est:
1740 4616 1868 4688 Venite
1883 4616 1929 4685 ad
1949 4639 2006 4685 me
2028 4638 2170 4701 omnes,
2203 4612 2266 4709 qui
2288 4610 2458 4681 laboratis
2480 4623 2515 4678 ει

500 4718 658 4789 retinere
692 4724 890 4813 symbolum
918 4723 1185 4816 Apostolicum‚
1233 4722 1408 4811 Nicenum
1447 4738 1481 4796 et
1530 4721 1668 4793 onerati
1690 4720 1791 4806 estis,
1817 4731 1852 4789 ει
1876 4740 1939 4807 ego
1962 4716 2118 4786 reficiam
2140 4739 2214 4790 vos.
2255 4711 2305 4785 Et
2326 4706 2421 4781 nihil
2444 4713 2513 4780 du-

501 4814 796 4911 Alhfflffiianum·
1530 4825 1629 4896 bium
1651 4835 1722 4913 est,
1747 4843 1924 4892 summum
1947 4832 1982 4889 ει
2003 4817 2262 4888 severissimum
2288 4825 2515 4905 praeceptum

559 4936 565 4949 ’
601 4919 665 4990 29.
698 4918 897 5013 Nouerca,
921 4939 1141 4999 nectantum
1163 4929 1208 4997 ad
1232 4927 1391 5018 ingentes
1413 4925 1482 4993 mi·
1530 4949 1621 5009 esse,
1647 4936 1689 4994 ut
1710 4946 1832 4993 omnes
1853 4914 2016 4991 homines
2038 4922 2184 4992 credant
2207 4915 2382 5000 lilioDei,
2416 4915 2514 4983 iuxta

501 5018 609 5089 serios
625 5016 733 5091 huius
755 5045 981 5104 aerumnosae
1002 5029 1094 5100 vitae
1117 5029 1310 5114 nascimur,
1335 5028 1395 5097 sed
1412 5025 1483 5097 im-
1531 5028 1680 5097 dictum:
1705 5022 1860 5114 Spiritus
1873 5021 2180 5112 arguetmundum
2194 5022 2239 5089 de
2253 5030 2404 5111 peccato,
2419 5014 2516 5108 quod

502 5142 623 5189 mensa
649 5123 807 5193 bonitate
822 5123 916 5199 Deus
936 5144 1081 5222 propter
1101 5130 1233 5221 filium,
1259 5142 1295 5201 ει
1312 5153 1377 5222 ρετ
1401 5150 1482 5197 eum
1532 5151 1603 5197 non
1624 5125 1774 5195 credunt
1790 5124 1829 5190 in
1845 5145 1910 5190 me.
2242 5182 2249 5205 ¹.

501 5220 638 5312 colligit
667 5236 846 5294 aeternam
875 5222 1086 5319 Ecclesiam,
1123 5232 1216 5304 edita
1247 5229 1484 5324 promissione
1633 5222 1696 5296 55.
1737 5221 1937 5314 Utrumque
1968 5220 2187 5291 severissime
2217 5223 2425 5297 mandatum
2455 5232 2517 5302 est,

500 5322 653 5411 gratim,
694 5347 802 5418 quam
831 5328 987 5416 ignotam
1008 5335 1174 5406 omnibus
1196 5332 1365 5404 creaturis
1389 5330 1483 5400 filins
1532 5340 1572 5398 ut
1594 5325 1800 5397 dolentibus
1826 5321 2104 5393 consolationem
2127 5345 2386 5412 proponamus,
2419 5322 2545 5396 iuxta.

500 5426 652 5514 protulit
665 5449 706 5495 ex
722 5427 803 5499 sinu
823 5428 956 5497 aeterni
970 5434 1091 5519 patris.
1532 5427 1766 5519 Evangeliom
1782 5427 1825 5496 de
1839 5423 1913 5494 filio
1929 5422 2014 5505 Dei,
2047 5436 2141 5494 εισι
2163 5421 2232 5516 ipsi
2252 5424 2397 5515 audiant
2422 5434 2456 5488 ει
2480 5439 2517 5485 se

604 5526 665 5597 30.
703 5525 803 5599 Idem
825 5528 920 5598 lilius
940 5525 1010 5599 Dei
1032 5528 1208 5607 Dominus
1239 5548 1360 5606 noster
1385 5531 1484 5604 lesus
1532 5541 1729 5603 sustentent
1743 5526 1955 5618 cogitatione
1963 5522 2165 5614 Evangelii,
2189 5539 2223 5596 et
2237 5518 2435 5615 repugnent
2447 5520 2516 5588 do·

500 5620 664 5699 Christus
682 5629 828 5702 mittens
843 5627 1056 5722 Apostolos,
1078 5632 1178 5706 inbet
1193 5659 1252 5708 eos
1269 5638 1308 5706 in
1331 5660 1395 5707 suo
1416 5658 1484 5705 no-
1533 5632 1709 5705 bitationi.
1774 5628 1853 5701 Hoc
1876 5652 1957 5701 cum
1978 5626 2133 5708 iaciunt,
2171 5648 2254 5694 vere
2279 5617 2517 5692 trahuntora
2605 5678 2608 5695 ,

499 5726 597 5801 mine
610 5733 813 5822 praedicare
827 5729 1084 5828 poeniteutiam
1099 5745 1134 5807 et
1146 5737 1389 5811 remissionem
1401 5727 1494 5834 pec·'
1532 5731 1621 5807 Deo.
1663 5730 1756 5809 Nam
1764 5728 1982 5805 Densserbo
1997 5722 2126 5813 trabit,
2150 5748 2226 5796 non
2238 5736 2280 5794 ut
2295 5716 2427 5791 herbae
2441 5719 2519 5792 sine
