6025 6775
427 585 505 663 28⁵
980 576 1142 656 DECL.
1185 577 1258 655 DE
1296 575 1601 657 LUDOVICO
1639 574 1896 660 BAVARO.

425 753 640 827 concludens
658 774 737 823 eam
759 762 895 842 partem
911 750 1027 821 addit:
1052 750 1135 823 Non
1154 753 1412 823 contemnenda
1462 749 1529 823 No.
1555 749 1641 825 167.
2144 784 2148 790 -
2260 788 2308 829 „,‚
2331 768 2426 838 1553·

426 870 478 928 est
500 856 663 927 doctrina
685 851 870 925 liberalior
883 874 942 932 eo,
966 854 1061 945 quod
1080 854 1258 947 aliquibus
1273 851 1341 923 hoc
1360 856 1412 923 fa·
1468 844 1640 875 ω
2242 857 2445 898 υνκ-

426 959 595 1029 ciendum
615 957 775 1034 videtur,
800 955 860 1021 sed
880 953 1000 1044 potius
1023 951 1142 1026 σκαιοὶ
1155 952 1219 1027 καὶ
1234 951 1411 1026 oinoidcv·
1673 972 1750 1057 De
1774 972 2002 1060 [ludovico
2031 976 2215 1062 Bavaro

425 1084 484 1131 τοι
500 1057 670 1127 censendi
685 1068 767 1125 sunt
779 1053 853 1138 illi,
877 1054 941 1146 qui
958 1054 996 1122 in
1008 1079 1048 1125 ea
1063 1070 1146 1127 sunt
1162 1057 1345 1147 opinione,
1370 1069 1411 1126 ut
2216 1042 2228 1065 ⁰

426 1159 589 1252 optarint
600 1178 719 1227 omnes
735 1155 789 1223 sui
804 1154 937 1224 similes
952 1178 1036 1241 esse,
1063 1159 1154 1228 utin
1170 1160 1225 1228 sui
1239 1158 1409 1227 similium
1529 1146 1562 1200 ¹⁰
1575 1146 2209 1277 9⁰⁰2⁰hl·b}';dr·T⁷2lqu·‚7i9qonsiontaus
2220 1163 2352 1227 posaeo.
2364 1157 2444 1229 pas.

426 1258 626 1353 frequentia
647 1258 771 1341 latere,
797 1267 832 1325 et
853 1256 981 1326 iustam
997 1259 1162 1330 ruditatis
1182 1273 1286 1352 atque
1300 1259 1410 1327 insei-
1503 1275 1509 1285 ’
1560 1231 1658 1285 ‘²¹³¹'
1720 1236 1744 1275 ¹⁶
1813 1256 1821 1274 ‘
1863 1262 1871 1277 ·
1908 1240 1962 1290 '⁹'
2027 1263 2034 1278 ·

427 1362 499 1456 tiae
514 1381 595 1428 suae
608 1352 919 1476 feprebeusionem
941 1357 1093 1448 effugere
1109 1360 1257 1452 possint.
1308 1358 1410 1428 Basi·
1461 1376 1589 1445 orati,
1612 1372 1658 1446 de
1680 1380 1913 1468 lmpemtere
1933 1378 2116 1454 moveos,
2135 1388 2307 1480 pavum
2346 1389 2445 1456 ηοξ.

426 1463 495 1531 lius
507 1458 675 1549 peculiari
690 1472 820 1550 scripto
836 1460 944 1547 sdsto,
970 1483 1059 1551 quae
1074 1462 1146 1531 iam
1160 1462 1300 1552 explosa
1311 1474 1410 1531 erant
1459 1483 1544 1546 tata
1580 1498 1606 1546 a
1638 1480 1833 1573 (Jeep-950
1866 1474 2095 1554 Craeeeie
2138 1482 2303 1560 Decem
2331 1490 2443 1575 terte,

425 1586 466 1631 ex
489 1555 620 1629 scholis
637 1558 754 1630 studia
769 1560 962 1644 revocavit,
987 1563 1145 1633 excitatis
1166 1563 1212 1632 ad
1234 1586 1273 1631 ea
1290 1561 1409 1631 colen·
1460 1598 1548 1648 eum
1571 1576 1833 1650 decerneretur
1849 1580 1990 1675 qradus
2003 1583 2193 1675 Matthiae
2208 1590 2353 1674 Uolero,
2380 1588 2444 1657 Al-

425 1663 469 1731 (Ῑὸ
486 1660 781 1731 ⁸d⁰¹²⁸⁰0¹¹fib¹¹⁸0
1514 1677 1756 1777 dehmpmrt,
1782 1683 2070 1773 Doctorijseris,
2095 1687 2172 1762 cst.
2188 1684 2389 1760 Decemhr.

525 1758 578 1830 De
593 1762 793 1854 eloquentia
810 1762 935 1833 Basilii
952 1777 986 1835 et
1000 1761 1214 1833 Nazianzeni
1231 1764 1300 1836 fuit
1315 1763 1409 1834 iudi·

423 1865 518 1935 cium
541 1861 742 1947 vetustatis,
773 1862 947 1935 Basilium
971 1857 1231 1957 λαμπρότατον
1253 1860 1347 1938 εἶναι
1369 1864 1409 1937 ἐν
1459 1850 1524 1935 Ne
1543 1861 1621 1931 lieri
1643 1862 1787 1953 quidem
1811 1864 1850 1932 in
1872 1865 2058 1935 doloribus
2078 1866 2180 1937 aliter
2196 1881 2330 1959 potest,
2354 1868 2443 1961 quin

423 1968 480 2058 τῷ
494 1958 762 2061 πανηγυρίσαι.·
790 1964 1052 2037 Nazianzenum
1073 1966 1239 2037 excellere
1253 1968 1292 2036 in
1308 1981 1408 2038 utro-
1459 1962 1615 2052 exempla
1644 1985 1871 2053 quaeramus,
1903 1988 1949 2033 an
1978 1967 2040 2035 alii
2059 1967 2189 2038 similia
2210 1969 2377 2055 tulerint,
2409 1984 2443 2042 et

424 2087 492 2158 que
516 2087 663 2153 genere,
689 2059 985 2163 ὑπομνηματικῷ
1006 2083 1040 2140 et
1061 2073 1304 2167 πανηγυρικῷ
1309 2118 1321 2151 ,
1347 2069 1408 2137 sed
1459 2085 1579 2136 causas
1594 2075 1628 2132 et
1642 2062 1755 2133 exitus
1770 2063 1941 2134 similium
1955 2068 2193 2139 calamitatum
2208 2070 2248 2138 in
2261 2069 2340 2138 aliis
2354 2092 2442 2139 eon-

425 2157 717 2260 σταθιρώθερον
745 2189 817 2237 csse
846 2166 991 2244 Basilio.
1062 2165 1138 2238 Hos
1167 2184 1283 2240 tantos
1313 2169 1409 2236 viros
1458 2168 1665 2235 sideremus.
1723 2160 1856 2234 Omnia
1883 2166 1976 2234 enim
2003 2167 2163 2239 iudicant
2191 2166 2354 2241 homines
2381 2184 2443 2241 aut

2373 594 2448 668 286

422 2265 616 2358 impiorum
636 2260 900 2360 hypocritarum
921 2266 1068 2354 cohors,
1093 2293 1183 2362 quae
1199 2270 1408 2339 dominaba-

423 2382 481 2439 tur
497 2367 537 2434 in
553 2367 643 2439 aulis
654 2366 910 2460 Imperatorum
925 2386 956 2442 et
967 2370 1185 2460 Principum,
1210 2364 1408 2461 sycophan-

422 2470 502 2541 ticis
528 2467 729 2555 calumniis,
754 2472 985 2543 mendacibus
1009 2470 1319 2556 insectationibus,
1344 2494 1408 2540 ne·

420 2565 522 2639 fariis
545 2582 580 2639 et
605 2571 750 2641 occultis
769 2573 1016 2643 molitionibus
1041 2573 1128 2641 adeo
1153 2571 1325 2657 exercuit,
1366 2586 1406 2642 ut

422 2684 458 2742 ct
469 2665 739 2761 Episcopatibus
752 2672 941 2743 excusserit
956 2673 1138 2765 quosdam,
1163 2688 1196 2745 et
1210 2674 1248 2743 in
1262 2674 1406 2744 exilium

421 2772 540 2863 pulsos
563 2774 728 2862 presserit
755 2771 977 2864 aliquandiu.
1033 2773 1106 2846 Sed
1137 2775 1219 2868 quia
1252 2773 1406 2866 opprimi

375 2961 381 2968 .
420 2872 548 2942 veritas
570 2887 604 2942 et
626 2871 830 2941 innocentia
851 2898 926 2944 non
947 2888 1080 2968 potest,
1112 2889 1153 2947 ut
1177 2877 1329 2945 maxime
1351 2874 1405 2941 la-

419 2974 522 3044 boret
543 2972 817 3064 aliquantisper,
842 2977 923 3047 ideo
945 2980 1052 3070 paulo
1078 2991 1176 3068 post,
1201 2974 1421 3044 innocentia·

416 3074 607 3164 patefacta,
639 3075 794 3145 revocati
817 3089 900 3147 suot
922 3081 968 3148 ab
985 3078 1091 3148 exilio
1107 3102 1148 3148 ac
1167 3076 1320 3149 restituti
1337 3070 1406 3145 ho-

417 3173 575 3240 norilice.
631 3167 728 3241 Haec
750 3199 789 3241 eo
812 3200 1067 3261 commemoro,
1100 3190 1142 3247 ut
1169 3178 1405 3247 adolescentes

419 3269 580 3357 exemplo
611 3282 644 3337 et
665 3270 808 3339 iudiciis
826 3287 1006 3344 tantorum
1038 3278 1216 3359 virorum,
1252 3298 1403 3366 quorum

417 3367 617 3440 testimonia
640 3385 788 3462 usurpat
814 3368 973 3445 Ecclesia
998 3389 1167 3470 tanquam
1200 3370 1403 3458 ἀξιόπιστα,

416 3469 632 3554 confirmati,
675 3487 905 3546 contemnant
937 3476 1071 3547 insulsa
1103 3476 1234 3546 iudicia
1266 3476 1404 3566 aliquo·

416 3593 518 3654 ΝΠ),
553 3571 614 3664 qui
632 3571 808 3644 similibus
822 3577 960 3646 artibus
981 3590 1016 3648 et
1030 3577 1168 3669 scriptis
1183 3576 1299 3646 studia
1322 3571 1404 3665 phi-

414 3666 597 3762 losophica
628 3695 724 3743 nunc
754 3689 979 3765 oppugnant,
1017 3690 1053 3745 et
1077 3700 1150 3747 sese
1181 3679 1225 3743 ad
1247 3677 1401 3745 studium

415 3774 595 3844 ardentius
616 3771 818 3844 exuscitent.
869 3774 968 3862 Quid
992 3775 1087 3844 enim
1110 3778 1149 3845 fit
1172 3771 1240 3844 hoc
1263 3788 1401 3865 tempo-

415 3897 453 3943 re
476 3868 532 3943 his
559 3872 753 3943 dissimile?
801 3874 893 3945 Cum
923 3876 1043 3968 itaque
1063 3877 1102 3945 in
1131 3899 1212 3945 vera
1236 3871 1400 3944 Philoso-

415 3969 499 4068 phia
522 3988 557 4045 et
578 3974 741 4043 doctrina
759 3970 937 4045 Ecclesiae
958 3977 1130 4065 egregiam
1152 3997 1298 4044 navasse
1314 4000 1399 4066 ope-

415 4101 490 4147 ram
512 4075 780 4166 cognoverimus
808 4072 874 4146 hos
897 4079 1017 4148 doctos
1048 4090 1082 4147 et
1104 4073 1272 4146 honestos
1294 4075 1400 4160 viros,

416 4193 450 4249 et
476 4201 553 4267 spes
573 4177 634 4260 sit,
668 4199 809 4265 operam
833 4200 954 4248 eorum
977 4178 1197 4268 profuturam
1225 4198 1297 4245 csse
1330 4172 1400 4244 Ec-

414 4279 539 4350 clesiae
570 4290 604 4347 et
625 4275 877 4368 Reipublicae,
915 4278 982 4348 tibi
1010 4301 1069 4348 eos
1098 4279 1325 4360 commendo,
1360 4300 1399 4343 ac

413 4394 495 4472 peto
519 4379 657 4468 collegii
679 4380 792 4449 nostri
809 4394 842 4449 et
864 4381 1022 4469 ipsorum
1041 4380 1204 4462 nomine,
1226 4392 1266 4449 ut
1280 4377 1398 4467 publi-

414 4506 453 4552 ca
486 4481 672 4551 autoritate
700 4481 942 4551 testimonium
970 4480 1021 4549 eis
1046 4481 1227 4550 doctrinae
1254 4480 1399 4548 tribuas.

412 4580 492 4654 Hoc
527 4580 695 4651 beneficio
727 4583 823 4673 ipsos
858 4581 924 4652 tibi
954 4581 992 4648 in
1031 4595 1239 4670 perpetuum
1273 4580 1397 4648 devin-

413 4687 493 4755 cies.
569 4679 647 4752 Oro
679 4696 794 4753 autem
824 4683 938 4751 filium
969 4678 1056 4763 Dei,
1094 4682 1293 4751 Dominum
1331 4703 1397 4747 no-

415 4797 525 4852 strum
552 4782 667 4853 lesum
693 4779 893 4867 Christum,
923 4782 1141 4852 conditorem
1169 4782 1305 4869 generis
1327 4775 1395 4848 hu-

415 4882 514 4949 mani
546 4897 582 4953 et
611 4878 807 4969 Ecclesiae,
844 4897 884 4954 ut
914 4905 1051 4974 semper
1083 4885 1123 4951 in
1155 4878 1211 4952 his
1241 4881 1396 4969 regioni·

413 4983 483 5052 hus
516 4993 551 5049 et
578 4981 670 5050 inter
700 5007 766 5054 nos
791 4998 969 5055 aeternam
1000 4983 1069 5053 sibi
1101 4983 1240 5071 colligat
1271 4979 1395 5051 Eccle-

413 5083 500 5152 siam
534 5104 619 5149 voce
650 5095 685 5153 et
715 5082 915 5154 Ministerio
948 5080 1134 5174 Evangelii
1160 5084 1232 5167 sui,
1270 5099 1306 5153 et
1331 5104 1396 5150 nos

413 5205 536 5252 omnes
571 5181 675 5254 faciat
708 5176 804 5256 vasa
821 5185 1080 5258 misericordiae
1113 5199 1146 5257 et
1179 5207 1308 5274 organa
1340 5208 1395 5253 sa·

411 5283 552 5358 lutaris.
633 5330 635 5335 -

1458 2265 1590 2355 regulis
1610 2278 1671 2335 aut
1694 2265 1871 2356 exemplis.
1920 2264 2032 2358 Saepe
2046 2268 2155 2357 igitur
2167 2270 2204 2339 in
2221 2266 2287 2341 hac
2301 2272 2442 2364 publica

1456 2365 1637 2438 moesticia
1651 2366 1851 2435 universam
1867 2368 2111 2458 antiquitatem
2126 2373 2285 2456 intueor,
2310 2387 2344 2442 et
2361 2395 2442 2443 cum

1456 2471 1546 2539 alios
1561 2468 1736 2537 terribiles
1751 2481 1867 2537 motus
1882 2467 2132 2558 imperiorum,
2157 2485 2232 2543 tum
2248 2496 2332 2541 vero
2348 2469 2442 2542 Ger-

1456 2571 1611 2639 maniam
1633 2567 1784 2659 aspicio‚
1810 2568 1849 2638 in
1872 2594 1942 2661 qua
1965 2584 2006 2642 ut
2022 2572 2061 2639 in
2075 2572 2155 2640 aliis
2170 2572 2332 2663 gentibus
2346 2573 2441 2642 mul-

1455 2686 1511 2741 tae
1526 2692 1647 2739 saevae
1660 2670 1873 2740 mutationes
1885 2672 2098 2746 acciderunt.
2149 2673 2218 2746 Sed
2234 2673 2441 2766 praecipuae

1456 2784 1552 2840 ortae
1566 2782 1650 2838 sunt
1665 2793 1684 2838 a
1698 2767 1872 2840 Romanis
1890 2769 2141 2855 Pontificibus,
2166 2775 2330 2844 videlicet
2346 2772 2445 2844 bella

1455 2869 1604 2938 Henrici
1624 2867 1751 2953 Quarti
1771 2884 1805 2941 et
1823 2870 1969 2958 Quinti,
1995 2874 2123 2943 deinde
2139 2874 2310 2946 Friderici
2327 2873 2440 2944 Primi

1451 2982 1489 3039 'et
1511 2966 1677 3039 Secundi.
1729 2966 1814 3039 Post
1835 2966 1901 3039 hos
1922 2973 2054 3041 bellum
2067 2971 2242 3044 Ludovici
2266 2989 2299 3044 et
2314 2971 2440 3041 Fride·
2527 3030 2532 3038 .

1455 3069 1520 3141 rici
1543 3063 1731 3139 Austriaci.
1782 3061 1835 3135 Ac
1856 3068 1896 3134 in
1918 3066 1975 3137 his
1995 3073 2206 3141 tumultibus
2228 3098 2303 3152 non
2323 3073 2439 3142 solum

1455 3171 1555 3260 regni
1578 3165 1780 3237 dilaceratio
1804 3167 1894 3235 facta
1915 3182 1984 3251 est,
2010 3182 2044 3238 et
2065 3172 2246 3241 debilitata
2268 3172 2438 3265 potentia,

1455 3284 1489 3340 et
1512 3269 1650 3356 cognati
1665 3265 1864 3357 Principes,
1888 3282 1929 3339 ut
1944 3266 2089 3338 Cadmei
2109 3272 2235 3340 fratres
2256 3272 2350 3342 inter
2366 3295 2440 3342 sese

1455 3370 1684 3441 dimicarunt:
1714 3371 1772 3436 sed
1798 3368 1902 3438 etiam
1918 3367 2096 3440 Ecclesiae
2119 3372 2253 3443 deletae
2275 3385 2375 3457 sunt,
2402 3385 2438 3445 et

1454 3473 1585 3541 multae
1606 3470 1684 3559 piae
1703 3486 1837 3540 mentes
1853 3470 1891 3537 in
1910 3471 2166 3541 dubitationem
2186 3475 2274 3544 etin
2291 3475 2438 3544 exitium

1454 3570 1709 3662 praecipitatae.
1763 3569 1998 3640 Utilissimum
2022 3584 2072 3641 est
2095 3587 2210 3644 autem
2233 3597 2352 3644 causas
2370 3571 2437 3645 ho·

1452 3696 1531 3745 rum
1546 3670 1722 3740 bellorum
1737 3671 1978 3752 considerare,
2005 3673 2171 3744 videlicet
2185 3676 2294 3745 furias
2309 3675 2438 3747 Ponti-

1452 3775 1572 3856 ficum,
1597 3772 1659 3862 qui
1676 3784 1716 3840 ut
1733 3793 1830 3839 suam
1849 3773 2126 3855 dominationem
2145 3791 2332 3864 augerent,
2358 3778 2436 3846 lue-

1451 3886 1535 3943 runt
1552 3884 1586 3942 et
1599 3868 1764 3960 Europae
1780 3886 1814 3941 et
1830 3868 2006 3944 Ecclesiae
2025 3869 2241 3971 ἀλάστορες,
2266 3902 2350 3946 nam
2369 3879 2434 3947 de·

1449 3975 1548 4045 tectis
1571 3973 1754 4042 fraudibus
1777 3970 1990 4044 Pontificum
2010 3976 2142 4046 multae
2164 3992 2280 4067 partes
2302 3979 2435 4049 doctri·

1450 4099 1516 4144 nae
1543 4075 1782 4155 illustrantur,
1814 4087 1848 4141 et
1874 4075 2173 4162 praemuniuntur
2195 4079 2309 4149 bonae
2332 4103 2446 4149 men--

1448 4189 1519 4257 tes,
1541 4197 1586 4240 ne
1602 4171 1778 4240 similibus
1793 4173 1972 4241 erroribus
1986 4175 2173 4246 fascinatae
2187 4195 2343 4271 pereant.

1551 4268 1598 4341 Ut
1617 4283 1732 4339 autem
1749 4265 1815 4340 hae
1828 4265 1995 4342 historiae
2009 4273 2210 4348 iunioribus
2220 4280 2432 4360 notactiant‚

1449 4373 1593 4463 prodest
1611 4370 1698 4440 alias
1718 4371 1823 4439 aliam
1837 4387 1972 4463 partem
1988 4376 2153 4459 recitare,
2178 4403 2258 4448 cum
2275 4381 2432 4468 integrae

1448 4497 1522 4542 non
1539 4473 1674 4563 possint
1691 4496 1763 4541 uno
1779 4485 1937 4563 tempore
1951 4476 2091 4567 exponi.
2141 4475 2246 4549 Nunc
2264 4481 2372 4569 igitur
2386 4481 2432 4549 de

1446 4572 1631 4643 Ludovico
1653 4571 1790 4643 Bavaro
1818 4574 1952 4658 dicam,
1986 4578 2030 4646 de
2052 4600 2122 4670 quo
2138 4572 2231 4649 haec
2254 4583 2430 4671 disputata

1448 4686 1542 4744 sunt.
1592 4671 1708 4744 Possit
1729 4696 1774 4741 ne
1794 4696 1868 4743 esse
1884 4672 2099 4766 Imperator,
2125 4681 2187 4771 qui
2209 4680 2275 4751 rite
2299 4682 2430 4752 electus

1447 4789 1497 4844 est
1518 4799 1538 4844 a
1560 4774 1693 4845 Senatu
1711 4770 1934 4861 Electorum,
1960 4778 2029 4847 nisi
2050 4781 2189 4850 accedat
2211 4782 2430 4852 confirmatio

1446 4875 1637 4967 pontificia.
1694 4872 1965 4947 Contenderunt
1984 4892 2069 4950 tunc
2092 4877 2298 4973 Pontifices,
2322 4880 2428 4954 Petro

1446 5001 1519 5045 non
1543 4977 1656 5045 solum
1671 4974 1908 5047 ministerium
1921 4975 2108 5070 Evangelii
2124 4984 2329 5054 mandatum
2346 5007 2430 5070 esse,

1445 5079 1504 5146 sed
1524 5077 1629 5146 etiam
1644 5074 1809 5146 traditam
1825 5099 1997 5147 summam
2016 5095 2221 5171 potestatem
2237 5085 2430 5171 politicam,

1446 5201 1510 5245 nec
1526 5199 1726 5268 quenquam
1744 5174 1835 5246 iuste
1852 5191 1971 5248 tenere
1987 5180 2195 5271 imperium,
2216 5184 2285 5253 nisi
2302 5188 2429 5255 adsen-

1445 5279 1553 5347 tiente
1567 5274 1664 5348 Petri
1685 5298 1890 5350 successore.
1939 5276 2038 5351 llaec
2056 5294 2098 5350 ut
2113 5282 2265 5355 indoctis
2282 5311 2427 5378 persua-

1445 5381 1631 5463 derentur,
1652 5377 1769 5446 variae
1784 5377 1989 5469 praestigiae
2003 5381 2181 5453 mentibus
2194 5399 2298 5478 atque
2314 5387 2425 5457 oculis

1445 5474 1633 5548 hominum
1662 5479 1795 5549 offusae
1824 5494 1917 5553 sunt.
1977 5477 2223 5559 Relutationes
2252 5510 2426 5576 opposue-

1445 5594 1530 5651 runt
1558 5580 1626 5649 viri
1649 5579 1743 5650 docti
1752 5632 1763 5665 ,
1794 5579 1946 5668 Dantes,
1976 5581 2159 5656 Massilius
2180 5585 2370 5657 Patavinus
2391 5597 2426 5654 et

1445 5677 1579 5754 Occam
1594 5678 1750 5774 Anglus,
1775 5681 1837 5776 qui
1854 5680 2108 5777 Heidelbergae
2122 5685 2347 5756 concionatus
2362 5698 2425 5760 est.
