6025 6775
515 545 610 621 10⁶1
1073 537 1102 616 1.
1152 532 1446 614 cunonrcon
1471 532 1721 612 cunroms.
1771 537 1898 616 rans
1924 501 1973 619 11.
2300 591 2305 603 ,
2429 558 2529 635 10⁶2

513 717 569 786 pu,
590 737 664 782 „on
687 709 813 790 minis,
846 711 906 780 sed
931 733 995 799 pro
1017 707 1174 797 ipsorum
1198 708 1354 777 amicicia
1369 718 1491 800 petens
1643 707 1740 778 llaec
1785 710 1983 804 moderatio
2032 716 2282 792 excellentibus
2323 723 2527 798 monarchis

512 828 692 898 amanter,
716 824 756 882 ut
779 826 923 903 propter
945 808 1122 879 Ecclesiae
1146 808 1378 878 reverentiam
1395 805 1491 876 Pon·
1542 809 1723 896 congruit,
1750 811 1813 901 qui
1829 835 1910 880 eum
1926 813 2017 882 iusta
2033 828 2066 884 ct
2081 821 2273 890 necessaria
2295 823 2385 894 bella
2411 848 2525 915 gesse

507 916 598 986 'tifici
622 927 655 983 et
677 914 758 983 urbi
779 923 947 1002 parceret·
1003 905 1079 977 Hac
1101 908 1304 978 amicissimi
1328 921 1361 977 et
1385 931 1491 1001 prae·
1540 921 1643 992 runt,
1676 912 1867 980 ostendunt
1888 935 1926 981 se
1950 915 2060 1003 magis
2084 920 2244 1006 publicae
2268 924 2374 992 saluti
2395 950 2523 996 consu-

511 1014 716 1087 stantissimi
739 1012 907 1103 principis
931 1008 1091 1077 oratione
1114 1022 1230 1077 motus
1260 1007 1490 1078 Luthrandus
1539 1005 1632 1092 lere,
1657 1033 1732 1077 non
1748 1004 1815 1079 hoc
1835 1033 1935 1100 agere
1951 1027 1991 1084 ut
2006 1016 2179 1102 privatam
2201 1025 2394 1110 potentiam
2415 1050 2521 1116 auge-

512 1115 659 1185 discedit
680 1114 724 1182 ab
746 1114 833 1182 urbe
847 1108 984 1192 Roma,
1010 1109 1070 1176 sed
1097 1104 1304 1179 Ravennam
1328 1109 1489 1179 obsidere
1539 1122 1619 1191 ant,
1644 1122 1685 1178 ut
1709 1133 1789 1177 cum
1809 1108 1966 1181 Romani
1983 1111 2152 1185 Graeciae
2175 1119 2347 1208 integram
2371 1126 2520 1198 liberta-

392 1273 399 1287 .
510 1237 633 1287 rursus
648 1213 788 1303 incipit,
814 1235 885 1302 quo
904 1233 983 1277 cum
1005 1210 1049 1277 ad
1067 1231 1146 1275 eum
1161 1204 1347 1279 Romanus
1362 1208 1488 1278 Ponti·
1539 1220 1608 1276 tem
1626 1209 1875 1296 reddiderunt,
1899 1225 1932 1281 ct
1947 1218 2165 1304 repressione
2180 1218 2417 1293 Macedonum
2432 1251 2522 1297 con·

507 1320 564 1388 fex
579 1314 776 1385 accessisset
793 1310 900 1379 solvit
917 1308 1151 1378 obsidionem.
1200 1306 1423 1381 Redeuntem
1441 1313 1487 1379 ud
1536 1307 1649 1391 tenti,
1675 1332 1749 1377 non
1765 1323 1982 1401 occuparunt
1998 1340 2120 1385 eorum
2143 1341 2302 1408 regnum.
2356 1324 2520 1396 Astullus

507 1417 643 1487 Padum
659 1413 818 1505 sequitur
831 1409 1010 1492 Pontifex,
1035 1431 1105 1501 quo
1122 1422 1324 1479 reverenter
1343 1424 1486 1500 excepto
1536 1422 1616 1497 post
1644 1407 1769 1481 iactam
1793 1434 1911 1501 pacem
1936 1438 1992 1483 res
2019 1440 2129 1486 novas
2159 1421 2310 1491 moliens
2333 1426 2518 1518 apoplexia

509 1514 685 1588 etaudito
706 1507 1033 1582 universaeltaliae
1057 1532 1123 1598 pax
1147 1510 1305 1580 restituta
1327 1524 1398 1595 est,
1423 1534 1487 1578 nec
1535 1505 1576 1577 in
1590 1511 1780 1579 venatione
1799 1512 1971 1583 extinctus
1986 1530 2048 1586 est.

503 1618 619 1694 multo
637 1628 715 1703 post
728 1601 1093 1683 Luthrandusexhac
1116 1609 1189 1680 vita
1209 1610 1348 1702 placida
1371 1623 1484 1681 morte
1637 1604 1805 1679 Ultimus
1844 1635 1906 1681 rex
1933 1608 2269 1708 Langobardorum
2304 1624 2372 1696 fuit
2399 1622 2515 1697 Desi-

507 1715 666 1788 deoessig
1255 1781 1260 1790 ,
1536 1695 1679 1791 darius,
1704 1708 1775 1779 dux
1791 1706 1973 1800 Etruriae,
1998 1720 2112 1790 tenuit
2125 1743 2272 1810 regnum
2290 1747 2403 1796 annos
2418 1741 2517 1799 octo-

608 1809 791 1908 Septimus
811 1805 969 1881 decimus
985 1834 1045 1881 rex
1063 1808 1380 1900 Longobardorum
1396 1805 1487 1880 Hr'I-
1535 1805 1661 1876 decim.
1709 1803 1841 1879 Contra
1858 1814 1953 1901 pacis
1978 1820 2198 1891 conditiones
2214 1821 2343 1914 Pipino
2363 1829 2543 1917 promis-‘

506 1908 716 1989 debrondus
732 1912 890 2003 regnavit
904 1935 961 1980 sex
977 1933 1129 1995 menses,
1152 1910 1245 1979 filius
1260 1912 1379 1981 fratris
1395 1911 1486 1981 Lut·
1535 1928 1591 1977 sas
1616 1909 1802 1998 occupavit
1830 1910 2040 1986 Ravennam
2071 1933 2107 1990 et
2131 1921 2199 1991 alia
2227 1925 2343 1995 vicina
2370 1928 2515 2018 oppida.

506 2018 647 2089 brandi.
707 2013 775 2085 Die
796 2011 1036 2083 coronationis
1059 2011 1251 2101 egredienti
1277 2034 1318 2079 ex
1340 2013 1486 2104 templo,
1534 2006 1634 2078 Fecit
1660 2004 1876 2099 Episcopum
1905 2010 2150 2089 Ravennatem
2187 2039 2306 2094 contra
2336 2023 2513 2115 Canoues,

507 2134 540 2189 et
556 2119 628 2188 ritu
646 2118 759 2206 gentis
780 2108 913 2182 hastam
939 2113 1073 2201 gerenti
1098 2112 1233 2181 sederat
1255 2110 1293 2178 in
1312 2135 1350 2179 ea
1369 2108 1485 2181 Cucu-
1534 2108 1597 2202 qui
1612 2120 1713 2178 autea
1723 2134 1795 2178 non
1811 2111 1926 2181 fuerat
1940 2114 1981 2204 in
1996 2118 2226 2191 ecclesiastico
2242 2125 2377 2201 ordine.
2405 2127 2514 2200 Cum·

505 2222 581 2301 lus,
605 2218 641 2285 id
655 2216 888 2285 existimatum
903 2225 953 2280 cst
969 2234 1041 2280 esse
1058 2212 1251 2281 infaustum
1267 2236 1385 2283 omen.
1410 2210 1485 2283 Nec
1534 2233 1603 2302 que
1631 2204 1864 2300 reprehensus
1894 2211 1940 2281 ab
1961 2211 2120 2286 Adriano
2141 2217 2317 2315 Episcopo
2347 2226 2514 2299 Romano

425 2315 432 2325 ’
503 2319 616 2389 multo
633 2330 707 2406 post
726 2338 873 2402 regnum
888 2313 920 2380 ei
933 2311 1134 2401 ademptum
1151 2324 1212 2379 est.
1534 2310 1722 2380 exercitum
1738 2308 1891 2381 Romam
1912 2314 2075 2401 duceret,
2100 2333 2134 2389 et
2151 2317 2330 2395 Adrianus
2348 2351 2368 2396 a
2385 2327 2513 2399 Carolo

605 2408 949 2485 octavusdecimus
978 2434 1039 2480 rex
1058 2410 1376 2500 Longobardorum
1397 2404 1484 2479 Ra.
1536 2434 1615 2501 rege
1633 2409 1803 2481 Francico
1833 2413 2003 2483 auxilium
2032 2431 2183 2505 peteret,
2210 2445 2386 2510 regressus
2409 2426 2513 2498 Desi-

498 2513 664 2599 'clise‘us,
689 2517 760 2582 dux
776 2510 1049 2596 Foroiuliensis,
1083 2512 1145 2604 qui
1168 2511 1338 2600 singulari
1365 2535 1483 2603 pugna
1533 2512 1652 2580 derius
1670 2511 1830 2583 venienti
1847 2511 1974 2585 Carolo
1996 2520 2183 2589 exercitum
2211 2522 2249 2590 in
2271 2525 2432 2611 faucibus
2446 2526 2512 2597 Al-

503 2620 751 2710 Spoletanum,
775 2625 935 2703 utsupra
952 2611 1162 2695 dictumest,
1188 2613 1329 2698 vicerat,
1355 2636 1481 2703 regna·
1532 2612 1631 2702 pium
1653 2615 1830 2703 opposuit.
1880 2614 1951 2684 Sed
1975 2617 2088 2688 victus
2112 2613 2413 2720 Ticinumffugit,
2447 2628 2512 2699 ubi

502 2722 556 2788 vit
575 2738 687 2785 annos
711 2727 874 2807 quattuor.
931 2711 1056 2781 Pacem
1079 2734 1099 2781 a
1121 2710 1329 2783 Luthrando
1354 2714 1483 2784 laetam
1530 2714 1652 2782 decem
1677 2714 1850 2784 mensium
1880 2715 2066 2787 obsidione
2087 2733 2121 2789 et
2148 2720 2240 2791 fame
2269 2732 2409 2795 coactus
2430 2728 2512 2798 iecit

465 2812 935 2888 'cumRomanoPontiflce
951 2810 1261 2895 etRavcnnatibus
1277 2813 1380 2882 initio
1395 2838 1482 2882 con·
1531 2812 1763 2881 deditionem.
1828 2810 1965 2885 Interea
1996 2814 2244 2890 Mediolanum
2274 2838 2308 2894 et
2331 2824 2511 2897 Veronam

502 2917 666 2988 firmavit.
731 2914 801 2986 Sed
833 2926 1020 3005 postremo·
1039 2936 1134 2982 anno
1158 2910 1341 2982 Perusiam
1379 2915 1482 3005 cepit,
1531 2911 1701 2981 exercitus
1719 2909 1838 2982 Caroli
1857 2916 2052 3006 occupavit.
2092 2917 2187 3006 Quia
2201 2945 2285 2992 vero
2299 2940 2396 3012 pacta
2413 2925 2511 2998 Lon-

502 3044 573 3111 quo
591 3041 670 3089 cum
687 3018 730 3085 ad
750 3039 829 3084 cum
845 3011 1033 3084 Zacharias
1049 3010 1405 3086 RomanusPontifcx
1420 3038 1481 3083 vc·
1531 3012 1679 3100 gobardi
1695 3014 1797 3083 toties
1813 3027 1916 3084 antea
1932 3016 2172 3105 violaverant,
2194 3024 2349 3094 severius
2366 3026 2512 3117 egitCa-

503 3121 630 3197 nisset,
655 3116 827 3208 persuasit
842 3116 891 3200 ei,
916 3140 989 3184 aton
1007 3115 1121 3183 solum
1137 3128 1177 3184 ut
1192 3114 1325 3184 bellum
1351 3113 1481 3200 finiret,
1530 3113 1627 3182 iolus
1642 3136 1747 3205 quam
1763 3128 1864 3185 antea
1881 3112 2047 3207 pipinus,
2071 3132 2112 3189 ut
2134 3121 2302 3212 scriptum
2326 3140 2394 3195 cst:
2420 3124 2511 3197 Pro-

501 3221 561 3288 scd
594 3219 697 3288 ctiam
727 3231 767 3287 ut
797 3215 919 3286 relicto
949 3240 1059 3307 regno
1084 3214 1223 3305 pietatis
1252 3215 1370 3284 studio
1402 3239 1480 3285 mo·
1529 3227 1609 3304 pter
1623 3212 1837 3284 iniusticiam
1854 3219 2116 3289 transferuntur
2129 3242 2248 3309 regna.
2297 3220 2445 3297 Carolus
2470 3229 2510 3297 in

501 3322 655 3392 musta,
671 3317 761 3388 vitae
778 3341 814 3385 ,e
829 3318 980 3384 (lederet.
1530 3335 1592 3382 sua
1623 3325 1793 3404 potestate
1828 3339 1974 3406 regnum
1999 3316 2320 3410 Longobardorum
2351 3328 2512 3414 retinuit,

497 3424 501 3429 ’
597 3415 733 3492 Nonus
757 3412 914 3486 decimus
935 3415 1325 3503 rexLongobardomm
1350 3409 1481 3483 Astul-
1531 3427 1564 3483 et
1582 3412 1770 3486 Fcancicos
1786 3418 1963 3508 praesides
1981 3419 2030 3488 eis
2052 3423 2162 3495 dedit.
2211 3421 2344 3512 Regem
2361 3425 2510 3498 Deside-

493 3515 737 3617 ¹sosRachisii
753 3521 878 3598 trister,
903 3517 1062 3605 regnavit
1086 3537 1199 3584 annos
1223 3528 1324 3600 octo,
1356 3527 1479 3607 tyran·
1529 3515 1622 3584 rium
1645 3517 1822 3606 captivum
1843 3519 2010 3607 relegavit
2031 3519 2219 3596 Leodium.
2271 3524 2385 3598 Filius
2405 3526 2510 3599 Desi-

498 3647 567 3694 uus
581 3621 731 3692 crudelis
747 3635 781 3689 et
797 3618 964 3706 timidus,
990 3614 1200 3689 Ravennam
1217 3616 1420 3706 occupavit,
1445 3629 1479 3685 et
1529 3616 1618 3684 derii
1633 3616 1820 3706 Adelgisus
1841 3620 1884 3687 ad
1904 3617 2080 3689 Graecum
2101 3622 2349 3713 imperatorem
2371 3629 2532 3718 fugiens·

500 3724 628 3816 oppida
651 3723 819 3815 quaedam
835 3717 1018 3789 Romanae
1039 3717 1113 3787 sedi
1134 3716 1276 3790 ademit.
1325 3711 1373 3785 Et
1395 3716 1479 3808 quia
1527 3715 1696 3807 patricius
1711 3715 2022 3823 Constantinopoli
2036 3722 2151 3791 lactus
2167 3737 2232 3796 cst.
2280 3723 2407 3798 Postea
2424 3753 2506 3803 cum

497 3844 723 3915 processurus
748 3833 821 3890 erat
850 3821 893 3888 ad
924 3820 1048 3889 urbem
1072 3816 1244 3902 Romam,
1277 3811 1478 3905 Stephanus
1528 3815 1719 3886 aGraccis
1742 3819 1936 3900 instructus
1964 3820 2117 3891 exercitu
2146 3845 2297 3914 regnum
2322 3843 2508 3920 paternum

493 3922 661 3994 'Pontifex
675 3924 805 3991 frustra
829 3921 939 4011 petito
966 3919 1098 3988 auxilio
1120 3915 1385 3987 aConstantino
1410 3915 1478 3984 im'-
1527 3940 1733 4007 recuperare
1757 3933 1965 4005 conaretur,
1987 3918 2174 3991 aFrancis
2194 3939 2317 4016 captus
2339 3943 2373 4000 et
2396 3930 2508 4001 inter·

495 4036 658 4114 peratore
677 4020 834 4091 discessit
864 4021 903 4089 in
925 4016 1102 4098 Galliam,
1136 4018 1310 4107 petiturus
1351 4030 1391 4087 ut
1417 4040 1478 4085 rex
1528 4019 1641 4087 lectus
1665 4031 1727 4086 est.

492 4123 688 4194 'Francicus
703 4119 855 4212 Pipinus
878 4136 1068 4214 tyrannum
1085 4117 1302 4209 reprimeret.
1352 4113 1478 4205 Quan-
1627 4112 1696 4184 llic
1720 4113 1799 4183 linis
1823 4115 1891 4187 luit
1911 4117 2011 4208 regni
2036 4117 2298 4210 Longobardici
2327 4125 2366 4194 in
2393 4125 2510 4214 ltalia,

497 4247 602 4315 quam
617 4222 748 4314 Pipino
766 4222 882 4290 oblata
904 4233 977 4290 erat
997 4220 1133 4297 occasio
1153 4219 1253 4306 regni
1270 4215 1478 4305 Longobar-
1528 4216 1624 4310 quod
1645 4216 1690 4286 ab
1707 4216 1866 4286 Alboino
1886 4241 1997 4312 usque
2020 4221 2063 4288 ad
2084 4215 2193 4292 huius
2206 4221 2385 4297 Desiderii
2406 4229 2508 4298 dedi-

499 4322 570 4390 dici
586 4321 797 4414 ocnrpandi:
822 4334 938 4388 tamen
952 4319 1029 4389 siue
1046 4317 1237 4409 cupiditate
1258 4329 1395 4387 tantum
1410 4342 1477 4407 pu·
1525 4320 1659 4388 tionem
1700 4339 1813 4386 annos
1854 4317 2023 4389 ducentos
2054 4334 2088 4390 et
2116 4335 2269 4414 quatuor
2307 4328 2508 4405 duraverat.

498 4421 693 4510 blicaepaci
704 4420 880 4493 consuluit
891 4417 1286 4507 bisingressusltaliam.
1310 4416 1477 4507 lnprima
1525 4416 1717 4507 Praecipua
1758 4417 1871 4489 virtus
1902 4419 1970 4492 fuit
1991 4419 2194 4513 Egilolphi,
2230 4421 2507 4500 Theudoliudae

498 4521 717 4610 expeditione
733 4521 893 4593 Astolius
909 4544 989 4589 cum
1011 4519 1050 4588 in
1075 4518 1236 4589 faucibus
1250 4518 1397 4609 Alpium
1419 4519 1477 4585 in-
1525 4516 1732 4603 Bavaricae,
1756 4517 1964 4600 Cuniberti,
1998 4519 2215 4595 Luthrandi.
2265 4524 2401 4598 Caetcri
2424 4554 2507 4599 cru-

498 4619 671 4692 foeliciter
687 4634 891 4713 pugnasset,
914 4620 1004 4709 fugit
1018 4619 1058 4688 in
1073 4621 1197 4688 urbem
1215 4617 1398 4698 Ticinum,
1423 4619 1477 4688 ibi
1524 4619 1640 4697 deles,
1673 4631 1707 4688 et
1749 4619 1894 4711 quidam
1929 4622 2100 4710 sanguine
2127 4637 2355 4713 cognatorum
2377 4630 2507 4719 polluti

496 4734 657 4791 metuens
685 4721 922 4806 obsidionem,
954 4719 1113 4809 promisit
1144 4743 1284 4810 pacem,
1318 4732 1353 4788 et
1378 4720 1476 4789 dedit
1523 4720 1680 4803 fucrant,
1705 4742 1857 4811 quorum
1875 4743 2009 4809 poenae
2025 4724 2226 4794 testimonia
2241 4742 2324 4797 sunt
2348 4729 2421 4799 irae
2447 4731 2507 4800 di-

496 4821 648 4895 obsides.
697 4817 805 4892 Redit
820 4824 927 4912 igitur
941 4818 1090 4913 Pipinus
1104 4819 1143 4892 in
1158 4818 1315 4889 Galliam
1332 4842 1475 4907 sperans
1523 4819 1640 4904 vinae,
1665 4843 1754 4912 quae
1770 4820 1875 4908 etiam
1890 4821 2126 4911 posteritatem
2141 4818 2208 4895 hoc
2226 4842 2385 4914 monent,
2409 4832 2506 4923 quod

496 4921 634 4994 ltaliam
653 4920 809 5012 periculo
822 4923 1005 4994 liberatam
1020 4943 1107 4996 esse.
1156 4917 1205 4991 At
1221 4919 1382 4990 Astulfus
1395 4933 1475 5010 post
1523 4921 1654 4991 dieitur
1674 4921 1713 4988 in
1737 4933 1812 4990 rota
1842 4921 1994 4991 clamare
2016 4920 2139 4995 Ixion:
2169 4923 2305 4997 Discite
2328 4931 2504 5002 iusticiam

494 5022 631 5093 abitum
645 5020 766 5113 Pipini
782 5033 899 5093 contra
916 5035 1015 5114 pacta
1036 5024 1080 5091 ad
1096 5020 1220 5091 urbem
1235 5018 1388 5092 Romam
1416 5043 1475 5091 ac·
1523 5020 1671 5104 moniti,
1695 5034 1729 5090 et
1749 5045 1824 5088 non
1846 5034 2000 5091 temnere
2024 5023 2136 5101 divos.
2188 5024 2320 5100 Incidit
2343 5025 2402 5100 hic
2422 5031 2503 5102 finis

493 5123 606 5207 cedit,
629 5123 714 5193 facit
732 5141 876 5209 magnas
890 5125 1119 5206 vastationes,
1142 5134 1177 5191 et
1197 5120 1400 5191 suburbana
1416 5119 1475 5189 in-
1523 5120 1622 5209 regni
1636 5118 1898 5207 Longobardici
1918 5121 1957 5191 in
1971 5146 2105 5195 annum
2126 5139 2310 5220 postquam
2330 5146 2504 5204 natusest

493 5224 625 5298 cendit.
674 5221 815 5294 Rursus
829 5245 930 5312 opem
946 5226 1111 5317 implorat
1125 5220 1287 5292 Pontifex
1302 5219 1474 5310 aPipino,
1522 5216 1682 5292 Christus
1702 5245 1744 5291 ex
1761 5221 1898 5312 virgine
1919 5224 2268 5316 septingentesimum
2290 5232 2504 5323 septuagesi-

493 5325 556 5422 qui
572 5323 713 5394 rediens
731 5346 804 5392 non
821 5333 1005 5394 contentus
1019 5323 1221 5417 promissis,
1243 5323 1335 5410 cogit
1350 5316 1473 5391 Astul-
1522 5346 1619 5392 mum
1635 5322 1792 5396 tertium.

492 5431 569 5498 furn
592 5426 795 5518 relinquere
813 5421 1023 5494 Ravennam
1052 5439 1087 5496 et
1107 5424 1195 5495 alias
1216 5420 1336 5498 ltaliae
1356 5422 1472 5508 urbes,
1626 5420 1774 5494 Carolus
1792 5419 1946 5494 Romam
1971 5428 2147 5518 proiectus
2170 5424 2404 5501 honorificea
2425 5429 2504 5505 Ro-

490 5549 580 5622 quas
600 5526 727 5618 partim
742 5523 925 5607 Pontifex,
951 5523 1077 5612 partim
1096 5519 1251 5596 Exarchi
1274 5535 1471 5598 tenuerant.
1520 5546 1627 5592 mono
1651 5522 1824 5595 Pontifice
1844 5540 2006 5616 exceptus
2031 5543 2103 5615 est,
2136 5541 2171 5598 et
2188 5529 2302 5597 factus
2334 5532 2504 5621 patricius

374 5614 380 5622 ’
491 5626 566 5702 Nec
581 5642 700 5699 tamen
715 5626 750 5698 ei
764 5647 912 5720 regnum
929 5620 1238 5713 Longobardicum
1251 5625 1395 5702 ademit.
1440 5632 1447 5647 ·
1518 5619 1720 5739 Romanus.
1771 5623 1909 5700 Iuravit
1924 5625 2081 5700 Francos
2094 5639 2267 5720 perpetuo
2277 5629 2411 5704 amicos
2425 5635 2503 5706 iore
