6025 6775
368 719 442 794 209
765 707 926 784 DECL.
958 706 1033 781 DE
1070 703 1356 784 PULMONE
1390 704 1467 781 ΕΤ
1497 701 1573 776 DE
1606 701 1871 780 DISCRIM.
1903 727 1985 780 erc,
2306 723 2381 790 210

370 904 404 959 et
426 884 647 955 mirabilium
674 878 977 971 significationum.
1044 874 1178 972 Estque
1202 877 1351 948 utilissi-
1400 878 1511 946 fertus
1535 875 1718 965 pulmoni,
1743 875 1800 944 cui
1824 877 1896 945 duo
1920 880 2056 949 canales
2076 905 2115 949 ex
2141 885 2245 954 corde
2263 888 2381 955 emissi

368 1013 465 1058 mum
488 989 532 1056 ad
558 984 832 1054 confirmandam
855 981 1099 1050 adsensionem
1122 982 1164 1048 de
1180 979 1256 1050 Deo
1272 980 1351 1069 opi·
1402 989 1605 1048 occurrunt.
1647 973 1746 1043 Vena
1763 977 1934 1045 arterialis
1950 981 2205 1053 nutrimentum
2220 988 2381 1056 adferens

369 1091 452 1172 free,
479 1109 582 1175 saepe
606 1083 734 1152 intueri
756 1105 818 1150 nos
841 1080 954 1171 ipsos,
980 1095 1019 1151 ut
1041 1103 1096 1150 ars
1121 1081 1158 1148 in
1183 1080 1351 1149 membris
1401 1077 1584 1170 pulmoni,
1616 1088 1650 1145 et
1672 1078 1799 1146 arteria
1824 1079 1975 1164 venalis,
2006 1084 2122 1151 ae‘rem
2148 1084 2187 1153 in
2211 1086 2382 1176 pulmone

371 1187 506 1257 nostris
529 1181 813 1254 commonefaciat
835 1205 919 1267 nos,
950 1204 1026 1250 non
1048 1204 1130 1251 casu
1154 1204 1193 1249 ea
1215 1182 1352 1250 conflu-
1402 1176 1596 1267 excipiens.
1622 1188 1718 1245 etex
1740 1179 1846 1247 corde
1861 1181 1975 1248 fumos
1991 1176 2159 1269 evehens,
2183 1186 2289 1256 simul
2301 1213 2381 1258 cum

370 1289 467 1358 xisse
490 1309 530 1354 ex
551 1282 745 1353 Democriti
766 1283 911 1367 atomis,
943 1285 1004 1351 sed
1026 1306 1107 1351 vere
1132 1304 1205 1350 esse
1226 1280 1353 1366 Deum,
1402 1278 1557 1348 arteriali
1589 1279 1770 1366 sanguine.
1830 1276 1880 1346 Hi
1909 1281 2046 1350 canales
2080 1301 2249 1375 spargunt
2276 1289 2382 1359 exiles

373 1388 478 1458 cuius
493 1382 652 1467 consilio,
677 1396 824 1473 propter
838 1383 1058 1472 gravissimas
1075 1405 1193 1452 causas
1208 1396 1241 1453 et
1256 1405 1352 1451 com·
1401 1378 1562 1449 surculos
1587 1402 1651 1468 per
1679 1391 1792 1449 totum
1819 1380 2022 1467 pulmonem
2030 1407 2041 1466 3
2076 1399 2109 1454 et
2139 1387 2219 1478 quia
2245 1390 2382 1459 assidue

373 1484 644 1557 monefactiones
667 1484 787 1551 omnia
810 1484 859 1553 sic
879 1484 968 1552 facta
991 1497 1025 1553 et
1047 1483 1236 1553 distributa
1257 1495 1351 1552 sunt.
1403 1476 1567 1573 hauritur
1587 1493 1622 1549 et
1641 1480 1813 1548 emittitur
1834 1482 1915 1564 aiir,
1941 1504 2003 1570 per
2019 1479 2192 1555 trocheum
2209 1490 2383 1575 arteriam,

372 1587 493 1674 Longe
516 1583 688 1654 differunt
711 1585 750 1652 in
774 1584 845 1653 vita
867 1584 1095 1672 gubernatio,
1125 1608 1215 1677 quae
1235 1583 1353 1653 nutri·
1404 1596 1437 1652 et
1465 1603 1528 1671 per
1557 1581 1722 1650 arteriam
1753 1581 1931 1665 venalem,
1965 1582 2126 1653 continui
2149 1600 2232 1655 sunt
2256 1603 2384 1673 motus,

371 1685 464 1757 tioni
484 1685 642 1775 corporis
663 1685 792 1769 servit,
823 1698 858 1752 et
878 1685 986 1754 altera
1005 1684 1230 1774 gubernatio,
1262 1706 1352 1775 quae
1404 1679 1583 1773 pulmonis
1607 1680 1766 1750 dilatatio
1792 1695 1824 1750 et
1842 1681 2055 1756 constrictio.
2106 1680 2159 1753 Ac
2175 1688 2327 1775 primum
2345 1690 2385 1758 in

372 1799 424 1857 est
446 1786 637 1876 sapientiae
663 1785 953 1870 communicatio,
979 1800 1013 1855 et
1036 1782 1214 1855 inchoatio
1240 1800 1353 1855 aeter·
1403 1781 1573 1873 pulmone
1583 1794 1885 1871 praeparaturaer,
1901 1783 2385 1875 quiincortransfundendus

372 1910 505 1957 norum
532 1888 720 1954 bonorum.
783 1880 899 1954 Vehat
928 1888 1023 1955 cibos
1054 1900 1088 1957 et
1108 1900 1230 1978 potum
1253 1909 1353 1956 oeso-
1405 1895 1468 1952 est.
1510 1879 1644 1949 Mirum
1659 1895 1710 1951 est
1725 1897 1853 1966 autem,
1879 1908 1959 1952 cum
1972 1885 2132 1954 assiduus
2147 1888 2193 1956 sit
2206 1888 2385 1977 pulmonis

373 1984 528 2080 phagus‚
559 1987 596 2055 id
628 2000 699 2065 est,
732 1984 978 2074 Magistratus,
1013 1988 1075 2080 qui
1104 2000 1155 2057 est
1176 1988 1273 2057 velut
1295 2012 1353 2056 ar·
1403 1994 1533 2063 motus,
1558 1994 1676 2050 tamen
1692 2004 1764 2049 non
1779 1982 1959 2071 alligatum
1969 2006 2041 2053 esse
2052 1988 2096 2054 ad
2106 1980 2297 2071 thoracem,
2321 2012 2386 2058 nec

373 2088 586 2170 mentarius,
612 2100 646 2156 et
669 2109 796 2177 corpus
819 2088 927 2177 pascit
947 2102 980 2157 et
997 2089 1160 2161 custodit.
1211 2087 1281 2159 Sed
1297 2088 1354 2155 ni·
1404 2080 1559 2155 thoracis
1573 2096 1672 2153 motu
1687 2079 1794 2155 uehi.
1819 2080 1986 2152 Moretur
2000 2098 2115 2154 autem
2127 2089 2387 2173 rationevacui,

374 2183 429 2257 hil
457 2187 585 2255 influat
611 2186 650 2253 in
676 2181 851 2256 tracheam
876 2190 1041 2258 arteriam
1062 2190 1133 2258 cibi
1157 2201 1216 2258 aut
1240 2202 1354 2277 potus,
1404 2198 1443 2254 ut
1457 2185 1502 2251 sit
1518 2183 1662 2273 agitatio
1678 2183 1833 2263 mollior,
1854 2207 1932 2251 cum
1945 2184 2037 2253 cedit
2050 2181 2186 2271 thorax,
2209 2190 2387 2279 quiadia-

374 2312 449 2359 non
471 2287 685 2378 impediatur
705 2311 770 2358 vox
786 2289 965 2357 doctrinae
981 2290 1134 2359 sordidis
1148 2285 1353 2377 cupiditati·
1405 2281 1608 2375 phragmate
1632 2298 1803 2353 movetur.
1868 2280 2051 2355 Adiuvant
2072 2301 2189 2355 autem
2210 2290 2406 2384 pulmonis-

374 2390 443 2461 hm
458 2401 519 2458 aut
532 2388 786 2479 voluptatibus,
809 2413 898 2481 quae
913 2403 1070 2460 ventrem
1085 2401 1244 2457 onerant.
1283 2386 1353 2458 Sed
1405 2399 1540 2454 motum
1556 2381 1844 2454 halitusacorde
1862 2385 2058 2477 venientes,
2084 2401 2116 2457 et
2133 2388 2205 2478 ipsa
2222 2389 2312 2457 aeris
2327 2415 2389 2459 co·

376 2484 423 2560 sit
442 2490 573 2573 libera,
602 2512 666 2558 nec
681 2488 727 2560 sit
748 2490 876 2575 fallax,
898 2494 958 2559 sed
981 2490 1056 2557 veri
1079 2488 1193 2557 cordis
1214 2487 1355 2560 nuncia.
1407 2486 1482 2577 pia,
1516 2486 1578 2577 qui
1602 2499 1637 2555 et
1659 2485 1780 2556 influit
1797 2500 1831 2557 et
1848 2481 1997 2557 exhalat.
2057 2487 2186 2579 Figura
2210 2490 2389 2581 pulmonis

377 2587 478 2658 Talis
505 2602 556 2657 est
582 2602 702 2659 orator
731 2588 947 2659 in·Ecclesia
974 2589 1126 2681 primus,
1160 2588 1253 2658 filius
1278 2587 1355 2678 Dei,
1406 2588 1568 2655 imitatur
1594 2587 1764 2674 ungulam
1795 2587 1916 2671 bovis,
1949 2589 2030 2680 quia
2056 2590 2094 2657 in
2119 2592 2205 2658 duas
2229 2604 2389 2679 partesa

377 2690 440 2782 qui
454 2703 506 2762 est
518 2690 632 2760 fistula
646 2706 679 2761 et
694 2688 866 2788 pluitur,
892 2713 1075 2782 perquam
1090 2690 1209 2781 patefit
1224 2689 1356 2759 divini·
1407 2687 1617 2758 mediastino
1633 2687 1824 2772 dividitur,
1850 2701 1884 2757 et
1900 2688 2058 2777 singulae
2072 2690 2111 2758 in
2128 2692 2200 2761 imo
2217 2692 2320 2761 binos
2333 2693 2389 2761 lo·

378 2804 450 2869 tas,
475 2804 509 2860 et
528 2802 569 2859 ut
591 2792 712 2882 pulmo
737 2790 967 2859 circumfusus
988 2803 1040 2860 est
1063 2802 1189 2860 trunco
1214 2812 1356 2880 asperae
1406 2788 1472 2856 bos
1488 2782 1640 2869 habent,
1665 2788 1781 2856 cordis
1796 2788 2020 2859 involucrum
2035 2794 2314 2881 complectentes.

377 2892 540 2975 arteriae,
566 2915 606 2961 ac
626 2890 832 2958 nominatur
854 2888 1033 2962 aPlatone
1051 2886 1221 2984 μαλακὸν
1245 2889 1356 2981 ἅλμα,
1509 2883 1655 2953 Utilitas
1669 2888 1848 2973 pulmonis
1864 2889 1992 2978 duplex
2007 2904 2075 2968 est,
2101 2892 2212 2978 sactus
2228 2908 2278 2961 est
2294 2894 2389 2959 enim

377 2989 427 3059 ita
454 3005 581 3060 natura
606 2986 760 3058 bumaria
779 2990 988 3065 circumfusa
1013 2992 1067 3061 illi
1092 2992 1245 3077 oratori,
1277 2984 1358 3058 vere
1410 2999 1443 3056 et
1465 2983 1670 3077 spirationis
1692 2997 1727 3052 et
1749 2987 1844 3053 vocis
1864 3009 1979 3055 causa.
2031 2986 2185 3078 Spiratio
2208 2991 2305 3057 cordi
2328 3015 2392 3058 ne-

378 3103 430 3160 est
449 3091 679 3161 tenerrimum
702 3092 955 3176 ventilabrum,
978 3097 1021 3162 de
1039 3117 1108 3185 qua
1125 3090 1359 3162 similitudine
1410 3086 1557 3158 cessaria
1582 3096 1650 3168 est,
1675 3083 1789 3152 adfert
1805 3083 1899 3156 enim
1916 3085 2038 3174 pulmo
2055 3089 2152 3155 cordi
2170 3104 2303 3169 arerem,
2330 3090 2393 3180 qui

371 3202 525 3281 propter
540 3200 648 3255 certas
662 3210 781 3258 causas
795 3191 936 3260 brevius
950 3194 1041 3274 dico,
1059 3205 1196 3261 tantum
1211 3216 1251 3259 eo
1268 3186 1360 3258 hanc
1411 3188 1549 3274 mitigat
1562 3185 1713 3253 calorem
1728 3183 1844 3251 cordis
1859 3196 1893 3254 et
1902 3183 2104 3273 spirituum,
2131 3200 2165 3254 et
2175 3183 2393 3258 huncaerem

372 3285 751 3356 commonefactionem
768 3287 911 3370 inserui,
936 3302 975 3358 nt
988 3290 1147 3357 studium
1162 3289 1263 3357 vobis
1276 3311 1361 3356 con·
1413 3298 1493 3354 ante
1516 3295 1717 3375 praeparat,
1742 3306 1803 3351 cor
1824 3284 1919 3352 enim
1939 3284 2157 3366 laederetur,
2182 3288 2212 3355 si
2231 3302 2394 3377 penetra-

363 3384 588 3469 ,siderandae
608 3383 849 3455 fabricationis
865 3382 1104 3458 humanorum
1119 3390 1362 3458 membrorum
1413 3401 1466 3457 ret
1489 3387 1533 3453 ad
1557 3383 1692 3474 ipsum,
1716 3397 1777 3454 aut
1794 3387 1855 3454 aiir
1868 3383 2050 3474 frigidior,
2076 3399 2138 3457 aut
2153 3388 2258 3458 nimis
2273 3391 2397 3480 copio-

379 3485 680 3568 commendarem,
706 3489 801 3578 quod
826 3501 917 3557 certe
940 3504 972 3559 et
994 3489 1189 3558 valetudini
1204 3502 1238 3559 et
1253 3487 1364 3557 mori·
1415 3509 1484 3558 sus.
1543 3483 1783 3555 Suffocaretur
1803 3497 1919 3553 autem
1944 3508 2004 3555 cor
2026 3488 2125 3577 copia
2150 3489 2338 3581 spirituum
2361 3504 2396 3560 et

379 3586 445 3655 bus
468 3582 696 3653 utilissimum
718 3599 787 3669 est,
819 3600 854 3655 et
874 3590 1026 3657 ostendit
1047 3588 1197 3656 illustria
1220 3589 1264 3655 de
1286 3586 1362 3655 Deo
1413 3585 1543 3657 fumosi
1559 3583 1668 3667 aeris,
1693 3583 1764 3652 nisi
1778 3607 1900 3656 rursus
1914 3584 2013 3656 fieret
2027 3583 2211 3659 exhalatio.
2260 3588 2345 3660 Ideo
2361 3603 2397 3661 et

382 3683 598 3767 testimonia,
623 3698 658 3755 et
670 3685 800 3754 multas
814 3685 981 3772 imagines
995 3708 1112 3753 rerum
1128 3686 1360 3754 maximarum
1413 3709 1477 3774 per
1513 3683 1719 3775 pulmonem
1757 3707 1880 3755 rursus
1916 3687 2091 3759 emittitur
2129 3690 2286 3760 fumosus
2323 3707 2394 3764 aer.

384 3784 635 3875 complectitur.
681 3781 791 3874 Saepe
807 3797 841 3853 et
856 3779 923 3853 hoc
939 3784 1142 3873 cogitemus,
1168 3785 1271 3854 talem
1288 3808 1361 3854 esse
1415 3781 1570 3877 Ideoque
1585 3785 1707 3875 pulmo
1724 3808 1832 3877 capax
1848 3799 1900 3857 est
1913 3788 2017 3858 multi
2032 3791 2140 3873 aeris,
2165 3804 2206 3861 ut
2220 3793 2397 3884 paulisper

383 3883 528 3975 figuram
544 3879 701 3957 hominis
718 3884 915 3970 conditam,
938 3885 1076 3977 qualem
1094 3884 1280 3975 praecipue
1296 3911 1362 3952 vo·
1414 3887 1543 3954 omissa
1568 3885 1783 3976 spiratione,
1813 3900 1932 3957 tamen
1961 3913 2022 3959 cor
2050 3891 2197 3980 accipiat
2217 3906 2251 3963 et
2273 3894 2397 3963 reddat

384 3982 451 4054 lnit
473 3982 568 4055 Deus
598 3984 787 4055 convenire
814 3985 906 4063 filio,
940 3998 976 4055 et
1003 3984 1069 4052 filii
1098 4007 1224 4074 corpus
1247 3984 1361 4053 ideam
1415 3989 1545 4058 aerem.
1581 3983 1712 4073 Quod
1736 3987 1771 4083 si¹
1790 3987 1922 4058 deesset
1944 3991 2085 4078 pulmo,
2117 3981 2217 4060 bre'vi
2240 4006 2397 4085 tempore
2484 4027 2486 4030 ·
2521 4009 2523 4013 ’

385 4107 456 4155 esse
486 4098 689 4156 nostrorum
719 4109 918 4176 corporum.
976 4082 1096 4171 Quare
1126 4106 1200 4152 non
1222 4084 1364 4154 dubite·
1415 4086 1543 4155 omissa
1557 4086 1749 4175 spiratione
1763 4087 1958 4157 animantia
1973 4091 2238 4176 suffocarentur,
2263 4093 2310 4163 ita
2325 4094 2398 4183 spi-

385 4210 482 4273 mus,
507 4209 626 4258 causas
645 4186 839 4273 singulares
854 4207 947 4269 esse,
971 4209 1035 4254 cur
1052 4185 1239 4275 praecipua
1252 4209 1364 4253 mem·
1415 4185 1566 4254 rationis
1588 4208 1690 4254 causa
1714 4185 1835 4276 pulmo
1860 4187 1972 4255 factus
1996 4204 2056 4257 est.
2117 4187 2238 4261 Altera
2262 4194 2398 4263 utilitas

386 4288 465 4371 bra,
498 4312 588 4382 quae
618 4287 655 4356 in
684 4299 758 4357 tota
780 4285 984 4356 aeternitate
1004 4308 1134 4375 organa
1154 4283 1222 4354 Dei
1249 4298 1365 4368 erunt,
1416 4298 1486 4367 est,
1511 4285 1718 4353 formandae
1740 4284 1817 4354 voci
1840 4286 1981 4361 servire.
2032 4287 2081 4360 Ut
2103 4292 2197 4359 enim
2216 4293 2254 4360 in
2273 4293 2397 4362 fistulis

387 4389 436 4458 sic
455 4390 606 4460 formato
629 4388 711 4457 sint.
759 4381 915 4484 Accedat
929 4400 962 4456 et
984 4381 1070 4456 haec
1085 4410 1184 4469 cura,
1211 4399 1251 4456 ut
1265 4387 1294 4454 si
1311 4386 1366 4477 pi·
1416 4381 1485 4455 hoe
1506 4385 1614 4453 modo
1634 4384 1725 4456 fitrnt
1747 4385 1844 4471 soni,
1870 4411 1950 4457 curn
1973 4389 2183 4486 inspiratum
2202 4397 2316 4461 ae'rem
2334 4416 2398 4483 per
2514 4404 2520 4413 ’

387 4501 520 4560 cturam
543 4504 728 4581 parentum
750 4483 915 4571 haberes,
941 4487 1053 4556 nolles
1076 4511 1151 4556 eam
1169 4487 1367 4577 petulanter
1418 4497 1605 4574 angustum
1621 4488 1796 4570 foramen,
1822 4490 1916 4579 quod
1932 4489 1970 4556 in
1986 4490 2071 4578 ipsis
2086 4491 2307 4576 continetur,
2331 4494 2398 4561 eli-

387 4591 583 4680 corrnmpi‚
609 4614 653 4658 ne
674 4601 836 4681 parentes
857 4587 1069 4659 contumelia
1086 4587 1187 4656 adfici
1203 4587 1368 4656 videren-
1418 4589 1524 4657 dunt:
1551 4586 1600 4653 sic
1624 4600 1657 4656 et
1677 4586 1716 4655 in
1731 4590 1939 4678 corporibus
1955 4585 2120 4660 humanis
2134 4615 2201 4659 vox
2215 4593 2398 4678 formatur,

388 4702 464 4762 tor:
501 4691 550 4759 sic
572 4705 606 4761 et
628 4704 773 4781 propter
787 4684 886 4758 ideae
902 4689 1133 4758 reverentiam
1150 4700 1211 4757 tuo
1226 4689 1368 4779 corpori
1419 4687 1561 4781 quando
1591 4691 1651 4756 εὸτ
1681 4711 1742 4777 ρετ
1770 4712 1926 4779 asperam
1957 4691 2122 4760 arteriam
2147 4692 2185 4759 in
2207 4692 2399 4786 laryngem,

385 4814 530 4884 parcas,
555 4805 589 4862 et
609 4793 697 4862 sicut
713 4788 843 4860 Paulus
864 4789 996 4881 inquit:
1025 4786 1145 4857 Tuum
1163 4813 1288 4879 corpus
1301 4784 1367 4858 ho·
1420 4811 1510 4881 quae
1526 4801 1576 4856 est
1592 4801 1697 4878 caput
1712 4812 1853 4880 asperae
1869 4790 2027 4874 arteriae,
2053 4792 2176 4874 fertur,
2203 4805 2308 4885 atque
2325 4795 2399 4865 illie

385 4911 482 4962 nore
502 4891 646 4962 adficias.
702 4888 862 4962 Debetur
884 4889 978 4957 enim
1000 4885 1115 4958 honos
1139 4888 1214 4959 Deo
1240 4889 1371 4982 opifici,
1421 4903 1690 4978 per-angustam
1715 4890 1898 4974 rimulam,
1932 4915 2022 4984 quae
2045 4893 2083 4960 in
2103 4892 2248 4988 larynge
2270 4895 2399 4981 existit,

390 5005 424 5063 et
439 4989 561 5070 ideae,
584 5015 651 5081 qua
665 4992 808 5062 vestitus
823 5005 875 5061 est
888 4991 993 5060 filius.
1420 4989 1624 5079 impellitur.
1677 4987 1804 5058 Pulmo
1829 4992 1924 5059 enim
1945 5017 2008 5062 ceu
2027 4993 2200 5063 utriculos
2215 4995 2366 5082 agitatus
2379 5019 2400 5065 a

496 5086 567 5158 Sed
583 5103 622 5159 ut
641 5089 771 5161 discant
788 5093 943 5161 iuniores
957 5091 1102 5160 usitatas
1119 5089 1370 5178 descriptiones
1420 5089 1589 5158 musculis
1620 5084 1791 5170 thoracis,
1823 5094 1937 5159 adrem
1964 5115 2027 5181 per
2048 5089 2225 5162 tracheam
2246 5096 2400 5185 impellit

393 5189 593 5283 pulmonis,
619 5203 652 5257 et
675 5191 859 5260 discrimen
884 5187 1043 5263 tracheae
1059 5191 1206 5259 arteriae
1221 5204 1256 5260 et
1270 5212 1370 5259 ocso-
1422 5190 1604 5280 aliquanto
1626 5188 1831 5276 violentius,
1858 5215 1964 5281 quam
1983 5193 2023 5260 fit
2047 5193 2313 5284 inspiratione,
2338 5201 2399 5266 de-

394 5286 516 5382 phagi,
550 5314 660 5382 pauca
696 5292 740 5358 de
769 5285 825 5360 his
852 5293 1021 5362 mirandis
1050 5293 1215 5381 operibus
1245 5290 1371 5359 dicam.
1423 5290 1505 5358 inde
1531 5289 1569 5356 in
1586 5290 1763 5382 laryngern
1776 5291 1950 5374 truditur,
1976 5315 2038 5382 per
2053 5292 2152 5362 cuius
2168 5295 2293 5364 rimam
2310 5322 2399 5388 quae

395 5389 589 5463 Caritatem
620 5391 713 5460 eirca
739 5413 799 5460 cor
822 5391 941 5482 implet
965 5394 1105 5483 pulmo,
1136 5392 1197 5482 qui
1219 5406 1269 5462 est
1289 5415 1370 5459 caro
1421 5390 1850 5482 proprieglottisvocatur,
1870 5415 1923 5472 eo,
1943 5395 2039 5485 quod
2051 5388 2094 5465 τὸ
2112 5388 2270 5488 σχήματι
2281 5397 2396 5469 αὕλου

397 5499 516 5577 aerea,
544 5517 641 5577 rara,
674 5490 812 5573 mollis,
840 5492 1041 5580 spongiam,
1063 5493 1191 5561 similis
1209 5492 1372 5579 coagula·
1422 5482 1566 5588 γλώττῃ
1588 5483 1844 5586 παραπλήσιον
1866 5493 1971 5561 elisus
1992 5517 2113 5563 vocem
2134 5497 2280 5582 format,
2310 5521 2399 5586 quae

397 5605 452 5662 tae
476 5615 616 5683 spumae
633 5590 833 5682 sanguinis,
857 5591 995 5660 insertis
1010 5594 1050 5660 in
1061 5617 1136 5662 eam
1154 5618 1291 5662 carnem
1308 5593 1372 5660 tri·
1424 5592 1507 5661 inde
1530 5592 1566 5659 in
1583 5592 1689 5661 latam
1708 5593 1780 5661 oris
1794 5593 2062 5684 amplitudinem
2075 5596 2208 5678 delata,
2232 5611 2266 5665 et
2278 5618 2400 5683 garga·

382 5693 464 5786 ⁴bus
487 5693 629 5778 fistulis,
653 5717 741 5786 quae
766 5704 935 5783 spargunt
954 5715 1068 5760 ramos
1083 5709 1261 5763 contextos
1276 5693 1374 5762 velut
1423 5692 1524 5763 reoni
1547 5694 1657 5777 illisa,
1687 5693 1781 5762 varie
1803 5695 1976 5763 formatur
1997 5707 2031 5764 et
2050 5696 2224 5771 variatur,
2249 5697 2342 5762 unde
2365 5708 2400 5764 et

398 5807 503 5864 recte.
554 5792 737 5864 Grandior
756 5806 809 5873 est
831 5815 953 5863 mucro
975 5788 1136 5864 tracheae
1152 5794 1300 5865 arteriae
1316 5793 1373 5862 in·
1423 5815 1616 5884 gargareon
1636 5794 1744 5883 vulgo
1765 5795 1860 5865 vocis
1881 5794 2054 5885 plectrum
2075 5805 2229 5862 vocatur.
2297 5789 2401 5866 Unde

449 5892 635 5965 Μιττιττ.
660 5897 764 5964 Orrx.
788 5896 873 5966 Vox.
897 5895 976 5965 ΧΠ.
1731 5890 1800 5964 14·
