6025 6775
635 635 687 711 ω
1062 610 1327 697 nncnnn
1362 612 1704 695 nrcnrr-srn
1740 613 1993 720 eunucu.
2018 618 2226 707 nnncn
2607 647 2659 725 04

638 801 791 877 faciebat
805 789 1088 897 npossosiieupm,
1115 793 1246 883 dequo
1259 802 1379 882 postea
1398 789 1437 860 in
1450 790 1625 862 concione
1673 788 1955 887 luisseEuropae
1971 798 2211 879 consideretis.
2252 801 2330 877 Nisi
2344 809 2465 885 luisset
2480 816 2657 893 excellens

640 900 920 977 deliberabatur:
951 899 998 969 ita
1018 915 1166 984 regnum
1182 892 1221 960 in
1238 888 1432 962 Germania
1448 906 1625 985 tempera-
1674 892 1788 964 virtus
1803 893 1843 964 in
1850 892 2281 993 Henrieobombergensi‚
2295 909 2358 1002 qui
2370 914 2504 1003 primm
2512 912 2658 992 Elem.

641 1020 719 1078 tum
747 1015 800 1075 cst
829 996 1073 1074 honestissima
1101 993 1334 1064 aristocratia.
1392 990 1485 1063 Cum
1514 994 1625 1083 igitur
1674 1016 1754 1065 rnm
1770 995 1948 1088 suffragiis
1961 1000 2074 1069 factus
2087 999 2362 1096 estlmperator,
2388 1015 2657 1094 nontribuisset¹

641 1129 761 1178 rerum
785 1103 1014 1173 maximarum
1038 1095 1217 1174 custodia,
1245 1092 1428 1182 religionis
1449 1089 1626 1165 Christia—
1675 1094 1708 1164 ei
1729 1098 1915 1186 posteritas
1935 1122 2067 1168 nomen
2081 1099 2215 1178 Sancti.
2265 1103 2336 1177 llic
2354 1111 2546 1187 Saracenos
2557 1142 2658 1210 aas·

642 1230 729 1293 me,
769 1206 903 1293 legum,
934 1196 1176 1281 iudiciorum,
1223 1193 1447 1285 disciplinae,
1487 1194 1526 1264 in
1558 1188 1624 1262 hac
1676 1207 1791 1265 santes
1809 1197 1848 1265 in
1864 1196 1964 1269 ltalia
1978 1200 2128 1281 delevit,
2151 1203 2505 1301 pacavitBelgicum,
2528 1241 2658 1312 propa.

643 1321 746 1402 parte
765 1300 902 1393 generis
922 1293 1074 1368 humani
1095 1295 1282 1389 praecipue
1308 1295 1553 1366 commendata
1579 1294 1626 1363 sit
1677 1296 1772 1384 gavit
1797 1299 1995 1369 doctrinam
2013 1296 2199 1391 Evangelii
2221 1304 2260 1374 in
2281 1300 2548 1388 banevicinam
2569 1317 2659 1417 Ely.

643 1405 727 1480 huie
743 1399 965 1493 lmperatori‚
989 1411 1025 1469 et
1045 1394 1249 1469 Electornm
1265 1394 1431 1481 Senatui,
1456 1417 1626 1485 agnosca·
1676 1395 1765 1465 siam
1774 1449 1786 1483 ,
1810 1420 1902 1490 qnae
1918 1422 2014 1469 nunc
2029 1399 2157 1490 partim
2172 1401 2299 1477 Silesia
2313 1423 2382 1495 est,
2407 1415 2536 1502 partim
2546 1417 2660 1494 Lusa-

643 1526 722 1576 mus
738 1497 808 1573 hoc
832 1502 957 1591 ingens
978 1500 1106 1583 decus,
1131 1510 1166 1567 et
1186 1509 1387 1567 reverenter
1408 1497 1453 1567 de
1469 1493 1626 1588 Impera-
1677 1497 1740 1569 tia.
1802 1495 1994 1589 Hungaros
2014 1502 2198 1592 repressit,
2239 1519 2273 1577 et
2294 1531 2375 1579 eum
2397 1509 2491 1602 llegi·
2507 1518 2661 1594 dedisset

642 1619 719 1676 tore
739 1617 775 1675 et
795 1605 841 1674 de
862 1598 932 1673 hoc
953 1601 1142 1695 praecipuo
1167 1597 1301 1670 Senatu
1318 1595 1455 1687 generis
1479 1592 1627 1667 humani
1678 1619 1835 1667 sororem
1854 1597 2031 1687 Giselsro,
2055 1602 2153 1673 flexit
2167 1604 2325 1679 animum
2337 1610 2415 1681 eitra
2437 1616 2483 1684 ad
2506 1620 2671 1707 agnitio-¹

644 1705 849 1779 sentiamus,
1679 1721 1761 1768 nem
1776 1700 2086 1790 veraereligionis.
2123 1701 2313 1778 Cunradus
2321 1708 2479 1785 Francus
2491 1723 2661 1809 repressit

745 1804 819 1875 Nee
845 1804 927 1873 ideo
954 1801 1037 1897 quia
1065 1801 1180 1872 maior
1210 1812 1262 1870 est
1282 1798 1434 1870 Turrica
1458 1798 1627 1892 potentia,
1678 1796 1867 1889 Hungaros
1889 1813 1924 1871 et
1939 1799 2167 1891 Burgundos.
2217 1802 2409 1882 Lotbsrius
2424 1812 2515 1884 Saxo
2537 1843 2660 1892 eunus

586 1971 591 1981 .
644 1907 818 1979 maiorem
834 1904 1040 1995 dignitatem
1064 1925 1138 1973 esse
1152 1901 1297 1971 'fornici
1313 1898 1628 1991 Imperatoris-eri-
1677 1912 1872 1991 grassantes
1887 1902 1927 1972 in
1944 1899 2046 1972 ltalia
2061 1902 2255 1977 Saracenos
2271 1909 2421 1997 delevit,
2447 1918 2596 2003 protulit
2615 1944 2660 1991 ex

646 2009 845 2092 stimemus,
869 2006 952 2098 quia
970 2003 1124 2094 dignitas
1138 2025 1212 2072 non
1228 2014 1279 2072 est
1299 2002 1339 2070 in
1360 2001 1423 2072 illa
1444 1999 1627 2071 barbarica
1670 1994 1895 2073 bibliotheca
1913 2004 1953 2073 in
1974 2003 2105 2076 iudicia
2119 2006 2229 2078 libros
2243 2006 2400 2080 Romani
2417 2010 2529 2098 luris,
2554 2021 2660 2090 resti-

647 2108 849 2205 tyrannide.
906 2104 1066 2176 Tantum
1086 2103 1181 2195 apud
1204 2125 1262 2173 eas
1283 2114 1405 2190 gentes
1426 2116 1498 2186 est,
1529 2101 1625 2193 apud
1678 2102 1746 2172 tuit
1762 2123 1882 2192 pacem
1906 2116 1944 2174 et
1962 2104 2054 2195 leges
2075 2107 2115 2174 in
2130 2104 2344 2193 Germania,
2378 2135 2485 2206 quam
2506 2120 2662 2205 graviter

646 2232 735 2304 quas
757 2231 859 2278 verae
879 2205 1061 2296 religionis
1075 2204 1236 2274 doctrina
1251 2203 1391 2272 colitur.
1442 2200 1516 2273 Ubi
1534 2202 1628 2290 leges
1678 2201 1885 2273 adflixerunt
1899 2203 1993 2275 bella
2008 2206 2136 2278 civilia.
2188 2206 2313 2281 Postea
2330 2236 2412 2282 eum
2428 2237 2549 2286 rursus
2561 2216 2661 2289 Pon-

646 2311 808 2393 divinae,
834 2319 872 2378 'et
893 2331 934 2377 ex
955 2301 1012 2375 bis
1036 2316 1212 2375 extructae
1236 2301 1323 2372 aliae
1344 2304 1437 2393 leges
1461 2297 1629 2372 honestae
1679 2301 1788 2372 tifiees
1801 2305 2039 2376 accendissent
2052 2305 2145 2377 bella
2162 2308 2279 2379 civilia
2295 2312 2334 2379 in
2347 2310 2559 2401 Germania,
2580 2316 2661 2392 Ro-

646 2420 916 2492 conservantur,
939 2406 1004 2476 ubi
1018 2417 1100 2475 suut
1115 2405 1269 2493 legitima
1292 2404 1443 2487 iudicia,
1465 2418 1500 2473 et
1519 2402 1629 2472 scele-
1679 2397 1805 2494 dolphi
1821 2404 1980 2474 consiliis
1996 2420 2031 2479 et
2046 2408 2179 2478 virtute
2195 2433 2261 2499 pax
2275 2411 2434 2484 restituta
2448 2431 2509 2489 est.
2542 2416 2660 2492 Multa

645 2536 725 2583 rum
739 2531 886 2604 poenae,
907 2520 942 2578 et
957 2508 1020 2578 ubi
1038 2501 1177 2575 honesti
1192 2499 1378 2574 bominum
1392 2518 1511 2575 coetus
1528 2502 1628 2573 iustis
1679 2505 1872 2593 sapienter,
1895 2500 2060 2593 honeste,
2084 2522 2119 2578 et
2132 2510 2269 2580 utiliter
2282 2511 2320 2580 iu
2336 2526 2417 2603 toga
2433 2529 2468 2585 et
2490 2518 2529 2585 in
2549 2520 2660 2591 armis

645 2613 753 2683 armis
768 2621 1010 2702 proteguntur.
1061 2603 1158 2675 llaec
1172 2629 1252 2676 cum
1268 2628 1344 2674 non
1357 2605 1442 2676 baut
1455 2628 1474 2674 a
1488 2602 1628 2689 Turris,
1678 2618 1755 2675 acta
1778 2617 1906 2676 sunta
1929 2604 2058 2678 Carolo
2080 2623 2205 2701 quarto
2235 2625 2269 2681 et
2288 2613 2334 2682 ab
2353 2615 2429 2684 eius
2450 2616 2525 2688 filio
2546 2618 2660 2709 Sigis-

646 2712 784 2783 etiamsi
799 2724 850 2783 est
867 2732 992 2800 magna
1014 2706 1192 2799 potentia,
1217 2719 1334 2776 tamen
1362 2700 1499 2775 honore
1514 2707 1627 2795 impe·
1679 2705 1838 2789 mundo,
1863 2706 1927 2797 qui
1945 2730 2026 2777 eum
2050 2722 2138 2781 esset
2152 2707 2316 2782 Marchio
2331 2710 2661 2809 brandeburgensis

646 2813 693 2882 rii
707 2836 784 2883 non
799 2822 963 2894 ornetur,
991 2810 1141 2901 ideoque
1157 2831 1242 2877 voce
1265 2806 1386 2876 divina
1411 2819 1494 2877 aute
1514 2806 1627 2875 multa
1679 2819 1713 2876 et
1729 2802 1929 2891 Moraviae,
1962 2808 2149 2879 accersitus
2171 2823 2223 2880 est
2245 2815 2289 2882 ad
2313 2835 2460 2903 regnum
2476 2814 2662 2909 Hungari·

646 2914 780 2999 secula,
813 2910 975 3006 tyrannis
994 2910 1056 2978 illa
1076 2911 1241 2978 damnata
1263 2922 1326 2979 est.
1377 2902 1426 2978 Et
1445 2906 1560 3001 qualis
1581 2906 1628 2975 sit
1679 2929 1771 2980 cnm.
1821 2900 1900 2977 Etsi
1914 2920 2031 2979 autem
2045 2908 2661 3003 aliquotiesSigismundusaTureis

644 3013 877 3105 gubernatio,
898 3034 1029 3083 nomen
1046 3023 1080 3080 et
1097 3023 1243 3080 eventus
1259 3009 1462 3079 ostendunt.
1509 3006 1627 3077 Turca
1679 3006 1793 3076 victus
1812 3006 1891 3092 est,
1915 3021 2034 3079 tamen
2057 3032 2180 3079 eorum
2205 3013 2296 3082 vires
2317 3010 2372 3085 his
2392 3017 2533 3107 praeliis
2551 3020 2663 3091 dimi-

644 3115 743 3185 euim
773 3127 983 3184 vastatorem
1007 3109 1198 3201 significat,
1236 3122 1271 3178 et
1294 3133 1350 3178 res
1372 3108 1529 3179 ostendit
1550 3129 1627 3177 eam
1678 3119 1785 3176 nutse
1804 3120 1907 3192 sunt,
1937 3131 1983 3179 ne
2003 3108 2074 3181 cito
2097 3124 2217 3200 postea
2242 3114 2384 3203 lougius
2404 3120 2571 3206 progredi
2594 3145 2661 3212 po-

642 3229 782 3305 partem
807 3228 921 3285 terrae
943 3236 1033 3306 quae
1051 3211 1158 3282 urbes
1179 3205 1305 3280 habuit
1333 3209 1455 3299 plenas
1484 3210 1629 3293 artium,
1678 3208 1823 3279 tuerint.
1873 3206 2007 3298 Magno
2024 3210 2267 3280 labore'etiam
2285 3214 2431 3286 dissidia
2454 3216 2549 3289 inter
2562 3219 2662 3293 Pon-

642 3311 884 3385 Erelesiarum
899 3325 935 3381 et
955 3313 1109 3381 aliorum
1129 3323 1420 3381 ornamentorum
1442 3309 1490 3381 ita
1512 3322 1628 3381 vasta·
1679 3307 1788 3379 tilices
1806 3309 1967 3390 diremit,
1992 3332 2083 3403 quae
2098 3310 2128 3378 si
2145 3333 2221 3380 non
2236 3311 2412 3407 dirempta
2427 3332 2559 3407 essent,
2583 3345 2662 3393 ωε-

645 3426 718 3483 tam
737 3435 810 3483 esse
825 3436 846 3482 a
862 3410 1011 3496 Turris,
1034 3424 1074 3480 ut
1091 3432 1187 3480 nnnc
1200 3412 1381 3481 barbarica
1397 3412 1553 3483 solitudo
1569 3411 1627 3491 sit,
1680 3410 1773 3480 iores
1790 3409 2038 3481 distractiones
2057 3410 2095 3479 in
2111 3406 2258 3504 Europe
2280 3415 2393 3486 laetae
2412 3432 2536 3494 essent.
2587 3420 2660 3494 Sed

645 3514 721 3585 sine
746 3516 825 3583 loce
849 3512 1050 3596 doctrinae,
1088 3512 1165 3580 siue
1186 3512 1337 3602 legibus,
1369 3511 1449 3580 sine
1473 3513 1628 3594 iudiciis,
1678 3510 1854 3581 obiiciunt
1895 3511 2029 3603 aliqui,
2074 3535 2150 3581 non
2190 3535 2327 3607 semper
2360 3516 2467 3586 luisse
2498 3521 2683 3594 loeliccm¹

645 3613 722 3685 sine
737 3612 865 3685 ordine
881 3611 986 3682 vitae.
1038 3609 1244 3684 Intueamur
1258 3636 1340 3703 ergo
1358 3613 1504 3681 alteram
1520 3633 1627 3701 gene·
1677 3603 1918 3694 Electionem,
1941 3610 2049 3681 fuisse
2064 3610 2297 3704 Imperatores
2312 3619 2482 3708 quosdam
2502 3619 2661 3711 ignavos,

645 3715 696 3784 ris
711 3711 861 3786 humani
878 3724 1035 3805 partem,
1060 3728 1094 3785 et
1108 3714 1160 3784 ibi
1174 3737 1255 3783 vere
1272 3735 1500 3803 agnoscamus
1514 3713 1628 3803 impe-
1678 3712 1849 3804 quosdam
1862 3711 1966 3782 etiarn
1983 3713 2199 3804 perniciosos
2212 3715 2345 3802 patriae
2359 3731 2392 3784 et
2411 3716 2540 3793 ltaliae.
2590 3720 2662 3795 Ps-

644 3815 739 3886 rium
772 3838 863 3897 esse,
900 3815 1009 3909 idque
1034 3838 1245 3885 veneremur
1267 3836 1410 3898 omnes,
1441 3814 1629 3904 praecipue
1680 3813 1827 3882 tendum
1841 3822 1913 3897 est,
1938 3836 2012 3883 nou
2031 3837 2170 3907 semper
2188 3814 2295 3885 luisse
2313 3813 2465 3884 similem
2487 3820 2662 3893 foelicita-

530 3988 535 3995 ,
644 3916 935 4008 veroPsineipes,
957 3936 1047 4009 quos
1061 3915 1172 4004 magis
1185 3914 1383 4004 intelligere
1397 3936 1496 3984 suam
1511 3913 1628 4003 digni·
1680 3923 1834 3985 ternant
1861 3914 2044 3984 electionis
2065 3926 2127 3985 aut
2149 3915 2307 4006 ipsorum
2325 3913 2599 4007 Imperatorum,
2624 3938 2663 3996 et

645 4029 752 4089 tatem
772 4017 882 4093 decet.
934 4014 1154 4086 Veneremur
1175 4027 1290 4084 autem
1308 4016 1461 4107 primum
1482 4029 1629 4107 propter
1679 4015 1897 4105 deploranda
1919 4015 2192 4102 esrtteommunis
2209 4011 2444 4087 humanarum
2460 4040 2580 4089 rerum
2600 4023 2661 4094 in-

644 4113 771 4204 Deum,
796 4118 880 4212 quia
894 4132 1029 4190 certum
1044 4130 1096 4188 est
1109 4117 1266 4209 legitima
1282 4117 1429 4210 imperia
1437 4117 1505 4188 Dei
1521 4140 1628 4209 opera
1679 4116 1836 4189 tinnites.
1887 4113 2010 4208 Neque
2031 4116 2095 4187 illa
2114 4130 2232 4189 vetera
2252 4117 2399 4210 imperia
2420 4141 2524 4189 aurea
2547 4134 2582 4191 et
2601 4147 2661 4195 ar-

644 4241 738 4305 esse,
771 4234 813 4290 ut
835 4217 966 4289 Paulus
987 4219 1116 4312 inquit.
1170 4214 1319 4289 Deinde
1339 4230 1374 4289 et
1397 4219 1568 4311 sapientia
1589 4218 1628 4287 in
1679 4228 1801 4306 geutea
1815 4215 1891 4286 sine
1905 4216 2041 4306 magnis
2055 4216 2314 4289 calamitatibus
2329 4221 2482 4291 luerunt.
2517 4220 2663 4313 Vagen-

514 4352 520 4363 ·
644 4321 720 4412 ipsa
736 4320 1003 4405 constitutione,
1029 4332 1064 4390 et
1083 4319 1252 4391 utilitates
1271 4343 1361 4414 quae
1376 4333 1515 4390 secutae
1534 4333 1629 4406 sunt,
1680 4330 1739 4389 tur
1756 4340 1889 4409 poenae
1902 4342 1967 4409 per
1980 4339 2090 4407 genus
2104 4311 2320 4405 humanum,
2345 4334 2381 4391 et
2394 4323 2548 4393 ostendit
2561 4321 2661 4397 Deus

626 4423 833 4494 ‘etduratio
848 4423 1040 4493 ostendunt
1054 4414 1122 4489 boe
1140 4421 1328 4511 imperium
1346 4420 1519 4490 divinitus
1541 4445 1629 4492 eon·
1681 4419 1837 4511 exempla
1871 4419 1996 4490 iudicii
2025 4419 2082 4492 sui
2110 4433 2145 4492 et
2172 4419 2245 4489 irae
2268 4423 2434 4492 adversus
2456 4438 2594 4513 peecata
2621 4427 2660 4497 iu

647 4522 810 4594 stitutum
831 4537 866 4595 et
895 4533 1071 4593 servatum
1102 4542 1187 4594 esse.
1249 4518 1487 4610 Sapientiam,
1525 4523 1629 4613 leges,
1679 4520 1878 4591 summiset
1892 4520 2041 4604 inlimis,
2064 4533 2098 4591 et
2113 4521 2224 4611 magis
2240 4522 2507 4612 conspiciuntur
2521 4522 2660 4616 Regum

648 4620 829 4707 doctrina,
852 4623 1066 4693 iudiciorum
1084 4621 1172 4689 ordo
1187 4621 1392 4692 ostendunt.
1430 4620 1629 4693 Utilitatem
1680 4643 1825 4711 poenae.
1885 4620 2023 4692 lnterea
2044 4633 2163 4691 tamen
2179 4618 2277 4691 Deus
2301 4623 2392 4694 sieut
2415 4624 2547 4717 inquit:
2577 4625 2660 4697 Nun

647 4742 722 4788 non
737 4734 923 4809 agnoscere
939 4720 1156 4809 ingratitudo
1172 4734 1236 4801 est,
1256 4720 1389 4790 multos
1403 4720 1498 4791 enim
1515 4725 1629 4793 excel-
1680 4722 1803 4790 faciam
1816 4722 1973 4793 furorem
1991 4722 2064 4792 irae
2078 4745 2195 4807 meae,
2221 4740 2296 4792 non
2318 4746 2463 4814 prorsus
2485 4722 2570 4797 sinit
2594 4722 2662 4798 ho·

646 4819 758 4892 lentes
771 4818 953 4914 Principes
969 4815 1052 4888 huic
1065 4818 1212 4910 imperio
1223 4817 1320 4890 Deus
1334 4821 1470 4892 tribuit.
1519 4820 1629 4894 Caro·
1679 4823 1793 4892 mines
1809 4824 1937 4909 deleri,
1960 4825 2022 4894 sed
2036 4816 2379 4914 propterEcclesiam
2396 4838 2511 4896 servat
2525 4827 2662 4923 aliquas

648 4921 727 4991 lum
747 4921 924 5015 primum,
944 4919 1169 4991 Ludovicum
1187 4920 1310 5005 Pium,
1334 4918 1532 4993 Henrieum
1551 4921 1629 4995 Au-
1680 4923 1858 5017 reliquias.
1908 4923 1992 4996 ldeo
2014 4924 2166 4995 subinde
2187 4923 2313 4996 tribuit
2329 4924 2468 5016 aliquos
2491 4929 2663 5002 salutares

649 5046 797 5114 rupem,
825 5022 887 5116 qui
920 5023 1115 5093 doctrinam
1139 5017 1325 5113 Evangelii
1353 5026 1562 5116 propagavit
1590 5028 1628 5095 in
1680 5023 1872 5116 Principes.
1920 5021 1969 5097 Et
1990 5046 2192 5120 quanquam
2214 5039 2362 5096 eventus
2385 5027 2563 5097 interdum
2584 5051 2668 5102 nou·

649 5119 835 5214 Cymbriea
865 5121 1103 5209 Chersoneso,
1141 5138 1176 5195 et
1205 5127 1370 5218 repressit
1402 5123 1559 5197 Henetus
1594 5143 1629 5202 et
1679 5127 1748 5196 luit
1767 5126 1873 5196 foelix
1889 5126 1928 5195 in
1942 5127 2133 5205 electione,
2156 5137 2279 5195 tamen
2299 5150 2356 5196 res
2374 5127 2525 5198 ostendit
2541 5131 2662 5199 consi-

650 5222 851 5312 Hungaros.
880 5221 1073 5298 ⁴Othonem
1088 5224 1245 5316 primum
1259 5228 1321 5320 qui
1336 5227 1472 5298 inlusos
1488 5229 1527 5297 in
1537 5226 1630 5299 Ger·
1680 5228 1727 5297 lia
1749 5222 1953 5309 Electorum
1974 5226 2174 5319 plerunque
2198 5220 2347 5299 honesta
2369 5226 2484 5296 luisse.
2551 5225 2661 5304 Viros

648 5324 804 5393 maniam
826 5321 1016 5415 Hungaros
1038 5325 1261 5417 profligavit,
1284 5342 1318 5399 et
1342 5329 1463 5399 multis
1483 5331 1630 5400 seditio-
1680 5324 1847 5398 honestos
1862 5328 2060 5417 elegerunt,
2085 5351 2126 5397 ae
2147 5326 2346 5420 plerunque
2367 5326 2557 5396 concordes
2580 5331 2662 5402 lue.

648 5422 756 5495 nibus
773 5427 946 5516 oppressis
962 5424 1101 5509 ltaliae,
1127 5423 1341 5497 Germaniae
1361 5442 1395 5500 et
1411 5427 1552 5500 Galliae
1566 5455 1630 5522 pa-
1679 5441 1775 5500 runt.
1833 5423 2043 5520 Exemplum
2070 5428 2175 5498 etiam
2206 5421 2398 5519 posteritati
2430 5430 2662 5507 memorabile

650 5547 725 5609 cem
742 5527 908 5602 restituit.
958 5523 1029 5596 Sed
1046 5527 1160 5595 dicam
1182 5529 1227 5596 de
1249 5549 1371 5597 eornm
1387 5530 1544 5615 meritis,
1567 5533 1629 5626 qui
1679 5519 1824 5623 reliquit
1841 5529 2001 5620 proxima
2018 5530 2164 5613 electio,
2185 5526 2227 5597 in
2245 5546 2315 5617 qua
2337 5524 2546 5618 priusquam
2563 5531 2662 5606 fieret

650 5619 855 5699 Electorum
870 5626 1045 5715 suffragiis
1061 5639 1141 5719 pest
1155 5622 1338 5698 Othonem
1353 5631 1496 5702 tertium
1511 5630 1630 5724 lmpe·
1679 5629 1902 5721 suffragatio,
1938 5631 2104 5703 iurarunt
2120 5624 2320 5710 Electores,
2348 5647 2386 5695 se
2406 5649 2483 5695 non
2505 5627 2661 5703 lactum

649 5739 781 5801 ratores
804 5729 908 5802 electi
927 5741 1026 5811 suot,
1052 5741 1093 5801 ut
1113 5722 1210 5802 buno
1231 5726 1403 5804 Senatum
1421 5733 1528 5804 etiarn
1545 5757 1631 5827 pro-
1680 5757 1758 5808 esse
1777 5732 1961 5806 solennem
1985 5733 2213 5809 electionem,
2254 5724 2327 5796 ⁰5³5
2353 5727 2455 5822 prim
2478 5733 2660 5805 communi
