6025 6775
507 631 585 708 229
997 624 1159 704 DECL.
1191 625 1265 704 DE
1294 624 1574 704 ERNESTO
1606 626 1759 703 DUCE
1790 628 2031 710 BRUNSV.
2439 640 2517 718 ,eso

506 801 621 871 calore
642 799 765 870 nativo
792 801 922 869 frustra
943 799 1081 876 laboret
1108 811 1251 885 natura,
1285 813 1320 871 et
1342 821 1485 891 serpens
1528 803 1636 871 causa
1657 812 1775 870 motus
1796 800 1895 871 illios
1910 800 2053 873 initium
2067 803 2181 878 faciat.
2232 799 2419 895 Organum
2437 832 2513 877 mo·

501 903 654 995 putredo
668 901 708 970 in
722 901 813 970 illud
828 899 965 993 quoque
980 900 1136 985 invadat,
1157 904 1252 994 quod
1268 901 1382 971 adsui
1399 925 1485 971 con·
1533 915 1590 973 tus
1605 900 1716 986 illius,
1742 902 1803 971 sed
1822 902 2100 974 involuntarium
2117 918 2151 976 et
2166 900 2412 1002 ἀπροαίρετον
2429 923 2513 979 sunt

502 1004 740 1074 servationem
762 1025 800 1072 ac
821 1002 1044 1071 refectionem
1061 1016 1187 1072 natura
1205 1026 1268 1073 ceu
1289 1000 1484 1093 repositum
1532 1002 1751 1073 musculosae
1767 1015 1801 1073 et
1816 1004 1999 1074 sensibiles
2015 1006 2172 1094 corporis
2183 1019 2310 1096 partes,
2335 1032 2425 1101 quae
2439 1009 2511 1078 illi-

503 1117 603 1187 erat,
628 1096 813 1181 καύσωνος
831 1102 1039 1173 exoriuntur
1057 1099 1231 1197 ὀλέθριοι.
1280 1102 1336 1173 De
1356 1100 1482 1173 harum
1530 1127 1571 1174 su
1596 1098 1787 1174 humorum
1803 1104 1858 1173 vel
1882 1100 2055 1175 halituum
2074 1105 2342 1192 concutiuntur,
2367 1124 2407 1177 ut
2424 1134 2511 1179 con·

503 1205 659 1274 febrium
675 1203 845 1291 rigoribus
868 1204 1056 1293 praecipue
1075 1204 1235 1296 loquitur
1250 1202 1483 1297 Hippocrates
1531 1204 1636 1275 tineri
1654 1219 1841 1298 nequeant.
1873 1204 1931 1274 Ad
1950 1201 2014 1274 has
2030 1220 2063 1275 ct
2077 1206 2208 1297 species
2224 1221 2259 1277 et
2273 1232 2403 1295 causas,
2419 1235 2509 1304 quae

506 1306 546 1374 in
561 1298 867 1391 bocApborismo.
916 1301 1049 1376 Rarius
1070 1307 1165 1372 enim
1181 1305 1315 1393 rigores
1330 1328 1410 1374 cum
1426 1298 1482 1373 his
1530 1308 1574 1376 de
1588 1305 1766 1394 rigoribus
1782 1306 1967 1397 dicuntur,
1993 1331 2072 1377 cum
2090 1307 2211 1376 reduci
2233 1312 2384 1398 possint,
2407 1312 2509 1382 nolui

506 1407 543 1473 in
558 1402 739 1494 principiis
755 1404 923 1473 invadere
941 1418 1212 1491 consueverunt,
1239 1429 1388 1499 cumque
1403 1429 1483 1498 cor·
1530 1431 1651 1478 earum
1676 1407 2047 1479 commemorationem
2077 1408 2256 1491 omittere,
2287 1422 2322 1477 ct
2343 1424 2436 1500 peto,
2468 1427 2510 1485 ut

502 1504 640 1595 ripiuut
655 1525 776 1593 aegros
791 1506 966 1577 constanti
981 1506 1110 1578 virtute
1127 1520 1162 1577 et
1186 1506 1294 1596 signis
1312 1505 1482 1578 coctionis
1530 1509 1810 1601 qualemcunque
1832 1503 1923 1578 hanc
1946 1510 2213 1600 explicationem
2234 1508 2327 1577 boni·
2347 1514 2509 1586 consula·

499 1626 573 1675 sese
590 1605 878 1692 ostendentibus,
901 1608 974 1677 fere
997 1621 1204 1701 sequuturas
1228 1607 1483 1693 evacuationes,
1529 1610 1595 1693 tis,
1619 1608 1763 1699 inqua,
1790 1609 1922 1703 siquid
1938 1609 2214 1681 desideraverint
2233 1608 2365 1702 aliqui,
2391 1622 2430 1680 ut
2449 1614 2511 1683 de-

500 1728 588 1799 quas
612 1718 737 1776 natura
760 1707 854 1776 vires
876 1708 1030 1799 primum
1053 1689 1248 1801 perblitata
1268 1730 1349 1779 suas
1373 1708 1481 1800 paulo
1529 1709 1677 1778 siderari
1697 1711 1808 1781 multa
1831 1733 1933 1802 posse
1956 1711 2136 1802 intelligo,
2163 1710 2273 1781 abiis
2295 1710 2511 1802 praesertim,

500 1820 580 1899 post
594 1808 773 1892 molietur,
797 1811 1011 1899 praecedunt
1026 1834 1066 1880 ac
1081 1809 1309 1883 denunciant.
1334 1809 1383 1904 ,si
1398 1833 1480 1879 vero
1529 1810 1592 1903 qui
1613 1812 1808 1881 accuratius
1834 1814 1878 1881 de
1900 1806 1957 1881 his
1982 1813 2089 1883 rebus
2113 1813 2319 1906 inquirunt,
2346 1824 2380 1881 et
2395 1812 2510 1883 fontes

502 1909 601 1999 rigor
622 1906 757 1978 incidat
777 1909 875 1981 febre
898 1934 972 1981 non
991 1910 1265 1996 interminante,
1290 1931 1393 2001 aegro
1410 1910 1480 1981 iam
1529 1922 1750 1993 scrutantur,
1781 1935 1866 1994 oro,
1898 1926 1938 1983 ut
1962 1916 2058 2005 quod
2082 1915 2177 1984 deest
2200 1914 2382 2004 expleant,
2413 1916 2509 2006 quod

503 2010 633 2093 debili,
657 2004 788 2078 lethale
810 2028 872 2085 est.
921 2011 996 2083 Aut
1018 2011 1113 2081 enim
1135 2014 1296 2104 praevius
1317 2036 1358 2082 ac
1380 2035 1482 2102 prae-
1530 2009 1716 2081 obscurius
1730 2009 1925 2082 indicatum
1940 2027 2002 2096 est,
2027 2016 2216 2094 declarent,
2243 2014 2338 2106 quod
2355 2013 2511 2085 breviter

501 2110 656 2181 nuncius
672 2110 769 2201 rigor
788 2113 1049 2182 evacuationem
1066 2114 1218 2195 adferet,
1245 2129 1307 2185 aut
1329 2113 1405 2181 sine
1427 2136 1481 2188 se,-
1529 2113 1637 2181 nimis
1657 2123 1692 2180 et
1719 2111 1856 2182 concise
1878 2136 1941 2182 ceu
1966 2115 2232 2203 perstringitur,
2258 2112 2432 2204 explicent
2452 2116 2511 2184 fu·

502 2224 657 2306 quutura
674 2211 899 2282 evacuatione
915 2212 1106 2290 infestabit.
1156 2213 1195 2286 Si
1213 2214 1365 2304 rigorem
1386 2212 1482 2283 inse·
1529 2214 1616 2284 sius.
1667 2206 1746 2280 Oro
1763 2212 1869 2283 etiam
1883 2214 2001 2284 Deum
2018 2226 2347 2305 aeternumpatrem
2363 2211 2512 2284 Domini

502 2324 612 2405 quuta
627 2313 805 2383 evacuatio
822 2327 1013 2404 spontanea
1027 2315 1144 2398 fuerit,
1163 2337 1252 2407 quae
1268 2337 1333 2381 nec
1347 2326 1480 2383 aestum
1530 2327 1564 2383 et
1579 2312 1763 2386 salvatoris
1778 2316 1890 2384 nostri
1908 2314 1987 2385 lesu
2002 2309 2147 2399 Christi,
2172 2318 2305 2386 fontem
2322 2315 2511 2405 sapientiae

501 2412 639 2483 febrilis
662 2414 823 2483 flammae
854 2416 1006 2503 mitiget,
1040 2439 1105 2484 nec
1136 2415 1347 2500 levationem
1378 2437 1481 2505 aegro
1529 2427 1564 2485 et
1578 2415 1689 2485 felicis
1708 2437 1748 2483 ac
1769 2415 1932 2488 salutaris
1952 2416 2217 2502 medicationis,
2240 2430 2282 2486 ut
2296 2417 2390 2486 adsit
2405 2417 2511 2489 nobis

502 2514 644 2599 aflerat,
668 2516 713 2584 ab
735 2515 905 2586 imbecilli
926 2531 1053 2588 natura
1071 2514 1201 2586 frustra
1218 2526 1385 2587 tentatam
1408 2538 1482 2585 esse
1528 2530 1648 2586 sancto
1675 2537 1738 2585 suo
1764 2514 1920 2606 Spiritu,
1949 2531 1982 2586 et
2004 2529 2140 2587 mentes
2163 2531 2302 2589 nostras
2324 2518 2449 2589 doceat
2470 2541 2511 2589 ac

501 2616 668 2686 materiae
691 2617 948 2701 exclusionem,
974 2629 1009 2687 et
1032 2615 1180 2684 eandem
1202 2639 1303 2686 ruere
1327 2640 1390 2687 suo
1412 2617 1482 2685 im·
1528 2629 1645 2707 regat,
1670 2629 1704 2688 et
1726 2616 1823 2688 iuvet
1845 2642 1884 2687 ac
1905 2620 2064 2690 fortunet
2079 2605 2227 2689 conafus
2243 2632 2276 2689 et
2299 2619 2512 2689 industriam

501 2728 585 2807 petu
607 2718 684 2788 sine
698 2719 805 2789 ductu
828 2728 862 2785 et
879 2717 1151 2805 gubernatione,
1176 2739 1216 2786 ac
1234 2719 1327 2807 aegri
1340 2712 1483 2807 lang'ui-
1529 2731 1708 2806 nostram,
1741 2731 1781 2787 ut
1807 2720 2062 2791 medicationes
2085 2735 2225 2791 nostrae
2257 2719 2397 2813 prosint
2416 2720 2512 2790 mul-

501 2817 564 2887 das
576 2818 668 2889 vires
684 2818 937 2888 dissolutorem
959 2841 1031 2888 esse
1053 2818 1186 2889 indicat
1208 2811 1484 2910 συμπτώματος
1529 2818 1576 2886 ιὶι
1601 2817 1639 2882 in
1661 2840 1787 2904 genere
1810 2813 1986 2909 humano,
2011 2834 2046 2891 et
2065 2820 2171 2893 faciat
2189 2843 2256 2891 nos
2277 2844 2359 2893 vasa
2374 2820 2513 2893 miseri-

500 2911 600 3016 λόγῳ
615 2916 660 2991 οὐ
676 2913 839 3010 κρίσεως.
888 2913 1003 3011 Aeger
1017 2920 1121 2994 etiam
1134 2920 1262 3008 rigoris
1275 2919 1484 3008 agitationes
1531 2915 1682 2984 cordiae.
1733 2917 1835 2987 Dixi.

501 3020 693 3089 difficulter
706 3017 903 3092 sustinebit.
941 3022 981 3093 Si
994 3022 1105 3113 rigori
1121 3020 1300 3092 evacuatio
1314 3044 1388 3090 non
1403 3041 1484 3089 suc-

502 3122 622 3201 cedat,
645 3120 774 3188 frustra
789 3121 904 3190 anniti
917 3136 1092 3206 paturam,
1117 3135 1159 3192 ut
1173 3123 1278 3191 noxia
1295 3120 1484 3191 amoliatur

502 3230 607 3307 atque
626 3215 803 3300 effundat,
833 3232 869 3287 et
891 3220 1020 3288 victam
1040 3222 1266 3290 succumbere
1289 3221 1425 3307 arguit,
1449 3233 1484 3287 et
1530 3249 1597 3319 No·
1615 3252 1699 3321 162·
2242 3240 2244 3243 ·
2356 3281 2404 3322 m
2419 3261 2519 3331 1557..

501 3315 601 3405 rigor
615 3315 690 3406 ipse
705 3316 934 3387 concussione
948 3318 1105 3388 violenta
1126 3341 1215 3409 pene
1235 3319 1360 3388 fractas
1381 3328 1484 3385 antea
1538 3346 1709 3373 ww
2337 3348 2509 3421 «νγ

501 3437 542 3485 ac
557 3415 716 3486 labantes
731 3417 802 3486 iam
817 3418 913 3508 aegri
927 3418 1020 3488 vires
1036 3441 1180 3510 prorsus
1194 3418 1392 3488 contundit.
1418 3411 1485 3488 At·
1704 3414 1780 3498 De
1788 3411 1986 3498 Ernesto
2001 3396 2133 3500 Duce
2148 3415 2343 3505 Brunsv.

501 3539 571 3610 que
592 3530 632 3587 ut
652 3518 846 3607 generatim
875 3533 910 3590 et
937 3519 1053 3591 obiter
1074 3522 1118 3588 de
1141 3517 1484 3613 rigoribusaliquid
1597 3572 1696 3628 sm
1710 3573 1735 3627 D
1737 3571 1834 3628 eoam.
1850 3569 1885 3625 T.
1898 3569 1944 3626 w·
1983 3571 2109 3627 'mh
2152 3574 2204 3631 ser
2224 3584 2263 3629 m
2292 3577 2318 3630 T
2342 3576 2383 3632 w
2451 3579 2504 3638 σω

501 3618 648 3703 addam,
673 3619 771 3713 rigor
787 3619 902 3688 omnis
917 3633 980 3688 aut
991 3611 1159 3711 νοσώδης
1172 3633 1242 3703 est,
1267 3631 1327 3687 aut
1343 3641 1419 3686 non
1433 3632 1485 3690 cst
1627 3648 1655 3695 et
1671 3640 1803 3696 Mu„
1821 3638 1855 3695 T,
1869 3637 1903 3693 lt.
1923 3589 2024 3709 1,ssgg
2082 3592 2124 3646 ‘¹’
2206 3593 2223 3634 V
2265 3615 2273 3632 ·
2319 3611 2328 3632 ·
2381 3597 2437 3653 ·t’·
2505 3619 2515 3639 ·

501 3712 699 3835 ⁷⁰⁰⁰3‘5m‘.
725 3715 939 3837 ,ΩΫΜΗῘἮ
960 3717 1056 3834 enim
1080 3739 1182 3807 ΜΨ
1201 3717 1380 3811 ἳῐῖοῶω
1403 3740 1484 3836 ωῩ
1530 3769 1659 3839 Oratio
1686 3764 1733 3838 de
1757 3771 1914 3839 Ernesto
1967 3767 2076 3839 Duce
2095 3770 2385 3843 Brunevs‘cenar’·
2416 3780 2517 3846 reci·

501 3842 567 3912 pus
581 3833 642 3891 aut
654 3819 837 3907 frigrdrore
852 3841 931 3888 aere
946 3819 1062 3889 subrto
1076 3818 1253 3897 afflatum,
1278 3831 1483 3909 praesertim
1528 3877 1615 3942 tata
1643 3891 1669 3939 a
1695 3870 1745 3944 Β.
1775 3812 1982 3941 ΗθΜίὀο
2021 3875 2295 3944 ΡΜΜΜΟ
2331 3826 2516 3971 Bitrgwe·

502 3945 523 3993 a
537 3921 736 4008 sudoribus,
760 3932 823 3992 aut
837 3942 927 4013 aqua
941 3918 1122 4012 perfusum
1135 3917 1275 4006 frigida,
1302 3918 1399 3986 coelo
1416 3918 1485 3987 im·
1982 3975 1990 3992 ,

505 4022 723 4093 moderatius
746 4034 946 4104 aestuante,
980 4041 1069 4111 quos
1089 4019 1158 4089 ciet
1177 4018 1330 4109 impetus
1358 4018 1485 4089 caloris
1888 3992 2013 4059 ''em‘’
2050 3968 2161 4046 ΠΜ·
2242 4064 2248 4073 .

502 4125 633 4209 nativi,
661 4122 863 4193 circumfusi
888 4121 980 4192 ae’ris
995 4121 1052 4190 vel
1069 4116 1199 4191 effusae
1216 4140 1328 4212 aquae
1344 4117 1486 4208 frigidi·
1530 4105 1575 4190 N
1577 4143 1625 4189 on
1640 4116 1755 4187 voluit
1768 4128 1922 4188 vetustas
1934 4113 2000 4186 hos
2022 4139 2229 4206 congressus
2249 4123 2366 4193 ociosa
2382 4138 2518 4216 specta-

503 4239 592 4310 tate,
616 4224 750 4317 repulsi
774 4226 817 4292 ad
841 4223 1011 4292 interiora
1024 4215 1267 4291 vehementius
1283 4243 1324 4290 ac
1346 4219 1487 4291 collecti
1533 4221 1612 4289 cula
1628 4235 1730 4306 esse,¹
1743 4217 1803 4286 sed
1820 4216 1934 4286 voluit
1956 4216 2008 4286 ibi
2029 4223 2292 4292 commonefeci
2308 4225 2467 4294 iuniores
2481 4241 2518 4296 et

502 4329 697 4398 introrsum
720 4338 754 4396 et
777 4324 960 4394 refluentis
980 4346 1059 4392 cum
1080 4322 1215 4412 impetu
1229 4335 1264 4391 et
1277 4321 1394 4412 copia,
1420 4320 1486 4391 ob-
1533 4322 1577 4390 de
1592 4317 1771 4389 beneficiis
1787 4313 1866 4396 Dei,
1892 4319 1984 4387 etde
2001 4319 2243 4390 doctrinarum
2259 4325 2398 4408 studiis,
2424 4326 2517 4395 etde

502 4430 650 4520 viosque
675 4427 715 4497 in
746 4425 920 4496 meatibus
954 4419 1086 4494 halitus
1119 4422 1350 4513 propellentis
1381 4437 1486 4515 atque
1533 4422 1705 4498 virtutum
1729 4417 1908 4508 exemplis.
1972 4417 2091 4507 Quare
2110 4433 2145 4490 et
2170 4445 2236 4491 nos
2262 4425 2417 4512 primum
2438 4422 2515 4495 Deo

505 4529 678 4601 eiicientis
695 4530 738 4599 ad
754 4528 944 4599 musculos.
990 4523 1065 4596 'sed
1080 4517 1356 4622 νοσώδιςρίγος
1370 4516 1487 4594 κατά·
1533 4535 1676 4592 aeterno
1705 4519 1799 4611 patri
1818 4519 1965 4589 Domini
1994 4521 2106 4590 nostri
2130 4519 2207 4590 lesu
2230 4517 2363 4594 Christi
2386 4527 2517 4614 gratias

504 4625 617 4728 ψυξίς
633 4629 732 4703 ἐστιν
746 4624 894 4727 ἄλγεινὴ
907 4617 1002 4720 μετά
1011 4649 1112 4705 τινος
1123 4617 1325 4716 ἀνωμάλου
1335 4627 1487 4716 σεισμοῦ
1534 4624 1688 4713 agimus,
1714 4622 1810 4712 quod
1827 4621 2017 4691 clementer
2033 4615 2202 4691 hactenus
2217 4647 2283 4693 nos
2296 4627 2460 4715 proterit,
2482 4641 2518 4698 et

506 4729 572 4804 καὶ
594 4723 729 4805 κλόνου
751 4726 890 4810 παντὸς
912 4732 982 4800 τοῦ
997 4719 1179 4818 σώματος.
1230 4724 1348 4797 Huius
1360 4726 1488 4816 rigoris
1534 4748 1616 4795 eum
1628 4746 1791 4807 oramus,
1814 4733 1856 4791 ut
1875 4721 2040 4813 deinceps
2056 4747 2197 4816 quoque
2211 4737 2326 4795 servet
2342 4740 2374 4796 et
2388 4729 2517 4816 guber-

512 4833 629 4904 αἴτιον
642 4825 925 4931 προηγούμενον
940 4843 992 4901 est
1006 4828 1107 4919 copia
1123 4822 1313 4898 humorum
1328 4829 1386 4897 vel
1402 4827 1489 4897 cali-
1534 4842 1596 4899 net
1623 4820 1715 4894 banc
1742 4820 1990 4906 Academiam,
2020 4836 2060 4894 ut
2091 4823 2229 4895 labores
2250 4827 2454 4900 docentium
2482 4842 2518 4899 et

512 4933 641 5001 dorum
663 4937 813 5018 acrium,
843 4934 901 5003 vel
923 4931 1131 5016 mixtorum,
1163 4943 1205 5000 ut
1228 4929 1268 4998 in
1294 4928 1489 5022 quartanis,
1535 4925 1747 4998 discentium
1761 4923 1899 5015 prosint
1913 4919 2091 4994 Ecclesiis.
2141 4924 2280 4996 Deinde
2304 4952 2384 4997 cum
2400 4930 2445 4997 de
2460 4951 2519 4999 ar-

510 5031 572 5101 vel
592 5031 817 5120 frigidorum,
848 5036 907 5105 sed
937 5033 1053 5103 calore
1076 5032 1236 5102 fusurum
1263 5042 1367 5123 atque
1395 5042 1489 5100 erte·
1536 5040 1703 5120 gumento
1725 5025 1977 5108 deliberarem,
2005 5049 2132 5119 meque
2153 5040 2290 5118 tempus
2313 5052 2518 5100 commone-

509 5147 722 5217 nuatorum,
753 5128 1034 5232 προηγούμενον
1060 5125 1270 5227 ἀχώριστον
1296 5132 1352 5200 vel
1382 5151 1489 5202 συνι-
1535 5132 1664 5200 faceret
1689 5129 1733 5194 de
1760 5136 1875 5194 morte
1902 5125 2055 5195 duorum
2086 5127 2331 5197 excellentium
2359 5130 2518 5201 virorum
2562 5150 2568 5159 ·

493 5231 641 5309 ’κτικὸν
655 5235 711 5304 vel
734 5233 880 5326 συνεχὲς
899 5238 1037 5321 αἴτιον,
1064 5232 1252 5304 vehemens
1271 5246 1407 5316 motus,
1432 5230 1490 5300 vel
1536 5228 1679 5301 Ernesti
1700 5226 1809 5297 Ducis
1829 5223 2098 5295 Brunsvicensis
2120 5239 2153 5296 et
2176 5225 2462 5319 Luneburgensis
2483 5245 2518 5301 et

491 5334 704 5409 -humorum
739 5336 912 5427 ipsorum,
941 5337 995 5408 vel
1021 5336 1257 5407 resolutorum
1287 5334 1372 5403 inde
1396 5328 1491 5401 hali·
1536 5327 1738 5405 Reverendi
1752 5324 1899 5397 Domini
1915 5324 2066 5397 Martini
2080 5322 2250 5414 lutheri,
2276 5330 2339 5423 qui
2355 5346 2436 5403 ante
2449 5354 2518 5401 sn·

492 5454 614 5511 -tuum
629 5463 693 5531 per
707 5437 923 5508 musculosas
937 5450 971 5507 ct
987 5438 1175 5523 ,sensibiles
1191 5435 1347 5528 corporis
1362 5445 1490 5525 partes,
1538 5455 1604 5503 nos
1624 5429 1789 5501 undecim
1810 5451 1885 5497 non
1903 5427 2011 5515 longo
2035 5427 2222 5500 intervallo
2245 5425 2302 5500 his
2317 5433 2441 5503 diebus
2454 5432 2518 5500 de-

513 5565 619 5633 qnem
633 5555 770 5612 motum
787 5540 866 5620 ciet,
890 5538 945 5606 vel
959 5552 1081 5619 natura
1095 5540 1170 5631 ipsa
1185 5539 1289 5609 noxia
1305 5535 1492 5620 excutiens,
1538 5543 1735 5616 cesserunt,
1760 5552 1805 5599 ne
1827 5529 1927 5619 potui
1949 5529 2092 5621 quidem
2120 5554 2140 5599 a
2162 5531 2372 5621 cogitatione
2398 5544 2518 5602 tanto·

512 5643 569 5712 rel
598 5638 708 5735 μικτὴ
735 5637 878 5734 κίνησις
896 5636 1022 5708 caloris
1046 5640 1156 5709 nativi
1182 5641 1360 5732 reciproco
1392 5651 1493 5708 motu
1539 5660 1619 5707 rum
1644 5633 1821 5717 virorum,
1845 5644 1880 5701 et
1904 5653 2025 5700 earum
2047 5655 2183 5716 rerum,
2210 5654 2300 5724 quae
2321 5644 2401 5720 post
2420 5653 2519 5700 mor-

516 5738 740 5816 vebementcr
768 5746 865 5815 intro
897 5742 1059 5834 forasque
1094 5742 1219 5829 delati,
1262 5761 1492 5835 quaecunque
1539 5752 1611 5810 tem
1626 5757 1747 5808 eorum
1761 5746 1898 5805 secutae
1912 5745 2016 5902 ιρέιρ,
2041 5745 2193 5801 mentem
2210 5730 2399 5809 abducere,
2426 5754 2520 5824 quo-
