6025 6775
497 632 571 708 tw
1132 622 1396 698 PHlLlPPl
1429 612 1885 696 MELANTHONIS.
2459 630 2535 703 478

497 818 632 875 certum
650 804 812 874 modum.
865 798 979 893 Igitur
990 792 1199 868 traditiones
1215 792 1392 869 humanae
1408 806 1491 866 sunt
1644 790 1680 863 ⁶.
1722 790 1793 864 Sed
1816 779 1934 862 tamen
1956 781 2150 882 prudenter
2165 794 2232 871 hac
2248 797 2412 876 libertate
2427 817 2533 873 uten-

498 905 690 976 necessarii
714 906 840 979 entius,
948 921 951 926 ·
1541 894 1628 966 dum
1645 907 1715 980 est,
1741 894 1946 985 praesertim
1963 895 2001 966 in
2015 920 2098 968 casu
2119 901 2286 972 scandali.

601 1004 645 1076 ln
686 1001 753 1078 bac
785 1004 923 1076 ratione
959 993 1171 1092 hypotheses
1209 1013 1294 1071 sunt
1319 1001 1487 1071 viciosae:
1643 999 1677 1073 6.
1705 995 2013 1085 Quemadmodum
2029 1010 2063 1070 et
2076 998 2170 1069 idem
2187 1001 2432 1076 divnsPaulus
2448 1027 2529 1074 mo-

499 1107 754 1176 transformant
779 1105 873 1175 enim
896 1095 1135 1191 Evangelium
1160 1104 1200 1171 in
1224 1102 1335 1192 legem
1359 1100 1488 1190 Moisi,
1539 1100 1661 1170 netad
1678 1096 1786 1171 Rom.
1803 1096 1879 1173 14.:
1914 1097 2048 1170 Verum
2067 1100 2096 1168 si
2110 1115 2254 1193 propter
2275 1104 2394 1175 cibum
2417 1106 2528 1178 frater

500 1210 585 1302 quia
608 1208 741 1297 fingunt
753 1201 945 1293 Evangelii
963 1203 1142 1275 iusticiam
1163 1225 1237 1273 esse
1254 1205 1371 1275 cultus
1386 1204 1487 1274 simi·
1539 1213 1622 1272 tuus
1647 1199 1788 1272 tristitia
1810 1201 1980 1288 afficitur,
2006 1201 2076 1271 iam
2099 1225 2175 1271 non
2190 1206 2383 1277 secundum
2398 1211 2526 1279 carita·

500 1312 552 1380 les
576 1305 750 1378 Mosaicis.
800 1302 944 1376 Deinde
973 1318 1139 1391 assuunt,
1169 1300 1333 1376 homines
1355 1302 1487 1377 habere
1537 1316 1609 1374 tem
1622 1303 1795 1376 ambulas.
1894 1374 1896 1378 ,
2432 1297 2439 1306 ’

500 1420 701 1502 potestatem
716 1405 834 1478 cultus
850 1407 937 1477 novi
945 1404 1166 1478 Testamenti
1174 1407 1307 1478 similes
1317 1405 1486 1479 Mosaicis
1640 1403 1677 1479 7.
1709 1403 1781 1477 Sed
1798 1409 1993 1477 cavendum
2009 1419 2079 1493 est,
2104 1419 2140 1477 et
2156 1428 2196 1475 cx
2212 1406 2320 1477 altera
2336 1422 2455 1499 parte,
2481 1432 2527 1478 ne

498 1508 720 1581 instituendi.
1537 1504 1734 1600 aliquando
1750 1508 1966 1602 abstinentia
1981 1522 2102 1580 nostra
2117 1519 2244 1579 noceat
2257 1505 2338 1599 piis.
2474 1535 2476 1539 ·

595 1606 730 1680 Paulus
743 1603 809 1680 has
820 1609 913 1701 ipsas
928 1609 1117 1702 opiniones
1132 1606 1379 1702 reprehendit,
1404 1631 1485 1679 cum
1640 1607 1677 1684 8.
1701 1605 1793 1680 Nam
1808 1609 1974 1682 incidunt
1984 1633 2246 1704 nonnunquam
2259 1622 2430 1699 tempora,
2445 1635 2526 1680 cum

493 1725 618 1782 eontra
634 1710 748 1802 legem
763 1710 875 1782 Moisi
889 1724 925 1782 et
943 1711 1151 1784 traditiones
1165 1713 1409 1785 concionatur.
1537 1710 1696 1784 scandali
1711 1711 1850 1783 vitandi
1864 1735 1968 1785 causa
1984 1706 2050 1783 hac
2064 1712 2230 1784 libertate
2245 1710 2422 1783 utendum
2444 1710 2501 1784 sit.

597 1810 722 1931 quue
744 1836 828 1884 “¹⁰
848 1826 986 1887 “lulum
1009 1809 1078 1884 h⁰⁰
1104 1827 1252 1907 P‘fflfll
1283 1811 1486 1897 ⁸dvel⁸⁸rlb
1642 1828 1679 1901 9.
1718 1827 2030 1917 Quemadmodum
2068 1833 2221 1902 relertur
2248 1828 2448 1920 exemplum
2481 1832 2526 1900 ab

497 1916 559 1986 ⁸⁰¹1
585 1927 689 1986 eham
711 1915 869 2001 Midum,
893 1917 989 2009 ‘Dmd
1012 1912 1099 1986 haec
1121 1940 1228 2008 (ΨΘῑ1
1246 1915 1482 1989 ῑΐᾶἆῖῑῖῦῃωῦ
1536 1926 1693 2002 Eusebio
1711 1929 1750 1998 in
1763 1927 1920 2002 Historia
1935 1929 2178 2004 Ecclesiastica
2195 1929 2447 2014 deAlcibiade,
2462 1934 2526 2025 qui

499 2030 702 2087 mereamur
718 2017 964 2088 ῐθωῖδδῖῡΰθω
981 2030 1215 2120 Remmium·
1540 2056 1620 2103 cum
1636 2043 1781 2123 propter
1795 2031 1900 2103 fidem
1922 2031 1962 2103 in
1977 2029 2162 2106 Christum
2179 2033 2319 2106 vinctus
2336 2045 2526 2118 teneretur,

598 2132 675 2204 llas
694 2136 882 2227 opiniones
896 2135 1022 2228 impias
1038 2137 1190 2207 abiicere
1205 2159 1345 2208 necesse
1361 2147 1425 2219 est,
1452 2146 1486 2206 et
1538 2134 1622 2204 solis
1635 2157 1747 2225 pane,
1773 2134 1845 2204 sale
1861 2146 1896 2206 et
1913 2156 2002 2228 aqua
2018 2135 2180 2207 victitare
2196 2133 2392 2227 constituit,
2418 2157 2526 2227 quem

497 2251 537 2308 ut
551 2237 755 2326 eximantur
769 2235 883 2324 bonis,
895 2259 1035 2309 necesse
1050 2251 1102 2311 est
1114 2240 1160 2308 de
1171 2239 1334 2309 libertate
1347 2239 1484 2307 docere.
1537 2233 1575 2307 S.
1593 2231 1734 2307 Attalus
1747 2230 1891 2330 Martyr
1908 2237 2078 2327 singulari
2093 2237 2307 2308 revelatione
2321 2237 2445 2307 divina
2459 2241 2526 2306 ad-

597 2336 679 2408 Non
704 2351 757 2409 est
776 2352 894 2412 autem
914 2362 1075 2424 necesse,
1097 2361 1214 2408 mores
1230 2361 1270 2409 ac
1286 2338 1376 2410 ritus
1393 2335 1485 2407 abii·
1536 2337 1695 2408 monitus
1717 2335 1933 2429 increpavit,
1960 2341 2054 2432 quod
2076 2363 2150 2408 non
2174 2352 2268 2408 recte
2286 2340 2433 2423 faceret,
2461 2339 2524 2431 qui

579 2490 588 2510 .
1536 2452 1570 2510 et
1591 2438 1668 2530 ipse
1687 2439 1856 2510 creaturis
1870 2437 1937 2510 Dei
1963 2440 2058 2511 iuxta
2075 2438 2295 2530 scripturam
2313 2463 2388 2531 non
2403 2454 2522 2511 utere·

602 2537 678 2611 lmo
697 2543 895 2612 verecunde
916 2537 1089 2610 utendum
1109 2550 1161 2609 est
1180 2534 1381 2625 libertate,
1398 2537 1483 2632 quia
1535 2551 1612 2625 tur,
1638 2538 1766 2611 etaliis
1781 2539 2000 2611 occasionem
2016 2542 2175 2612 scandali
2194 2541 2385 2632 praeberet.
2437 2537 2520 2642 Quo

499 2662 617 2711 mores
631 2654 712 2712 sunt
729 2635 984 2739 unedoycoyioe
997 2639 1131 2731 populo
1146 2639 1372 2727 necessariae,
1395 2663 1484 2734 qua·
1535 2640 1676 2721 andito,
1708 2637 1913 2712 Alcibiades
1932 2643 2049 2735 coepit
2069 2643 2208 2713 usitatis
2229 2642 2322 2712 vesci
2344 2665 2423 2712 cum
2441 2665 2523 2729 gra-

497 2765 578 2812 rom
601 2742 791 2813 dissolutio
812 2742 907 2835 parit
926 2741 1064 2810 infinita
1089 2742 1265 2812 scandala.
1317 2737 1366 2813 Et
1387 2741 1483 2811 disfi·
1537 2743 1667 2813 tiarum
1682 2742 1831 2814 actione.

497 2845 564 2916 cile
580 2858 633 2915 est
648 2844 773 2928 bonis,
797 2857 984 2939 postquam
1007 2841 1180 2913 libertatis
1205 2844 1362 2935 exempla
1380 2843 1483 2935 prae-
1638 2842 1697 2916 10.
1725 2841 1978 2931 Quamobrem,
1994 2856 2095 2914 caute
2109 2865 2150 2912 ac
2165 2843 2360 2933 prudenter
2372 2857 2522 2915 stuten-

495 2947 670 3029 buerunt,
694 2943 869 3015 sustinere
892 2944 1016 3015 talium
1034 2943 1283 3015 scandalorum
1299 2945 1482 3016 conscicn-
1534 2944 1620 3014 dum
1648 2957 1699 3015 est
1730 2945 1836 3015 rebus
1865 2943 2012 3030 mediis,
2043 2957 2077 3016 et
2104 2944 2374 3028 abstinendum,
2411 2968 2457 3014 ne
2482 2947 2522 3011 in

496 3049 593 3120 ciem
647 3043 854 3118 Occurrunt
875 3058 910 3117 et
931 3044 1022 3115 aliae
1042 3044 1217 3132 rationes,
1243 3069 1333 3143 quae
1352 3059 1483 3117 vexant
1533 3058 1711 3139 utranque
1725 3059 1862 3136 partem
1878 3057 1998 3115 nostra
2015 3045 2173 3138 exempla
2190 3057 2340 3116 noceant
2354 3044 2445 3118 aliis.
2520 3103 2524 3110 .

496 3148 729 3221 ωὓκῐθῐῑῑῖθθ
743 3148 838 3217 ῐῦῑθΐ
851 3148 1011 3238 “mpla
1023 3147 1210 3218 libitinis·
1637 3159 1697 3236 11.
1730 3155 1841 3234 Recte
1855 3155 2050 3256 Dionysius
2062 3159 2310 3246 Heracleotes,
2335 3162 2522 3234 doloribus

597 3266 651 3340 lta
667 3264 895 3336 dulcissimus
910 3277 1033 3354 gustus
1048 3263 1222 3336 libertatis
1244 3264 1363 3337 inluso
1384 3278 1481 3336 aceto
1534 3262 1660 3333 calculi
1676 3261 1810 3349 victus,
1834 3286 1855 3333 a
1876 3263 1985 3333 stoica
2004 3263 2193 3356 disciplina
2215 3261 2381 3347 descivit,
2406 3278 2441 3335 et
2460 3288 2521 3332 ex-

499 3381 615 3463 postea
635 3367 892 3459 corrumpitur:
918 3367 1218 3459 quemadmodum
1242 3363 1481 3462 Lysandrum,
1534 3361 1699 3435 clamavit
1715 3363 1803 3436 falsa
1817 3363 1879 3434 illa
1895 3387 1985 3451 esse,
2012 3389 2102 3458 quae
2117 3366 2161 3435 de
2183 3363 2307 3436 dolore
2321 3378 2424 3436 antea
2440 3388 2523 3436 sen·

497 3496 578 3543 cum
611 3470 716 3544 initio
747 3470 948 3541 libertatem
979 3468 1111 3558 graecis
1137 3468 1361 3556 civitatibus,
1394 3492 1482 3564 quas
1533 3467 1652 3553 sisset,
1677 3488 1824 3559 nempe,
1848 3468 1945 3575 quod
1961 3467 2066 3537 dolor
2081 3490 2155 3536 non
2170 3481 2260 3538 esset
2274 3467 2419 3541 malum.

500 3564 706 3661 occupabat,
717 3573 935 3654 concederet,
960 3582 1080 3660 postea
1096 3568 1271 3662 impositis
1285 3571 1483 3663 praesidiis,
1639 3583 1697 3655 12,
1734 3580 1826 3653 Nam
1861 3583 2077 3676 experientia
2105 3596 2139 3654 nt
2170 3584 2245 3676 ipen
2279 3597 2406 3656 natura
2439 3607 2522 3655 eum

502 3672 625 3741 acerbe
644 3670 693 3742 eis
718 3672 938 3765 imperaret„
949 3670 1134 3757 dixerunt,
1168 3669 1413 3744 dulcissimum
1435 3672 1481 3741 li·
1535 3683 1669 3775 tnagis,
1693 3678 1831 3757 inninn'n
1846 3684 2002 3777 pninnnin
2027 3685 2256 3770 sententiam,
2281 3708 2361 3757 num
2385 3686 2521 3756 videret

499 2461 577 2510 cere

500 3762 646 3845 bertatis
658 3785 797 3863 gustum
813 3773 934 3847 inluso
951 3786 1048 3845 aceto
1067 3773 1275 3866 corrupisse.
1533 3788 1657 3860 dnlnnn
1674 3786 1810 3862 destini
1824 3787 1937 3882 ipsam
1951 3800 2127 3861 naturam.

598 3887 748 3961 Prorsus
761 3891 850 3986 quid
864 3891 1011 3962 senserit
1026 3887 1233 3962 Aristoteles
1254 3913 1329 3960 non
1347 3890 1483 3961 intelli·
1638 3905 1701 3978 13,
1746 3902 1916 3998 idemque
1948 3905 2107 3976 sentiunt
2137 3898 2355 3989 Christiani,
2395 3927 2523 3995 nempe

495 4003 584 4083 gunt
598 3990 675 4079 isti,
698 3992 761 4089 qui
788 3993 827 4062 in
848 3988 906 4062 his
921 3991 1039 4064 verbis
1055 3992 1215 4063 iudicant
1229 4014 1311 4062 eum
1326 3990 1482 4064 albrma·
1534 4008 1697 4080 dninnnm
1713 4029 1786 4077 nnn
1800 4007 1958 4089 mnium,
1981 4019 2132 4078 monem
2151 4027 2225 4076 nnn
2239 4005 2383 4075 mnium,

496 4117 551 4180 re,
576 4094 715 4164 animas
730 4094 949 4165 immortales
964 4117 1048 4181 esse,
1074 4092 1233 4174 sumsit,
1258 4091 1481 4166 Intellectum
1639 4120 1699 4196 14,
1725 4121 1818 4192 Nam
1833 4144 1913 4190 cum
1931 4116 2018 4193 hm
2032 4123 2104 4194 ,qm
2120 4144 2254 4214 poenae
2267 4122 2414 4214 peccati,
2429 4133 2522 4191 recle

494 4210 654 4285 agentem
669 4197 908 4269 immortalem
924 4210 958 4268 et
974 4208 1186 4291 perpetuum
1202 4216 1289 4271 esse.
1534 4224 1738 4297 iudicantur
1753 4221 1861 4291 mnia,

1639 4339 1696 4410 1⁶.
1735 4337 1808 4410 Sed
1829 4338 2009 4430 proposita
2028 4351 2080 4409 est
2100 4339 2206 4409 nobis
2229 4336 2391 4409 liberatio
2409 4358 2449 4403 ex
2466 4332 2522 4405 his

497 4429 634 4529 (XXL)
667 4436 777 4509 13⁸⁶ss
806 4431 1100 4527 ἀίδρϋΐαΐῑθΐ
1126 4428 1173 4503 (30
1196 4453 1268 4503 Μ
1292 4429 1482 4505 libelluli&
1533 4455 1633 4516 etex
1656 4440 1824 4512 omnibus
1847 4439 1973 4533 malis,
2015 4463 2079 4532 per
2097 4441 2334 4511 redemtorem
2359 4448 2522 4506 nostrum

708 4543 751 4612 ia
770 4527 997 4651 ddsapdporc
1016 4541 1056 4606 et
1080 4530 1269 4607 scandalo.
1534 4543 1651 4617 lnanm
1664 4539 1862 4615 Christum.

494 4687 602 4773 Unus
628 4720 671 4769 ex
691 4700 858 4790 gradibus
879 4698 1053 4771 libertatis
1078 4693 1302 4771 Christianae
1321 4708 1392 4791 est,
1417 4692 1482 4790 qui
1806 4777 1816 4795 ι
1917 4774 1926 4793 ·
2113 4775 2122 4791 .
2325 4769 2334 4787 ο
2514 4773 2522 4788 ⁸

496 4800 656 4874 coneedit
667 4801 773 4875 nobis
783 4802 936 4874 liberum
946 4824 1052 4873 usum
1062 4791 1385 4898 τῶνᾶὃιαφόρων,
1398 4796 1483 4885 cibi,
1534 4766 1699 4868 (xm)
1738 4772 1850 4847 ΑΜ
1879 4768 2171 4865 ‘mimam’
2212 4766 2258 4841 ‘30
2293 4764 2394 4840 (11010
2420 4770 2523 4841 Peli·

497 4913 600 4989 potus
620 4915 686 4976 aaa,
1115 4968 1121 4979 ,
1590 4877 1717 4952 Actor.
1744 4873 1823 4951 la:
1844 4876 1977 4971 Neque
2002 4898 2069 4948 noc
2092 4892 2212 4969 neme
2232 4877 2456 4966 potres-etc.

597 5019 634 5090 2·
672 5018 884 5094 Pfflffliffiffl
907 5045 980 5115 ‘1¹¹⁰
1003 5021 1048 5092 ἃᾶ
1073 5021 1240 5093 meritum
1262 5017 1483 5089 '‘ml⁸⁵l⁰nl⁸
1532 5030 1666 5114 Petrus
1680 5061 1813 5130 negans
1830 5042 1986 5130 potuisse
2000 5040 2134 5132 portari
2160 5034 2395 5119 ceremonias,
2420 5050 2525 5126 negat

494 5130 737 5208 P‘ffllfflums
760 5123 817 5194 vel
832 5124 979 5198 tullum·
1534 5145 1630 5215 fideli
1647 5143 1773 5224 corde,
1798 5135 1867 5209 hoc
1890 5154 1960 5225 est,
1983 5140 2201 5230 glorificante
2214 5136 2350 5223 Deum,
2376 5152 2522 5229 sponta-

598 5237 636 5310 8.
678 5234 758 5311 Hoc
780 5255 849 5327 est,
882 5265 928 5310 ne
953 5241 1001 5311 ita
1025 5241 1235 5320 sentiamus,
1266 5260 1333 5308 nos
1356 5231 1483 5307 barum
1533 5238 1775 5317 nnnnthilnni
1794 5239 1871 5310 finni
1888 5240 2054 5332 pntninn.
2189 5286 2194 5297 .

492 5360 612 5409 rerum
627 5364 708 5423 usu,
727 5340 783 5412 vel
798 5342 1011 5414 abstinentia
1027 5342 1222 5436 promereri
1237 5338 1483 5411 remissionem
1635 5347 1673 5418 2.
1709 5342 1809 5415 ldem
1831 5342 1939 5414 sentit
1959 5341 1999 5411 in
2022 5335 2210 5413 Ezechiele
2233 5335 2410 5411 Dominus
2439 5360 2531 5431 curn¹

491 5455 737 5530 peccatorum,
770 5457 832 5515 aut
864 5458 1039 5538 praestare
1069 5447 1224 5532 cultum,
1256 5465 1362 5538 quem
1384 5435 1482 5511 Deus
1534 5446 1671 5544 inquit:
1702 5444 1799 5518 Dedi
1825 5444 1879 5525 eis
1898 5455 2085 5536 praecepta
2108 5468 2182 5516 non
2204 5443 2316 5527 bona,
2349 5453 2383 5510 et
2405 5436 2520 5532 pollui

491 5541 649 5636 requirat
667 5545 725 5615 vel
743 5547 870 5639 exigat.
1534 5573 1594 5622 eos
1617 5549 1655 5618 in
1670 5546 1879 5618 muneribus
1895 5559 1960 5621 etc.

590 5661 628 5734 4.
662 5662 765 5738 iuxta
780 5665 994 5738 sententiam
1009 5658 1115 5734 Pauli
1131 5664 1177 5734 ad
1192 5660 1332 5736 Colos:
1366 5659 1480 5734 Nemo
1634 5650 1672 5724 8.
1700 5636 1857 5721 Proinde
1870 5671 1946 5718 non
1967 5646 2158 5719 satisfiebat
2183 5637 2410 5723 ceremoniis,
2436 5637 2520 5730 quia

491 5782 554 5833 vos
567 5759 704 5841 iudicet
716 5767 757 5839 in
775 5768 859 5841 cibo
873 5778 910 5839 et
924 5776 1015 5858 potu
1029 5775 1104 5835 etc.
1531 5751 1650 5848 primo
1665 5750 1831 5853 Decslogi
1847 5763 2034 5845 praecepto
2050 5770 2126 5818 non
2151 5740 2352 5813 satisfiebat.
