6025 6775
449 531 567 664 'aar
685 548 691 557 ’
1045 567 1204 644 ouon.
1247 560 1323 638 ou
1360 561 1673 639 couov1co
1707 563 1997 646 unvano„
2440 574 2515 650 aaa

489 753 680 832 Discordia
703 772 777 819 non
796 760 932 819 tantum
950 738 1139 809 seditiones
1153 736 1310 826 pariebat
1325 750 1360 806 et
1374 737 1482 820 bella,
1532 761 1683 830 quorum
1699 736 1802 806 uobis
1817 740 1950 826 gratior
1966 741 2011 812 sit
2025 745 2241 830 recordatio,
2268 749 2351 840 quia
2366 722 2515 819 hicRu-

495 857 685 931 sedetiam
708 851 835 919 multas
856 845 989 913 animas
1012 837 1230 922 trucidabat,
1255 837 1339 926 quia
1357 834 1483 906 Eccle·
1534 833 1688 929 dolphus
1715 838 1885 927 templum
1915 842 2034 932 prius,
2067 847 2164 936 quod
2186 846 2226 914 in
2249 842 2315 916 hoc
2336 849 2413 917 loco
2434 848 2515 930 fuit,

442 945 455 972 ’
499 963 571 1032 siae
603 947 891 1027 distrahebantur
921 940 1071 1012 fulmine
1101 938 1294 1030 pontificio.
1344 936 1482 1008 Interea
1534 940 1596 1008 ubi
1611 934 1695 1008 haec
1712 939 1824 1007 oratio
1841 934 1992 1011 habetur
2007 946 2185 1028 condidit,
2211 961 2246 1016 et
2262 948 2354 1036 apud
2368 961 2514 1018 matrem

493 1059 699 1133 Ludovicus
777 1106 779 1111 .
1534 1040 1642 1107 liliam
1659 1033 1846 1130 Rudolphi
1862 1040 2090 1132 Imperatoris
2113 1045 2152 1112 in
2171 1041 2238 1115 hoc
2254 1048 2384 1137 oppido
2398 1048 2515 1135 sepul-

571 1164 613 1227 Et
626 1181 771 1244 aeneaque
786 1159 906 1227 valens,
934 1168 1112 1229 causamque
1128 1150 1281 1208 tuentibus
1296 1150 1397 1221 armis,
1534 1153 1590 1209 lus
1608 1152 1672 1213 esi.
1722 1137 1831 1209 Hunc
1854 1156 1997 1231 propter
2018 1145 2264 1232 cognationem
2287 1161 2321 1216 el
2335 1161 2515 1235 praestan.

498 1264 564 1335 etsi
600 1254 803 1332 calumniis,
844 1243 1024 1335 pontificio
1053 1243 1202 1311 fulmine
1234 1254 1268 1310 et
1298 1241 1484 1309 seditioso·
1536 1239 1661 1310 tissimi
1683 1240 1740 1307 avi
1757 1237 1942 1332 Rudotphi
1957 1241 2180 1333 Imperatoris
2195 1248 2400 1317 memoriam
2415 1269 2517 1338 prae-

498 1389 580 1437 rum
608 1357 712 1430 armis
742 1348 1028 1441 oppugnabatur:
1070 1355 1187 1411 tamen
1217 1342 1303 1411 vicit
1332 1343 1485 1425 tandem,
1534 1341 1655 1411 tulisse
1671 1337 1894 1409 Fridericum
1909 1358 2051 1413 nonest
2068 1345 2209 1416 mirum.

501 1479 536 1536 et
566 1464 657 1530 inter
687 1451 844 1541 exempla
873 1441 1053 1516 numerari
1083 1456 1214 1530 potest,
1254 1466 1343 1534 quae
1364 1456 1483 1511 osten·
1637 1438 1725 1509 Mox
1739 1453 1856 1510 autem
1869 1457 1947 1533 post
1963 1444 2166 1513 electionem
2182 1456 2370 1515 coronatus
2384 1446 2518 1517 estLu-

500 1567 590 1634 dunt
613 1559 724 1626 iustae
746 1574 868 1621 causae
893 1547 1006 1636 Deum
1029 1543 1206 1633 opitulari.
1265 1542 1360 1612 Haec
1382 1567 1484 1633 prae·
1537 1541 1685 1611 dovicus
1707 1542 1835 1611 usitato
1856 1544 1933 1613 loco
1959 1543 1997 1611 in
2018 1547 2149 1634 templo
2171 1540 2403 1639 Aquisgrani,
2436 1546 2518 1614 Fri-

499 1665 592 1732 fatus
628 1680 724 1738 sum,
763 1664 804 1722 ut
838 1650 949 1719 sciant
985 1644 1143 1713 iuniores
1171 1668 1212 1712 ex
1241 1638 1307 1713 hac
1339 1638 1485 1712 historia
1535 1638 1836 1711 dericusBonnae
1856 1644 1994 1713 minore
2017 1646 2197 1720 comitatu.
2259 1641 2313 1714 Ac
2334 1647 2452 1716 statim
2474 1648 2515 1715 iu

500 1760 587 1833 disci
625 1778 726 1848 posse
758 1751 956 1822 doctrinam
984 1747 1028 1813 de
1058 1743 1263 1812 discrimine
1294 1744 1485 1812 ministerii
1536 1745 1623 1811 duas
1644 1756 1763 1834 partes
1778 1740 1971 1813 Germania
1992 1746 2096 1815 scissa
2121 1760 2186 1816 est:
2219 1742 2332 1816 Urbes
2354 1746 2515 1835 Belgicae

502 1858 693 1948 evangelici
719 1868 753 1923 et
781 1852 944 1944 politicae
971 1845 1172 1936 potestatis,
1213 1857 1247 1911 et
1268 1844 1354 1934 alias
1379 1867 1485 1936 quas·
1536 1855 1571 1912 et
1601 1856 1754 1912 caeterae
1782 1867 1894 1936 usque
1916 1848 1963 1914 ad
1984 1842 2260 1934 Argentoratum
2280 1848 2517 1917 adiunxerant

503 1967 585 2034 darn
607 1957 788 2029 doctrinae
809 1966 935 2044 partes.
993 1944 1043 2016 Ut
1066 1957 1180 2013 autem
1205 1944 1484 2031 disputationum
1535 1967 1572 2013 se
1586 1942 1790 2028 Ludovico,
1815 1958 1851 2014 et
1871 1946 1980 2015 vicini
1997 1945 2197 2036 Principes,
2221 1948 2314 2017 inter
2335 1970 2424 2039 quos
2442 1948 2517 2016 vir-

505 2079 540 2135 et
567 2059 765 2130 occasiones
791 2067 825 2122 et
855 2050 1004 2118 varietas
1028 2046 1139 2134 magis
1164 2045 1317 2133 intelligi
1341 2046 1486 2135 possint,
1536 2058 1610 2114 tute
1633 2058 1667 2114 et
1688 2046 1876 2116 autoritate
1897 2047 2100 2117 antecelluit
2118 2046 2319 2117 Fridericus
2341 2048 2517 2136 Burggra-

505 2160 690 2235 historiam
706 2154 862 2226 breviter
877 2147 1043 2220 recitabo.
1536 2145 1616 2214 vius
1630 2142 1907 2235 Norihergeusis.
1958 2145 2072 2217 Urbes
2084 2147 2307 2233 Helveticae,
2331 2172 2419 2240 quae
2432 2162 2517 2218 tunc

606 2257 844 2330 Pulcerrimus
863 2252 1015 2323 Senatus
1037 2246 1075 2312 in
1097 2268 1223 2335 genere
1246 2241 1401 2317 humano
1426 2261 1488 2333 est,
1537 2246 1812 2335 Imperatoribus
1827 2247 1957 2317 nostris
1969 2250 2139 2338 parebant
2161 2262 2195 2319 et
2216 2249 2402 2341 pleraeque
2416 2244 2516 2318 Rhe-

505 2363 710 2438 Electorum
727 2353 936 2435 consilium,
961 2363 995 2418 et
1008 2360 1049 2416 ut
1071 2344 1181 2415 aDeo
1200 2360 1358 2416 servetur
1375 2361 1409 2417 et
1423 2372 1488 2437 gu·
1538 2347 1628 2416 ticae
1655 2358 1689 2415 et
1720 2344 1825 2416 Ulma
1848 2346 2067 2419 Fridericum
2090 2362 2308 2440 receperunt.
2360 2347 2517 2441 Uterque

507 2470 675 2537 beruetur
696 2457 890 2549 optandum
913 2464 973 2518 est.
1026 2442 1075 2516 Et
1096 2470 1200 2537 saepe
1221 2445 1488 2536 profuitEuro-
1539 2447 1644 2515 etiam
1664 2447 2017 2518 externisauxiliisse
2033 2450 2263 2521 confirmavit.
2317 2450 2519 2518 Fridericus

507 2590 572 2659 pae
596 2564 670 2632 eius
693 2559 844 2630 Senatus
867 2547 1066 2621 concordia.
1117 2546 1186 2618 Sed
1208 2559 1293 2616 tunc
1313 2549 1488 2618 discordia
1539 2544 1728 2634 Hungaros
1750 2548 1943 2621 accersivit.
2003 2548 2205 2620 Ludovicus
2227 2545 2424 2618 Iohannem
2442 2547 2521 2620 Re-

508 2664 627 2736 nescio
645 2686 665 2730 a
686 2660 816 2752 quibus
839 2666 932 2734 orta,
963 2650 1083 2737 magni
1104 2648 1260 2716 incendii
1283 2672 1384 2720 causa
1406 2650 1487 2720 fuit.
1538 2670 1616 2736 gem
1630 2644 1860 2717 Boiemorum
1883 2650 2000 2719 virum
2018 2649 2231 2719 industrium
2249 2665 2283 2720 ct
2301 2651 2521 2734 bellicosum,

509 2765 644 2853 Verum
664 2759 819 2846 suspicor
841 2777 860 2822 a
882 2746 1041 2819 Iohanne
1062 2746 1159 2836 Rege
1175 2746 1352 2819 Boiemiae
1374 2765 1488 2821 ortam
1539 2747 1602 2839 qui
1630 2748 1712 2833 odio
1742 2743 1920 2817 Austriaci
1951 2752 2062 2838 magis
2088 2745 2184 2820 hunc
2214 2752 2370 2835 adiuvit,
2413 2773 2521 2843 quam

510 2887 604 2943 esse,
631 2860 694 2951 qui
714 2853 899 2929 Austriaco
925 2849 1089 2919 iuimicus
1111 2862 1195 2919 erat.
1249 2847 1357 2919 Anno
1381 2851 1490 2939 igitur
1540 2846 1703 2936 Huugari
1722 2850 1974 2919 adversarium.
2033 2848 2168 2921 Tenuit
2188 2848 2521 2941 imperiuthudo-

509 2962 699 3036 millesimo
732 2952 975 3027 trecentesimo
1013 2948 1296 3040 quartodecimo,
1346 2953 1490 3021 ardente
1540 2948 1637 3017 vicus
1654 2972 1766 3019 annos
1781 2962 1851 3018 tres
1868 2964 1900 3020 et
1916 2950 2080 3040 triginta,
2106 2952 2318 3020 mortuusin
2334 2952 2520 3022 venatione

508 3064 653 3138 Cometa
672 3074 707 3129 et
726 3057 913 3126 minitante
934 3063 1100 3119 venturas
1117 3048 1232 3118 clades
1244 3074 1363 3119 mense
1378 3047 1490 3121 Octo-
1539 3071 1634 3117 anno
1658 3050 1909 3136 climacterico,
1939 3050 2150 3139 sexagesimo
2172 3052 2277 3122 tertio
2301 3051 2420 3121 aetatis
2435 3073 2521 3121 suae

511 3166 568 3237 bri
581 3159 779 3243 Electores,
802 3151 1037 3241 Moguntinus
1052 3162 1086 3217 et
1098 3147 1237 3223 Trevir.
1259 3163 1292 3218 et
1314 3146 1490 3220 Iohannes
1540 3170 1655 3230 anno,
1687 3164 1808 3239 pacata
1832 3149 2035 3221 Germania.
2085 3149 2177 3221 Nam
2199 3151 2263 3222 etsi
2284 3175 2356 3222 non
2377 3152 2519 3222 desine-

509 3266 588 3340 Rex
601 3261 792 3337 Boiemiae,
815 3268 850 3325 et
863 3246 1027 3321 Marchio
1043 3247 1490 3344 BrandeburgensisWol·
1539 3249 1600 3318 bat
1616 3248 1780 3319 Pontifex
1799 3252 1919 3320 moliri
1941 3276 2034 3321 nova
2053 3252 2163 3321 bella:
2189 3266 2308 3322 tamen
2323 3268 2402 3322 cum
2417 3253 2521 3325 toties

512 3356 694 3446 demarus,
725 3360 860 3448 eligunt
882 3351 1133 3441 Imperatorem
1159 3348 1293 3421 Ducem
1319 3350 1490 3422 Bavariae
1541 3348 1698 3435 vicisset,
1729 3363 1765 3421 et
1786 3352 2068 3423 benevolentiam
2096 3354 2289 3425 multorum
2313 3351 2521 3445 Principum

508 3465 751 3545 Ludovicum,
783 3455 909 3527 caeteri
927 3451 1105 3523 Electores
1128 3453 1166 3520 in
1188 3454 1311 3521 eodem
1327 3476 1491 3524 consessu
1541 3463 1576 3521 et
1603 3451 1785 3522 civitatum
1813 3454 1952 3525 iusticia
1967 3468 2008 3524 *et
2026 3456 2269 3525 moderatione
2290 3454 2519 3524 victoriarum

510 3563 752 3639 Coloniensis,
777 3556 959 3626 Palatinus
973 3548 1189 3641 Rudolphus
1203 3552 1491 3623 iraterLudovici
1541 3566 1747 3624 consecutus
1774 3568 1879 3640 esset,
1909 3556 1971 3647 qui
1994 3568 2029 3624 et
2050 3551 2260 3646 ἀμνηστίαν
2281 3555 2442 3626 omnium
2460 3557 2520 3624 in-

512 3656 773 3752 ctRudolphus
792 3654 1077 3736 DurSaxoniae,
1102 3652 1490 3750 elegeruutlmperatp-
1542 3652 1713 3722 iuriarum
1739 3667 1918 3734 sanxerat,
1949 3677 2053 3720 nemo
2073 3655 2105 3719 ei
2130 3655 2264 3723 bellum
2289 3658 2419 3727 inferre
2440 3671 2522 3729 tan-

511 3793 586 3841 rem
601 3759 825 3836 Fridericum
840 3753 1078 3826 Austriacum.
1541 3753 1621 3820 dem
1641 3751 1801 3822 audebat.
1862 3749 2063 3819 Fridericus
2084 3772 2179 3818 anno
2204 3766 2327 3822 octavo
2349 3772 2428 3843 post
2449 3758 2521 3826 ele-

612 3860 725 3935 Eraut
738 3858 940 3930 Ludovicus
956 3868 989 3924 et
999 3830 1213 3944 Rud'olphus
1221 3851 1402 3923 Palatinus
1415 3851 1492 3923 uati
1541 3849 1693 3921 ctionem
1706 3850 1780 3920 acie
1792 3847 1904 3920 victus
1917 3864 1968 3921 est
1980 3863 2015 3919 et
2027 3849 2182 3919 triennio
2197 3851 2235 3919 iu
2250 3873 2387 3921 carcere
2401 3868 2519 3924 reten-

515 3996 557 4042 ex
579 3966 684 4038 amita
705 3959 879 4031 Friderici
903 3952 1090 4027 Austriaci.
1141 3951 1294 4024 Sed'cur
1308 3954 1492 4024 consobri-
1541 3964 1617 4038 tus,
1637 3974 1703 4020 nec
1720 3952 1782 4021 diu
1797 3966 1915 4044 postea
1931 3951 2029 4025 vixit.

442 4154 448 4161 ,
513 4094 600 4142 num
614 4064 715 4136 fratri
728 4058 947 4153 praetulerit,
975 4057 1102 4125 nescio.
1154 4051 1270 4140 Quam
1293 4079 1375 4124 vcro
1392 4077 1492 4144 aegre
1641 4049 1710 4121 Ilis
1732 4066 1812 4122 octo
1829 4053 1933 4121 annis
1949 4053 2064 4122 variae
2079 4050 2168 4122 vices
2184 4056 2347 4138 fuerunt,
2371 4053 2520 4124 dimica-

514 4169 635 4246 tulerit
648 4162 849 4235 Ludovicus
862 4156 981 4227 fratris
994 4149 1180 4246 Rudolphi
1194 4155 1492 4245 suffragationem,
1541 4165 1617 4222 tum
1632 4165 1684 4221 est
1698 4152 1897 4244 aliquoties,
1923 4166 1957 4223 et
1973 4154 2134 4223 induciae
2148 4155 2258 4223 factae
2271 4167 2366 4238 suut,
2391 4167 2425 4224 et
2438 4168 2519 4225 ten-

514 4293 628 4368 poeua
650 4263 821 4346 ostendit,
851 4260 935 4353 quie
951 4259 1045 4327 intra
1060 4255 1245 4326 biennium
1260 4254 1491 4348 postelectio-
1542 4265 1634 4322 tatae
1656 4252 1934 4343 pacificatioues‚
1960 4279 2037 4322 com
2055 4249 2195 4325 honesti
2208 4278 2329 4326 omnes
2347 4256 2519 4337 dolerent,

512 4399 595 4447 nem
610 4366 745 4462 expulit
762 4386 842 4433 eum
856 4384 898 4429 ex
911 4359 1036 4450 patria.
1085 4353 1263 4446 Expulsus
1278 4351 1493 4446 Rudolphus
1542 4365 1578 4421 et
1593 4350 1775 4445 Principes
1794 4368 1960 4441 cognatos
1981 4351 2098 4449 (erant
2118 4357 2211 4425 enim
2228 4356 2430 4425 consobrini
2446 4355 2522 4425 Lu-

513 4477 603 4566 fugit
635 4475 674 4540 in
696 4466 881 4558 Angliam,
914 4460 976 4529 ubi
1010 4458 1088 4525 exul
1117 4471 1195 4545 post
1222 4482 1333 4527 annos
1357 4456 1493 4548 aliquot
1542 4454 1687 4522 dovicns
1703 4466 1737 4523 et
1754 4451 1975 4549 Fridericus)
1992 4455 2089 4524 sitire
2104 4471 2288 4545 cognatum
2304 4457 2523 4544 sanguinem,

515 4589 674 4646 mortuus
689 4583 750 4639 est.
784 4563 947 4657 Coniunx
961 4552 1236 4636 eiusMechilda,
1254 4556 1492 4647 filialmpera-
1543 4566 1576 4623 et
1591 4567 1742 4624 caeteros
1757 4557 1869 4645 pollui
1883 4557 2202 4627 innumerabilibus
2216 4557 2426 4648 parricidiis.
2473 4553 2523 4626 Et

515 4675 602 4746 toris
623 4665 801 4758 Adolphi,
832 4688 911 4733 cum
941 4659 1023 4728 liliis
1047 4658 1085 4725 in
1111 4650 1256 4726 Austria
1279 4670 1493 4727 commorata
1542 4654 1659 4724 statim
1683 4655 1786 4724 iuitio
1807 4656 1954 4725 recitare
1974 4657 2080 4740 libet,
2106 4659 2201 4748 quod
2222 4658 2260 4724 in
2284 4651 2349 4725 hac
2370 4671 2441 4725 tota
2461 4651 2522 4722 hi-

516 4787 586 4856 est,
617 4770 681 4840 ubi
704 4791 783 4835 cum
806 4765 845 4832 in
868 4762 972 4833 exilio
995 4771 1134 4852 mortua
1158 4769 1265 4841 esset,
1289 4755 1493 4826 Ludovicus
1542 4754 1650 4822 storia
1680 4756 1934 4845 sapientissime
1958 4758 2190 4826 deliberatum
2210 4770 2271 4826 est.
2320 4755 2519 4824 Pacificatio

513 4873 632 4946 fratris
653 4866 745 4935 filios
761 4866 853 4934 adse
868 4859 1062 4937 revocavit,
1088 4857 1208 4950 eisque
1222 4855 1492 4946 Heidelbergam
1542 4855 1591 4922 sic
1622 4854 1781 4924 instituta
1812 4871 1882 4939 est,
1916 4869 1957 4925 ut
1981 4857 2090 4925 veteri
2114 4856 2211 4926 mor'e
2232 4857 2384 4944 collegae
2407 4871 2524 4926 essent

514 4991 550 5048 et
569 4975 607 5042 in
622 4967 752 5041 Norico
770 4959 1000 5047 Ambergam,
1025 4970 1060 5027 et
1080 4959 1148 5028 alia
1170 4961 1339 5052 quaedam
1362 4957 1491 5048 oppida
1543 4954 1619 5044 pari
1641 4956 1845 5037 autoritate,
1871 4969 1906 5025 et
1926 4969 2072 5049 uterque
2094 4980 2225 5026 nomen
2242 4953 2387 5036 haberet
2404 4955 2522 5049 Impe-

513 5073 681 5156 reddidit,
700 5070 760 5138 sed
776 5061 860 5136 haec
875 5060 1055 5152 aliquanto
1070 5076 1149 5152 post
1165 5062 1377 5131 acciderunt.
1413 5055 1492 5125 Hoc
1543 5055 1687 5143 ratoris,
1713 5070 1749 5126 et
1766 5058 1883 5126 omnia
1902 5057 2034 5141 edicta,
2059 5080 2182 5126 omnes
2196 5058 2319 5128 literae
2334 5059 2522 5132 ederentur

514 5190 629 5250 autem
638 5173 715 5240 loco
725 5161 993 5239 commemoravi
1004 5186 1078 5231 nou
1091 5165 1204 5233 solum
1220 5158 1494 5231 brevitatiscau-
1542 5154 1773 5245 inscriptione
1794 5159 1996 5249 utriusque,
2028 5158 2117 5226 sicut
2140 5154 2192 5226 M.
2216 5154 2396 5228 Antonius
2420 5169 2453 5224 et
2477 5153 2520 5227 L.

513 5303 570 5361 sa,
594 5271 781 5342 sedetiam
804 5281 843 5336 ut
859 5265 1033 5354 cogitetis,
1059 5278 1229 5353 quantum
1248 5262 1332 5330 mali
1348 5259 1392 5327 sit
1405 5257 1493 5327 civi·
1543 5255 1657 5327 Verus
1680 5258 1831 5347 collegae
1853 5259 2015 5336 fuerunt,
2050 5271 2084 5326 et
2104 5259 2234 5326 deinde
2251 5256 2521 5339 Valentinianus

512 5380 557 5450 lis
578 5369 771 5450 discordia,
795 5389 874 5436 cum
898 5356 957 5433 hic
980 5363 1127 5446 auditis,
1150 5363 1292 5430 initium
1316 5360 1490 5428 bellorum
1543 5370 1577 5425 et
1593 5357 1741 5443 Valens,
1767 5373 1800 5428 et
1815 5382 1895 5427 mox
1911 5355 2104 5428 Gratianus
2118 5355 2390 5428 etTheodosius.
2440 5353 2522 5423 Hoc

511 5481 638 5559 luisse,
662 5469 778 5539 fratris
795 5464 1047 5552 expulsionem.
1227 5477 1230 5481 ’
1543 5459 1791 5548 aequissimum
1817 5460 2002 5528 consilium
2027 5461 2170 5549 adparet
2192 5484 2211 5528 a
2236 5459 2354 5536 bonis,
2379 5456 2522 5545 sapien-

610 5572 695 5650 Fuit
709 5582 742 5638 et
756 5556 1150 5652 RudolphusSaxoniac
1162 5553 1242 5626 Dux
1259 5559 1493 5630 consobrinus
1543 5557 1637 5626 tibus
1659 5572 1691 5627 et
1713 5560 1825 5629 doctis
1847 5561 1933 5629 viris
1950 5574 2067 5630 ortum
2086 5583 2167 5630 esse.
2219 5559 2287 5630 Sed
2304 5555 2414 5627 toriae
2428 5579 2522 5647 pon-

511 5674 685 5753 Friderici
707 5664 884 5749 Austriaci
903 5673 1007 5734 natus
1027 5681 1068 5729 ex
1081 5653 1211 5752 ⁸Ilague
1241 5659 1350 5749 ipsius
1373 5659 1493 5744 amita,
1541 5656 1667 5727 tibciae
1682 5658 1801 5727 omnia
1819 5661 1877 5751 pia
1894 5663 2039 5731 consilia
2058 5659 2308 5751 impediebant.
