6025 6775
494 795 570 870 sss
1061 791 1092 868 r.
1131 782 1423 865 cunonrcon
1448 726 1697 860 costuma.
1749 783 1876 861 rans
1899 783 1947 861 11.
2430 799 2506 873 990

493 968 603 1037 latere
616 965 818 1040 voluerunt.
866 961 1018 1055 Fuitque
1035 984 1117 1033 cum
1130 960 1252 1032 multis
1264 959 1376 1051 stupri
1389 979 1475 1028 con·
1526 953 1660 1026 firmari
1680 953 1864 1027 latrocinia
1889 956 1927 1027 in
1950 952 2151 1047 inlinitum,
2174 958 2328 1057 denique
2350 990 2505 1058 pugnare

494 1068 655 1137 suetudo.
698 1064 964 1138 Damnaverunt
977 1057 1149 1132 habentes
1165 1060 1360 1151 proprium.
1399 1057 1476 1130 No·
1526 1079 1603 1126 eam
1633 1056 1829 1126 doctrinam
1858 1081 1938 1128 cum
1967 1082 2071 1133 sensu
2097 1066 2296 1151 communi,
2326 1081 2360 1139 et
2380 1070 2507 1141 tollere

494 1167 641 1237 luerunt
667 1169 826 1238 accedere
858 1165 905 1233 ad
926 1162 1124 1232 communis
1149 1158 1326 1230 Ecclesiae
1349 1157 1475 1230 Sacra-
1526 1178 1653 1226 nervos
1669 1151 1843 1229 humanae
1857 1159 2042 1236 societatis.

494 1281 631 1353 menta,
656 1267 738 1359 quia
759 1263 1092 1337 administrarentur
1109 1284 1173 1354 per
1187 1261 1384 1331 sacerdotes
1399 1282 1474 1330 ma·
1625 1253 1840 1344 Relutarnnt
1871 1254 1934 1329 has
1969 1262 2163 1333 calumnias
2194 1262 2433 1339 Nazianzenus
2469 1284 2504 1343 et

495 1366 594 1440 ritos.
644 1364 880 1438 Instituerunt
894 1376 929 1434 et
943 1364 1099 1435 delectus
1117 1362 1297 1447 ciborum,
1318 1374 1382 1434 etc·
1523 1353 1699 1450 Cyrillus,
1728 1358 1791 1450 qui
1819 1372 1937 1429 tamen
1966 1375 2001 1432 et
2030 1362 2096 1453 ipsi
2126 1365 2254 1453 frigide
2275 1369 2502 1457 respondent,

1103 1520 1106 1528 ,
1525 1453 1758 1546 Distinguunt
1776 1459 1923 1528 consilia
1943 1473 1976 1531 et
1996 1477 2195 1555 praecepta,
2218 1490 2298 1539 cum
2318 1470 2501 1559 responsio

544 1564 652 1636 Auno
667 1563 793 1634 mundi
807 1573 932 1657 quater
947 1559 1149 1633 millesimo.
1525 1578 1625 1640 vera,
1648 1555 1751 1627 firma
1770 1571 1806 1628 et
1828 1559 2005 1632 luculenta
2027 1557 2112 1636 haec
2128 1564 2190 1635 sit:
2215 1562 2410 1658 Evangelio
2427 1594 2502 1641 ma-

543 1661 654 1736 Anno
692 1662 831 1735 Romae
874 1663 1063 1734 millesimo
1104 1658 1296 1733 centesimo
1336 1656 1473 1730 decimo
1525 1654 1618 1725 xime
1654 1657 1855 1727 confirmari
1888 1672 1922 1729 et
1949 1662 2082 1731 muniri
2109 1665 2293 1753 politicum
2326 1669 2500 1743 ordinem.

694 1764 879 1859 quinto...»
1525 1754 1599 1825 Nec
1612 1749 1793 1847 prohiberi
1811 1758 2002 1831 vindictam
2020 1763 2236 1848 ordinatam,
2261 1791 2351 1861 quae
2364 1770 2408 1838 ad
2425 1772 2502 1840 ofli-

545 1868 653 1939 Anno
668 1862 801 1939 Christi
815 1863 1058 1938 trecentesimo
1074 1860 1285 1951 sexagesimo
1299 1858 1437 1955 quinto.
1525 1855 1619 1927 cium
1656 1853 1883 1943 Magistratus
1924 1862 2096 1948 pertinet,
2155 1868 2214 1933 sed
2249 1868 2503 1953 inordinatam,

734 2014 958 2086 punam
990 2014 1233 2105 Apmm·
1526 1978 1630 2049 quam
1649 1955 1779 2045 privati
1800 1973 1978 2041 exercent,
2010 1963 2100 2033 sicut
2122 1958 2207 2033 haec
2230 1968 2409 2039 distinctio
2433 1968 2503 2042 Dei

1525 2055 1694 2128 beneficio
1722 2056 1762 2126 in
1790 2057 1919 2129 nostris
1938 2054 2105 2130 Ecclesiis
2129 2067 2310 2158 perspicue
2329 2069 2503 2143 illustrata

594 2157 775 2234 Iulianus
794 2162 963 2251 Apostata
986 2157 1144 2248 regnavit
1165 2155 1261 2226 solus
1281 2177 1417 2226 annum
1440 2171 1474 2230 et
1525 2172 1588 2231 est.
1918 2175 1929 2197 ‘

494 2285 630 2333 menses
656 2275 808 2350 septem,
842 2285 922 2332 cum
947 2272 1048 2327 antea
1070 2280 1091 2325 a
1114 2251 1323 2326 Constantio
1345 2255 1474 2329 Caesar
1625 2257 1774 2331 Iudaeos
1795 2261 1900 2334 etiam
1921 2255 2082 2333 hortatus
2104 2276 2156 2334 est
2175 2265 2258 2337 odio
2280 2264 2504 2342 Christiano·

493 2363 608 2433 dictus
636 2362 767 2451 collega
794 2361 871 2430 eius
899 2358 1021 2428 fuisset
1047 2357 1225 2427 sexennio.
1281 2353 1394 2431 Natus
1422 2374 1473 2431 est
1523 2384 1624 2447 rum,
1647 2373 1688 2432 ut
1702 2383 1802 2432 suam
1817 2363 1976 2455 politiam
1990 2364 2244 2449 instaurarent,
2270 2369 2367 2438 eteis
2382 2373 2505 2441 defen-

493 2477 592 2555 patre
618 2458 846 2543 Constantio,
876 2459 985 2527 fratre
1013 2454 1238 2530 Constantini
1261 2455 1406 2549 Magni,
1438 2474 1473 2533 et
1524 2462 1660 2531 sionem
1685 2475 1720 2532 et
1743 2462 1983 2534 immunitates
2005 2464 2178 2555 promisit.
2238 2462 2414 2540 Convenit
2437 2471 2505 2561 igi-

492 2579 602 2634 matre
626 2560 782 2632 Basilina
801 2557 1020 2629 nobilissima
1042 2558 1207 2632 foemina.
1255 2554 1472 2631 Adolescens
1524 2576 1583 2632 tur
1610 2563 1735 2651 ingens
1762 2564 1953 2634 multitudo
1975 2561 2204 2648 Iudaeorum,
2236 2579 2271 2638 et
2295 2590 2419 2658 magna
2443 2594 2504 2661 spe

492 2666 537 2735 ab
557 2662 734 2755 Episcopo
758 2658 982 2731 Nicomediae
1003 2658 1202 2730 doctrinam
1223 2652 1397 2731 Ecclesiae
1416 2662 1472 2731 di·
1523 2663 1661 2732 collatis
1688 2663 1887 2755 sumptibus
1914 2676 1950 2732 et
1977 2665 2106 2753 opibus
2120 2666 2299 2756 ¹templum
2322 2670 2503 2740 aedificare

492 2763 598 2843 dicit,
625 2774 659 2831 ct
680 2760 895 2852 professione
911 2754 1133 2831 Christianus
1153 2758 1242 2841 fuit,
1266 2784 1306 2831 ac
1327 2761 1472 2834 institu-
1524 2762 1649 2850 coepit.
1683 2762 1753 2833 Sed
1769 2787 1848 2832 cum
1864 2764 2091 2836 fundamenta
2106 2765 2271 2850 iacerent,
2291 2792 2419 2860 magno
2433 2785 2504 2841 ter-

492 2880 549 2937 tus
571 2863 609 2931 in
633 2861 780 2951 collegio
794 2859 1060 2945 Nicomedensi,
1086 2883 1165 2929 cum
1181 2860 1313 2931 valeret
1328 2861 1470 2950 ingenio
1524 2873 1685 2931 raemotu
1699 2858 1901 2932 dehiscente
1916 2876 2008 2933 terra
2023 2865 2116 2933 inter
2131 2864 2280 2935 fulmina
2291 2880 2403 2939 totum
2415 2893 2505 2959 opus

492 2978 528 3035 et
557 2962 774 3055 eloquentia,
816 2962 885 3032 cito
908 2962 1021 3033 factus
1040 2974 1091 3032 est
1111 2961 1222 3031 lector
1244 2959 1282 3030 in
1306 2956 1473 3032 Ecclesia.
1524 2962 1709 3032 disiectum
1733 2974 1804 3046 est,
1834 2975 1870 3034 et
1891 2963 2000 3032 multa
2021 2964 2133 3032 millia
2155 2963 2367 3038 ludaeorum
2389 2969 2505 3040 ruinis

492 3061 630 3135 interea
653 3064 742 3133 clam
763 3063 905 3134 auditor
919 3060 1162 3147 fuitLibanii,
1186 3059 1250 3155 qui
1264 3060 1473 3134 tuncNico-
1523 3083 1689 3152 oppressa
1719 3074 1812 3134 sunt.
1871 3061 1923 3132 lta
1947 3064 2147 3135 didicerunt
2170 3062 2291 3135 ludaei
2314 3090 2350 3137 se
2374 3069 2503 3142 frustra

492 3164 630 3234 mediae
650 3159 773 3234 rhetor
793 3164 878 3248 fuit,
908 3162 1094 3234 studiosus·
1109 3158 1248 3233 Atticae
1271 3162 1472 3252 elegantiae,
1524 3163 1593 3231 niti
1620 3173 1742 3232 contra
1768 3159 1838 3230 Dei
1867 3164 2057 3237 decretum.
2119 3161 2217 3235 lnter
2246 3168 2501 3240 aedificandum

491 3278 532 3338 ut
560 3267 751 3336 ostendunt
780 3264 855 3334 eius
883 3263 1035 3354 scripta,
1079 3287 1169 3356 quae
1196 3257 1313 3356 adhuc
1339 3277 1473 3335 extant.
1523 3263 1623 3352 signa
1638 3260 1751 3330 crucis
1766 3262 1804 3331 in
1819 3264 1947 3333 vestitu
1961 3278 1995 3335 et
2009 3264 2047 3332 in
2064 3264 2213 3355 panibus
2229 3268 2355 3356 passim
2366 3268 2504 3340 ludaeis

493 3364 560 3438 tlte
581 3366 718 3437 inflexit
740 3389 820 3435 eum
843 3364 887 3433 ad
905 3358 1087 3433 Ethnicos.
1137 3360 1313 3434 Paulatim
1336 3378 1371 3435 et
1392 3364 1473 3434 aliis
1523 3364 1613 3434 facta
1636 3374 1740 3447 sont,
1764 3387 1805 3433 ac
1825 3363 1953 3434 similia
1975 3365 2142 3435 exercitui
2158 3366 2287 3436 Iuliani
2310 3368 2503 3443 factasunt

493 3463 643 3538 ethnicis
673 3467 814 3538 disertis
841 3479 876 3536 et
900 3457 1123 3554 philosophis
1146 3463 1331 3533 familiaris
1351 3464 1474 3550 factus,
1524 3476 1605 3536 ante
1618 3487 1753 3533 annum
1765 3465 1944 3535 accedenti
1957 3463 2219 3560 adByaantium
2234 3467 2337 3540 initio
2350 3470 2502 3565 imperii.

493 3565 682 3653 lamblico,
714 3565 872 3636 Maximo
895 3563 1065 3659 Byzantio
1091 3575 1125 3632 ct
1146 3562 1247 3646 aliis,
1274 3565 1392 3656 coepit
1411 3588 1474 3635 su·
1625 3560 1810 3635 Caeterum
1839 3578 1874 3635 et
1901 3565 2067 3657 privatim
2098 3581 2241 3659 propter
2264 3563 2502 3642 Christianam

491 3670 600 3761 perbe
617 3668 775 3740 fastidire
793 3661 970 3736 Ecclesiae
995 3664 1212 3748 doctrinam,
1243 3676 1279 3734 et
1293 3665 1473 3737 ‚anteferre
1525 3664 1777 3754 professionem
1804 3664 1943 3759 aliquos
1970 3666 2162 3749 interfecit,
2201 3668 2323 3739 multis
2349 3664 2502 3742 honores

492 3769 678 3860 opiniones
705 3763 862 3839 ethnicas
886 3779 986 3836 natas
1009 3765 1049 3833 in
1071 3761 1228 3834 bumana
1252 3764 1408 3853 ratione,
1438 3779 1473 3837 et
1523 3764 1675 3850 ademit,
1705 3779 1747 3837 ut
1772 3760 1978 3852 Ioviniano,
2010 3764 2263 3838 Valentiniano
2293 3783 2328 3841 et
2349 3769 2503 3857 Valenti,

492 3870 613 3958 palum
630 3864 740 3940 hostis
758 3870 870 3939 factus
885 3880 937 3939 est
951 3861 1097 3940 Christi.
1523 3890 1603 3938 cum
1626 3865 1754 3957 scripta
1774 3867 1930 3957 legisset,
1954 3880 1990 3939 et
2010 3866 2049 3936 in
2070 3868 2200 3958 quibus
2221 3870 2382 3940 doctrina
2398 3868 2502 3944 Chri-

593 3967 720 4040 Postea
739 3967 876 4059 ingenii
900 3966 1053 4037 vanitate
1076 3966 1213 4038 dedidit
1232 3990 1269 4039 se
1282 3979 1317 4038 et
1330 3965 1472 4058 magicis
1523 3966 1636 4039 etiana
1666 3968 1933 4050 defenderetur,
1963 3966 2121 4037 reddidit
2148 3991 2187 4037 ea
2211 3992 2291 4054 cum
2315 3964 2382 4039 hac
2401 3972 2502 4042 brevi

493 4071 628 4143 artibus
643 4083 678 4142 et
695 4093 736 4140 ex
752 4066 940 4156 Magorum
954 4069 1147 4160 praeceptis
1160 4069 1326 4140 mactavit
1338 4063 1473 4138 huma-
1523 4065 1770 4157 inscriptione:
1795 4064 1984 4161 ἅνεγνων,
2009 4064 2130 4162 ἔγνων
2142 4063 2344 4164 κατέγνων.

494 4194 564 4240 nos
581 4163 726 4241 hostias
750 4168 1010 4240 divinationum
1030 4190 1144 4239 causa.
1209 4165 1263 4240 Ac
1285 4170 1381 4240 solus
1404 4170 1472 4238 im·
1625 4163 1790 4233 Vicissim
1812 4178 1929 4234 autem
1952 4179 1987 4236 et
2006 4167 2118 4236 nostri
2139 4168 2266 4259 scripta
2283 4181 2403 4239 contra
2420 4194 2501 4242 eum

493 4272 594 4361 perio
612 4272 746 4362 potitus
769 4269 880 4338 edidit
903 4269 1014 4340 edicta
1034 4283 1157 4339 contra
1172 4265 1412 4351 Christianos,
1438 4280 1474 4341 et
1524 4267 1722 4339 ediderunt.
1770 4261 1820 4337 Et
1839 4279 1958 4337 extant
1973 4264 2184 4336 Naaianzeni
2204 4270 2295 4339 duae
2307 4270 2503 4365 orationes,

494 4390 616 4450 rursm
634 4371 734 4442 iussit
755 4367 884 4460 aperiri
907 4367 1036 4458 templa
1057 4368 1235 4438 idolorum
1253 4381 1287 4439 et
1301 4369 1350 4439 eis
1365 4368 1473 4440 sacri·
1522 4368 1562 4437 iu
1586 4388 1738 4461 quarum
1758 4366 1866 4437 altera
1888 4379 1923 4437 et
1938 4381 2097 4457 gestuum
2111 4367 2221 4458 ipsius
2236 4370 2425 4461 descriptio
2441 4387 2503 4457 est,

494 4468 608 4553 ficari,
639 4483 674 4540 et
700 4471 740 4538 in
762 4469 969 4540 nomismate
993 4467 1193 4561 symbolum
1216 4468 1316 4541 fecit:
1349 4465 1473 4541 Iovem
1524 4465 1820 4556 memoriadigna,
1839 4468 2503 4561 qnaesignificatexgestibusconiectn-

495 4569 658 4639 diadema
680 4568 748 4660 ipsi
767 4571 1023 4662 imponentem,
1046 4566 1228 4640 Palladem
1250 4571 1473 4642 circumdan-
1523 4592 1602 4640 ram
1621 4570 1666 4640 de
1688 4566 1840 4657 ingeniis
1858 4581 1893 4638 et
1908 4569 2151 4640 voluntatibus
2163 4570 2252 4645 fieri.
2285 4569 2402 4641 Verba
2417 4567 2503 4643 baec

495 4683 565 4742 tem
591 4669 659 4762 ipsi
679 4663 916 4764 chlamydem,
940 4668 1161 4740 Mercurium
1175 4670 1387 4743 tribuentem
1406 4671 1473 4762 ipsi
1524 4682 1622 4740 sunt:
1646 4667 1747 4740 Fecit
1766 4692 1823 4739 me
1844 4683 1961 4740 vatem
1981 4681 2142 4759 gestuum
2165 4670 2277 4761 ipsius
2300 4672 2502 4743 deformitas

494 4784 682 4863 sceptrum.
731 4766 880 4841 Reditus
901 4767 1069 4842 Ecclesiis
1091 4770 1239 4861 cripuit,
1263 4795 1309 4843 ne
1331 4785 1473 4864 possent
1524 4784 1560 4843 et
1581 4769 1709 4859 ingens
1729 4768 1933 4856 admiratio,
1956 4768 2132 4863 siquidem
2153 4771 2310 4860 optimus
2329 4786 2426 4844 vates
2440 4785 2503 4854 est,

496 4871 544 4941 ali
570 4874 736 4942 docentes
754 4880 790 4939 et
811 4869 1001 4956 discentes,
1025 4884 1061 4943 et
1083 4871 1279 4944 virulentos
1297 4872 1392 4944 iocos
1408 4872 1474 4943 ad·
1524 4870 1587 4964 qui
1615 4894 1656 4941 ex
1679 4869 1890 4942 coniecturis
1916 4871 2048 4963 optime
2069 4871 2310 4943 ratiocinatur.
2363 4869 2504 4966 Nequa-

498 4970 610 5042 didit:
641 4992 679 5041 se
700 4970 815 5040 facere
837 4972 1066 5061 expeditiores
1089 4974 1135 5042 ad
1157 4994 1304 5063 regnum
1325 4973 1475 5044 coeleste
1525 4995 1630 5066 mam
1653 4994 1738 5041 vero
1758 4968 1851 5041 mihi
1871 4967 1955 5041 hacc
1973 4966 2229 5043 bonihominis
2245 4971 2344 5062 sigua
2360 4995 2434 5044 esse
2449 4975 2505 5042 vi-

496 5071 664 5162 spoliatos
680 5069 922 5159 facultatibus,
946 5073 1030 5167 qnia
1046 5073 1084 5141 in
1100 5073 1257 5166 ipsorum
1271 5072 1373 5145 libris
1386 5073 1476 5145 scri-
1524 5074 1716 5142 dabantur:
1757 5067 1850 5142 Colli
1886 5073 2028 5142 crebrae
2063 5073 2324 5145 conversiones:
2361 5069 2504 5146 humeri

496 5184 598 5263 ptum
614 5171 675 5242 sit:
699 5169 800 5242 Beati
816 5193 1001 5262 pauperes,
1025 5175 1107 5268 quia
1124 5198 1245 5246 corum
1261 5188 1475 5263 estregnum
1524 5170 1671 5242 alternis
1699 5171 1951 5257 subsultantes3
1984 5172 2080 5242 oculi
2100 5174 2212 5260 torvi,
2244 5174 2445 5265 vagabundi
2469 5188 2504 5245 et

496 5275 689 5344 coelorum.
741 5270 865 5342 Vetuit
878 5266 1087 5347 Christianis
1107 5274 1218 5346 tribui
1239 5269 1392 5345 honores
1406 5272 1475 5343 mi·
1525 5273 1757 5345 furibundam
1778 5271 1950 5365 quiddam
1971 5285 2195 5360 contuentes;
2226 5278 2331 5368 pedes
2354 5275 2502 5344 instabi-

495 5373 606 5449 litiae.
654 5367 849 5443 Prohibuit
860 5366 1140 5446 Christianorum
1160 5376 1253 5447 filios
1272 5374 1412 5447 admitti
1436 5374 1475 5444 in
1527 5375 1595 5456 les,
1627 5374 1770 5443 crebrae
1796 5371 2086 5462 geniculationes;
2118 5397 2225 5445 nasus
2253 5373 2502 5446 contumeliam

497 5470 635 5545 scholas
659 5469 871 5556 rhetoricas,
895 5471 1033 5540 dicens:
1058 5472 1200 5558 οἰκείοις
1219 5471 1363 5573 πτέροις
1381 5473 1475 5570 ficti-
1526 5489 1561 5547 et
1580 5486 1819 5564 contemptum
1841 5473 1998 5564 spirans,
2023 5475 2134 5566 figura
2155 5477 2273 5549 vultus
2290 5473 2503 5545 derisionem

497 5568 660 5663 λόμεθα,
685 5573 839 5666 propriis
853 5573 981 5665 pennis
994 5571 1151 5651 ferimur.
1191 5575 1339 5671 Scripsit
1353 5576 1476 5669 etipse
1526 5576 1746 5667 significans,
1768 5577 2021 5668 quoquomodo
2043 5574 2256 5650 variabatur.
2305 5571 2414 5646 Risus
2429 5598 2505 5646 cre·

498 5671 610 5746 libros
624 5688 746 5746 contra
754 5672 931 5744 Ecclesiae
946 5671 1155 5758 doctrinam
1179 5677 1218 5746 in
1232 5679 1362 5771 quibus
1375 5699 1478 5769 prse-
1526 5678 1583 5748 bri
1598 5676 1707 5748 altum
1720 5688 1915 5767 crepantes;
1939 5689 2059 5757 nutus,
2081 5686 2226 5745 renutus
2239 5673 2316 5743 sine
2328 5696 2505 5763 sermone;

500 5774 602 5862 cipue
619 5776 767 5866 exagitat
783 5771 1043 5868 prohibitiones
1056 5773 1244 5852 vindictae.
1292 5777 1373 5864 ais,
1396 5776 1477 5849 tolli
1527 5798 1641 5848 sermo
1655 5777 1889 5869 interruptos,
1913 5798 1990 5847 non
2007 5774 2186 5865 complens
2200 5774 2424 5864 seutentiam3
2448 5777 2507 5848 in·

499 5871 742 5966 Magistratus,
766 5874 911 5962 iudicia,
935 5895 1080 5970 poenas,
1100 5873 1256 5964 legitima
1265 5876 1371 5960 belle,
1391 5901 1477 5951 cou-
1528 5878 1780 5970 terrogatioues
1799 5877 1946 6050 crebrpq
1948 5872 2219 6021 ,tconfussncae
2233 5888 2269 5948 et
2279 5877 2407 5951 stultae
2413 5901 2424 5966 ;
2450 5901 2507 5949 re·
