6025 6775
498 526 568 609 106
1094 523 1251 607 nucu
1297 524 1374 603 ou
1404 523 1601 605 carru
1634 479 1778 603 niun
1809 526 1923 602 out.
2439 524 2513 597 sos

592 705 784 802 Postquam
807 715 902 774 certo
925 699 1155 772 constitutum
1178 713 1231 772 est
1261 725 1327 772 nos
1358 726 1376 770 a
1401 701 1476 772 Deo
1529 727 1576 772 an
1589 702 1665 794 ipse
1682 701 1890 772 exaudiatur
1903 700 2067 794 ambigit,
2090 697 2201 770 immo
2216 698 2256 769 in
2270 700 2361 768 veris
2375 699 2512 771 dolori-

495 813 615 902 sliligi,
641 825 675 881 ει
688 807 882 879 didicimus
896 804 1075 896 quomodo
1091 804 1305 896 recipiamur
1326 817 1358 875 et
1373 827 1479 873 exau·
1528 806 1595 873 bus
1618 805 1732 873 deseri
1752 827 1789 872 se
1814 804 1958 874 indicat.
2017 801 2137 891 Quare
2165 801 2315 871 sciamus
2336 825 2454 871 veram
2477 816 2513 871 et

493 918 651 998 diamur,
678 924 815 994 certum
841 902 1051 997 praesidium
1075 899 1210 976 habent
1241 906 1317 994 piac
1344 919 1478 974 mentes
1528 907 1700 995 integram
1724 906 1891 994 gloriam,
1925 905 1972 975 ita
1995 907 2138 974 demum
2164 901 2240 973 Deo
2268 903 2396 988 tribui,
2430 926 2511 972 cum

493 1018 533 1087 in
556 1015 728 1086 omnibus
744 1007 916 1101 periculis.
958 1003 1100 1075 Norunt
1121 1007 1214 1075 enim
1234 1031 1270 1076 se
1285 1003 1361 1075 Deo
1375 1030 1479 1076 curae
1528 1009 1642 1077 filium
1669 1021 1702 1077 et
1728 1008 1804 1076 eius
1820 1007 1987 1075 beneficia
2003 1004 2234 1095 agnoscimus.

495 1142 593 1197 csse,
621 1139 657 1183 se
681 1111 808 1195 iuvari,
834 1108 906 1197 regi
927 1121 961 1177 et
983 1108 1137 1177 delendi.
1189 1105 1285 1178 Haec
1308 1122 1358 1180 est
1377 1108 1479 1177 firma
1631 1107 1824 1197 Quomodo
1849 1122 1964 1177 autem
1989 1131 2110 1201 pacem
2134 1107 2173 1175 in
2201 1108 2304 1179 terris
2333 1101 2392 1176 hic
2418 1105 2514 1174 lilius

496 1216 710 1297 consolatio,
742 1214 843 1299 longe
867 1232 1039 1301 superans
1067 1204 1330 1301 philosophicas
1352 1233 1480 1282 conso·
1530 1211 1653 1296 efficit,
1679 1212 1759 1281 cum
1781 1206 1937 1280 Ecclesia
1963 1209 2166 1297 ingentibus
2189 1207 2368 1279 aerumnis
2385 1207 2513 1277 conlli-
2554 1217 2560 1232 ‘

499 1319 664 1400 lationes,
688 1336 774 1408 quae
790 1312 916 1382 iubent
931 1311 1108 1381 moderari
1124 1312 1279 1397 dolores,
1304 1314 1363 1383 sed
1380 1311 1479 1382 auxi·
1531 1312 1666 1384 stetur?
1697 1311 1847 1402 Propria
1869 1306 1954 1380 haec
1969 1306 2147 1379 Ecclesiae
2167 1310 2339 1401 sapientia
2357 1323 2430 1399 est,
2456 1307 2514 1376 in-

500 1424 588 1491 lium
613 1440 684 1487 non
705 1426 919 1490 monstrant.
969 1409 1244 1484 Haecdoctrina
1260 1413 1305 1483 de
1321 1413 1394 1484 filio
1411 1413 1479 1484 Dei
1530 1416 1707 1506 telligere,
1744 1437 1809 1484 cur
1835 1409 1925 1482 banc
1956 1426 2092 1481 sontem
2121 1426 2284 1483 naturam
2315 1406 2516 1494 hominum,

500 1531 665 1591 monstrat
679 1517 866 1587 auxilium.
1530 1515 1626 1588 Deus
1647 1516 1753 1587 tantis
1781 1514 2038 1585 calamitatibus
2070 1514 2260 1582 excruciari
2284 1513 2386 1582 sinat.
2443 1511 2515 1582 Sed

460 1608 468 1621 ’
595 1619 666 1692 Sed
691 1613 751 1689 hic
774 1618 946 1688 monendi
969 1631 1052 1690 sunt
1077 1617 1275 1707 auditores,
1300 1614 1386 1689 haec
1403 1617 1481 1688 sine
1531 1633 1690 1714 expectat
1711 1616 1868 1689 Ecclesia
1889 1640 2011 1707 pacem
2035 1627 2068 1685 et
2095 1615 2386 1707 tranquillitatem
2420 1613 2516 1683 inte·

492 1717 668 1795 exercitiis
691 1722 927 1792 invocationis
957 1745 1032 1790 non
1053 1720 1218 1811 intelligi.
1269 1719 1482 1792 Moveamur
1531 1746 1646 1813 gram,
1672 1746 1751 1792 cum
1774 1720 1868 1790 filius
1890 1716 1959 1788 Dei
1981 1741 2057 1789 eam
2080 1738 2122 1784 ex
2143 1728 2258 1784 morte
2278 1714 2458 1785 revocabit
2476 1714 2516 1781 in

491 1827 603 1917 igitur
628 1823 778 1918 publicis
806 1837 841 1895 et
861 1822 1009 1916 privatis
1033 1823 1201 1910 miseriis,
1230 1837 1272 1896 ut
1300 1822 1479 1893 invocatio
1532 1827 1652 1896 vitam.
1705 1821 1841 1894 lnterea
1865 1847 1949 1892 vero
1979 1831 2073 1890 tenet
2093 1817 2132 1885 id
2154 1817 2311 1899 bonum,
2345 1817 2440 1908 quod
2465 1829 2518 1897 est

491 1927 561 1998 Dei
596 1927 635 1996 in
667 1925 772 1995 nobis
799 1926 1024 1996 accendatur.
1082 1922 1136 1994 De
1158 1950 1229 2020 qua
1254 1927 1360 1997 etiam
1388 1924 1479 1994 illud
1532 1926 1773 2019 praecipuum,
1799 1926 1864 1994 scit
1879 1922 1994 1993 Deum
2010 1920 2115 1993 nobis
2131 1932 2165 1990 ει
2179 1920 2355 2012 placatum
2371 1939 2456 2003 esse,
2483 1932 2518 1987 et

493 2030 605 2099 sciant
620 2028 821 2109 auditores,
845 2040 884 2097 ut
899 2021 1065 2098 Christus
1081 2050 1202 2098 recens
1224 2043 1351 2113 natus,
1378 2027 1481 2096 invo·
1532 2030 1605 2100 illis
1617 2026 1797 2099 aerumnis
1812 2026 1979 2116 opitulari
1995 2025 2099 2094 velle.

493 2133 590 2203 lutus
612 2141 662 2200 est
685 2128 858 2209 fasciolis,
892 2128 940 2199 ita
966 2129 1165 2200 doctrinam
1189 2132 1234 2201 de
1256 2130 1482 2200 invocatione
1631 2127 1735 2199 Hanc
1756 2126 2035 2199 consolationem
2053 2125 2170 2194 sciunt
2191 2124 2244 2217 pii
2260 2126 2377 2195 verius
2397 2147 2517 2216 pacem

494 2234 691 2303 involutam
705 2252 777 2299 esse
794 2230 975 2301 doctrinae
993 2226 1201 2322 Evangelii,
1226 2257 1317 2330 quae
1334 2227 1403 2299 Dei
1419 2229 1482 2298 be·
1532 2255 1624 2316 esse,
1650 2247 1686 2303 et
1701 2229 2014 2323 tranquillitatem,
2042 2250 2150 2322 qnam
2174 2225 2295 2294 inania
2324 2240 2358 2297 et
2382 2225 2519 2317 fugacia

494 2335 619 2405 nelicio
635 2345 739 2403 sonat
751 2332 789 2401 in
804 2332 932 2404 nostris
948 2327 1126 2405 Ecclesiis.
1532 2334 1658 2404 mundi
1683 2334 1810 2425 gaudia
1828 2353 2071 2425 quaecunque.
2124 2326 2235 2419 igitur
2256 2325 2349 2398 filius
2368 2325 2435 2397 Dei
2456 2351 2520 2419 pa-

591 2434 700 2506 Nulla
715 2448 765 2505 est
779 2434 967 2518 invocatio,
991 2434 1061 2503 nisi
1075 2436 1322 2525 intelligantur
1335 2456 1375 2503 ea
1391 2455 1481 2526 quae
1532 2460 1606 2506 cem
1630 2436 1732 2506 affert
1757 2435 1795 2504 in
1821 2449 1933 2519 terra,
1959 2445 1993 2503 et
2009 2432 2091 2529 quia
2106 2431 2264 2523 placator
2280 2444 2330 2499 est
2351 2431 2424 2500 irae
2439 2427 2522 2513 Dei,

494 2561 598 2629 saepe
613 2536 803 2629 repetimus
819 2540 864 2607 de
879 2537 970 2621 lide,
995 2560 1064 2629 qua
1081 2536 1119 2605 fit
1132 2535 1385 2610 reconciliatio.
1438 2532 1479 2605 si
1532 2552 1565 2610 et
1583 2540 1763 2610 decretum
1780 2536 1870 2607 illud
1886 2534 2020 2606 aeterni
2039 2534 2148 2625 patris
2164 2535 2208 2602 de
2232 2531 2520 2603 reconciliatione

493 2639 577 2733 quis
597 2639 723 2710 retinet
746 2639 992 2732 persuasiones
1014 2631 1275 2728 philosophicas
1300 2651 1336 2709 et
1357 2631 1480 2729 phari·
1533 2642 1685 2731 profert,
1719 2665 1759 2710 ac
1782 2652 1877 2708 certo
1906 2638 2057 2707 affirmat
2081 2635 2186 2705 nobis
2210 2634 2343 2704 remitti
2367 2648 2520 2725 peccata,

494 2742 622 2826 saicas,
651 2739 773 2844 quales
796 2742 996 2811 defendunt
1017 2732 1203 2825 monachi,
1234 2756 1269 2811 et
1291 2738 1394 2809 multi
1417 2737 1480 2807 alii
1533 2766 1598 2812 nos
1622 2742 1830 2832 ingratiam
1854 2764 1875 2808 a
1902 2738 1978 2810 Deo
2002 2739 2111 2831 recipi
2140 2752 2173 2808 et
2197 2737 2316 2807 vocari
2341 2737 2383 2805 ad
2408 2734 2521 2807 socie-

493 2837 612 2912 hostes
631 2844 721 2913 lucis
741 2838 931 2931 Evangelii
954 2838 1063 2930 lugiet
1086 2836 1221 2927 Deum,
1254 2854 1287 2912 et
1310 2842 1480 2911 adversus
1533 2857 1638 2913 tatem
1653 2858 1815 2913 aeternae
1833 2840 1937 2926 vitae,
1964 2841 2074 2912 immo
2090 2841 2130 2910 in
2145 2840 2217 2911 vita
2232 2865 2298 2912 nos
2315 2834 2444 2929 habere
2458 2862 2521 2907 cn·

494 2967 574 3013 eum
598 2946 743 3027 l'rernet,
767 2956 808 3012 ιιι
823 2942 925 3013 ιιιιιΙιί
942 2940 981 3010 ἰιι
1004 2943 1214 3033 tragoediis,
1240 2943 1302 3037 qui
1319 2943 1480 3011 irascun·
1534 2944 1669 3014 stodem
1684 2956 1719 3011 et
1733 2942 1982 3033 opitulatorem
1997 2940 2124 3013 Deum.

493 3058 552 3116 tur
566 3043 661 3130 Deo,
686 3067 727 3113 ac
747 3045 862 3134 palam
885 3046 1059 3130 latentur,
1083 3069 1119 3115 se
1136 3045 1319 3129 dubitare,
1344 3067 1391 3113 an
1414 3037 1482 3112 ho·
1634 3040 1706 3113 Nec
1724 3043 1914 3112 obscurum
1932 3056 1983 3111 est
1998 3046 2142 3114 tertium
2163 3045 2363 3113 membrum
2380 3043 2420 3111 in
2437 3065 2520 3111 can-

493 3146 632 3217 minum
647 3145 862 3217 calamitates
877 3159 997 3216 cernat
1010 3143 1119 3223 Deus.
1167 3142 1214 3218 Et
1229 3171 1274 3215 an
1290 3139 1483 3240 lachrymis
1533 3146 1604 3218 tico
1624 3139 1866 3236 Angelorum,
1891 3139 2071 3230 prioribus
2092 3142 2260 3227 coguitis,
2284 3144 2363 3228 piae
2384 3155 2522 3211 mentes
2647 3160 2652 3163 ·

491 3260 529 3316 et
552 3248 644 3315 votis
671 3247 881 3313 miserorum
902 3247 1075 3319 flectatur.
1127 3246 1274 3315 Necesse
1297 3258 1350 3315 est
1374 3246 1483 3333 igitur
1532 3249 1711 3316 laetantur
1733 3240 1913 3331 agnitione
1934 3237 2021 3324 Dei,
2051 3239 2229 3309 beneficiis
2252 3240 2336 3324 lilii,
2360 3240 2523 3310 reconci-

492 3335 596 3414 rectd
621 3341 771 3432 intelligi
795 3338 1047 3431 Evangelium,
1079 3357 1115 3414 et
1141 3344 1295 3413 discerni
1324 3339 1483 3412 ethnicas
1533 3345 1699 3430 Ιὶιιιίοιιε,
1731 3358 1765 3414 ει
1783 3342 2011 3436 acquiescunt
2036 3342 2074 3411 in
2101 3338 2198 3428 Deo,
2230 3342 2367 3413 etiamsi
2395 3365 2522 3433 magna

490 3468 556 3513 seu
581 3439 751 3512 humanas
782 3443 970 3534 opiniones
995 3468 1015 3513 a
1046 3445 1188 3514 decreto
1210 3447 1254 3513 de
1278 3443 1485 3514 reconcilia-
1533 3447 1691 3539 pericula
1714 3457 1984 3537 proponuntur,
2009 3458 2043 3514 et
2063 3445 2226 3516 omnium
2249 3469 2417 3535 generum
2440 3469 2523 3516 cru-

490 3546 610 3627 tione,
636 3546 730 3637 quod
751 3545 845 3613 lilius
861 3540 929 3614 Dei
945 3569 987 3615 ex
1009 3543 1091 3616 sinu
1108 3545 1244 3614 aeterni
1269 3545 1379 3634 patris
1399 3567 1484 3633 pro-
1533 3550 1664 3629 ciatus,
1691 3547 1729 3615 in
1744 3546 1998 3637 propagatione
2012 3546 2193 3617 doctrinae
2210 3548 2408 3638 perferendi
2427 3561 2521 3617 sunt.

492 3646 593 3729 tulit,
613 3649 709 3737 quod
728 3645 841 3716 literis
862 3645 1023 3713 mandari
1047 3669 1110 3733 per
1125 3638 1320 3732 Prophetas
1335 3656 1368 3714 et
1381 3642 1481 3734 Apo·
1532 3644 1614 3717 Erit
1631 3660 1748 3718 autem
1773 3648 1909 3738 integra
1930 3648 2085 3733 laeticia,
2108 3673 2189 3721 cum
2204 3644 2425 3742 triumphum
2444 3663 2523 3739 aget

493 3748 602 3818 stolos
625 3747 759 3823 voluit,
785 3746 881 3837 quod
900 3767 965 3813 110⁸
981 3743 1142 3836 quotidie
1160 3739 1237 3820 Deo
1259 3744 1480 3833 gubernante
1531 3749 1626 3819 lilius
1638 3747 1723 3833 Dei,
1751 3763 1912 3820 revocata
1930 3745 2087 3821 Ecclesia
2102 3774 2142 3820 ex
2158 3764 2282 3820 morte.

494 3862 627 3919 mentes
655 3862 689 3920 et
718 3848 857 3933 linguas
880 3856 1019 3915 nostras
1034 3845 1129 3915 bona
1144 3844 1213 3913 lide
1228 3845 1331 3913 vobis
1349 3868 1480 3936 propo·
1495 3847 1497 3851 ’
1633 3847 1730 3921 Haec
1745 3874 1871 3941 magna
1887 3851 2056 3923 beneficia
2071 3853 2138 3922 filii
2151 3853 2218 3924 Dei
2233 3865 2367 3924 canunt
2384 3848 2523 3943 Angeli,

494 3951 621 4024 nimus.
673 3945 761 4020 Eius
778 3945 961 4017 doctrinae
984 3968 1122 4016 stamme
1146 3940 1478 4038 comprehendenda
1531 3976 1571 4023 ac
1599 3953 1799 4043 significant
1821 3949 2015 4024 Ecclesiam
2040 3978 2080 4025 ea
2106 3977 2244 4047 semper
2265 3956 2520 4025 celebraturam

495 4066 563 4134 est,
589 4053 620 4122 si
643 4051 809 4121 volumus
838 4060 873 4118 et
893 4047 1063 4118 beneficia
1093 4046 1158 4117 filii
1180 4046 1250 4117 Dei
1272 4047 1482 4137 intelligere,
1532 4077 1618 4125 esse.
1664 4053 1785 4143 Quare
1801 4069 1917 4125 etnos
1933 4057 2004 4124 iam
2021 4082 2093 4126 una
2110 4081 2190 4126 carm
2205 4054 2353 4147 Angelis
2371 4082 2410 4127 ea
2425 4056 2523 4147 cogi·

494 4168 649 4241 etrecte
676 4175 836 4223 exercere
867 4150 1140 4224 invocationem.
1200 4147 1362 4219 Fortasse
1386 4149 1482 4217 deri·
1531 4168 1646 4224 temus
1668 4167 1701 4223 et
1722 4155 1973 4246 praedicemus.
2019 4153 2271 4228 Existimemus
2287 4184 2353 4230 ιιοι
2367 4160 2521 4229 assidere

494 4258 580 4327 dent
600 4278 657 4324 me
672 4254 783 4347 aliqui
802 4248 888 4322 haec
910 4263 1262 4321 commemorantem:
1288 4251 1350 4318 sed
1376 4250 1480 4321 toties
1532 4257 1577 4326 ad
1595 4278 1715 4338 cunas,
1740 4280 1902 4325 sinaeum
1921 4255 2049 4337 Maria,
2078 4254 2225 4350 loseph,
2250 4257 2416 4350 Angelis,
2442 4255 2522 4328 Eli-

494 4358 564 4430 ism
586 4356 679 4441 dixi,
703 4380 761 4425 me
784 4353 990 4426 concionari
1014 4376 1087 4423 nou
1111 4347 1311 4444 Propbanis
1334 4365 1368 4422 et
1391 4347 1482 4443 Epi·
1532 4350 1678 4440 nabeth,
1703 4352 1898 4443 Zacharia,
1924 4370 1960 4429 et
1981 4383 2257 4431 commemorare
2279 4356 2366 4431 haec
2389 4360 2522 4429 benefi-

495 4461 626 4545 cnreis,
651 4471 712 4529 aut
728 4456 954 4553 Hypocritis,
980 4455 1041 4523 sed
1056 4455 1101 4524 iis
1114 4455 1175 4549 qui
1191 4478 1265 4525 non
1282 4453 1482 4537 fastidiunt,
1532 4459 1605 4537 cia,
1632 4456 1867 4548 inspectantes
1885 4473 2007 4530 natum
2026 4457 2214 4545 Messiam,
2240 4476 2274 4534 et
2292 4486 2388 4532 nunc
2403 4484 2522 4552 genas,

493 4577 528 4635 et
550 4588 624 4633 non
647 4572 882 4632 contemnunt
904 4555 1150 4649 Evangelium.
1201 4553 1270 4625 His
1294 4576 1416 4647 spero,
1447 4569 1481 4627 et
1531 4584 1628 4630 nunc
1643 4558 1818 4646 frontem,
1843 4585 1940 4632 nnnc
1957 4563 2086 4634 tenella
2103 4560 2247 4634 brachia
2265 4565 2520 4649 deosculantes,

492 4680 631 4756 gratum
646 4685 731 4746 esse,
757 4675 791 4731 et
805 4660 930 4731 utilem
946 4652 1039 4729 hanc
1054 4659 1155 4753 quasi
1169 4657 1481 4728 commonefactio·
1529 4676 1571 4732 ut
1594 4674 1686 4731 certe
1708 4663 1885 4734 faciebant
1909 4662 2047 4746 Mater,
2075 4661 2222 4759 loseph,
2255 4663 2395 4755 Angeli.
2452 4663 2521 4735 His

493 4791 589 4842 nem.
637 4761 711 4834 Nec
729 4787 813 4833 vero
839 4762 936 4832 aliud
970 4755 1140 4831 hactenus
1163 4760 1257 4845 dixi,
1290 4759 1359 4828 nisi
1383 4760 1479 4852 quod
1531 4787 1596 4833 nos
1613 4763 1889 4854 cogitationibus
1905 4769 2137 4838 accendamus
2161 4770 2205 4839 ad
2226 4769 2461 4839 maximarum
2485 4781 2520 4839 et

493 4869 564 4959 ipsi
581 4863 707 4956 Angeli
724 4878 852 4936 sonant
873 4864 911 4933 in
927 4862 990 4932 illo
1007 4885 1072 4932 suo
1087 4858 1240 4958 hymno,
1267 4885 1373 4955 quem
1392 4861 1482 4931 ceci·
1530 4881 1754 4938 aeternarum
1780 4892 1900 4938 rerum
1926 4868 2165 4956 intellectum,
2196 4886 2229 4943 et
2254 4895 2428 4957 amorem,
2455 4894 2520 4940 nec

497 4983 630 5038 nerunt
644 4968 807 5039 audiente
817 4966 1049 5038 multitudine
1063 4978 1245 5058 pastorum
1261 4986 1383 5034 recens
1397 4977 1480 5033 nato
1531 4968 1640 5039 simus
1656 4968 1788 5039 similes
1804 4967 1940 5039 Herodi
1954 4984 1988 5039 et
2004 4966 2225 5059 Pharisaeis,
2252 4974 2314 5066 qui
2332 4975 2450 5043 audita
2466 4974 2520 5041 la-

494 5095 539 5141 ex
567 5064 702 5154 virgine
722 5069 795 5138 tilio
819 5066 903 5138 Dei:
943 5064 1069 5137 Gloria
1098 5067 1138 5136 in
1160 5064 1304 5138 excelsis
1325 5065 1420 5150 Deo,
1447 5079 1483 5135 et
1530 5071 1656 5140 made
1688 5084 1773 5140 nato
1808 5064 1877 5140 hoc
1903 5094 2034 5162 puero,
2068 5073 2286 5144 insidiantur
2311 5075 2386 5145 eius
2416 5075 2519 5148 vitae.

494 5176 535 5244 in
569 5183 666 5240 terra
700 5190 786 5258 pax,
815 5164 1021 5241 hominibus
1048 5168 1197 5239 laeticia.
1248 5165 1381 5256 Agnito
1408 5167 1481 5236 lilio
1529 5170 1612 5241 Non
1627 5185 1894 5243 contemnamus
1910 5171 2023 5241 lilium
2040 5171 2119 5259 Dei,
2139 5190 2180 5246 ut
2193 5176 2308 5247 solent
2323 5177 2439 5263 multi,
2457 5178 2519 5246 alii

493 5273 582 5353 Dei,
617 5286 692 5341 tum
728 5269 867 5338 demum
899 5295 980 5341 vere
1013 5271 1232 5362 conspicitur
1264 5268 1378 5360 gloria
1403 5267 1483 5353 Dei,
1531 5273 1611 5341 aliis
1643 5273 1803 5364 occupati
1834 5273 2036 5354 furoribus,
2076 5277 2207 5370 quibus
2235 5279 2370 5350 dictum
2400 5296 2453 5352 est
2481 5280 2520 5353 in

495 5378 577 5472 quia
610 5369 815 5462 amplitudo
840 5371 1097 5444 misericordiae
1120 5370 1208 5454 Dei,
1235 5372 1354 5463 patefit
1376 5371 1482 5443 nobis
1529 5371 1693 5461 Psalmo,
1717 5369 1782 5445 hos
1805 5377 1901 5466 ipsos
1922 5378 2060 5446 furores
2078 5377 2129 5448 eis
2152 5379 2259 5451 exitio
2282 5381 2422 5456 futuros
2438 5405 2520 5453 esse·

495 5481 626 5550 donato
646 5473 733 5545 lilio.
1530 5472 1664 5547 Contra
1697 5502 1781 5548 vero
1811 5476 1974 5549 Psalmus
2007 5479 2142 5575 inquit:
2178 5480 2278 5554 Beati
2314 5480 2521 5577 omnesqui

592 5573 745 5648 Etiamsi
767 5574 901 5646 fatetur
924 5572 1024 5645 Plato
1045 5601 1179 5647 numen
1200 5601 1273 5647 esse
1288 5591 1482 5663 aeternum,
1532 5580 1717 5651 confidunt
1732 5578 1909 5668 Domino,
1935 5582 1997 5676 qui
2015 5577 2249 5674 Evangelium
2267 5587 2423 5656 iudicant
2447 5605 2522 5652 non

495 5683 650 5775 sapiens,
679 5680 828 5762 bonum,
851 5678 1004 5763 iustum,
1030 5678 1336 5770 puniensscelera,
1362 5694 1480 5751 tamen
1531 5704 1605 5752 esse
1633 5682 1834 5755 fabulosum
1868 5697 1929 5756 aut
1962 5687 2248 5760 commenticium
2285 5693 2428 5778 poema,
2460 5685 2522 5755 sed
