6025 6775
402 585 480 668 119
1043 573 1309 653 PlllLlPl’l
1340 572 1790 654 MELANTHONIS.
2350 591 2430 673 450

499 752 567 837 86.
595 755 672 830 Lex
686 752 783 828 enim
797 746 908 825 habet
921 747 1128 835 mercedem,
1142 771 1252 844 quare
1265 748 1388 824 in'no-
1437 750 1507 822 etsi
1525 745 1594 822 hoc
1613 749 1801 822 somnium·
1816 748 1954 823 indocti
1974 745 2093 824 adhuc
2109 754 2283 848 retinent,
2307 776 2425 844 umen

402 862 460 935 bis
475 859 637 954 impletio
657 857 745 947 legis
761 867 918 927 meretur
933 864 1027 922 certe
1040 851 1208 942 praemia.
1437 851 1575 924 cordati
1591 875 1715 923 omnes
1735 850 1941 943 explodunt.
2385 885 2400 900 ··

505 963 572 1037 86.
608 958 703 1033 Cum
726 956 893 1027 dicimusc
928 949 1015 1023 sota
1044 949 1116 1024 fide
1144 950 1388 1033 iustificamnr,
1538 952 1577 1027 ⁹.
1617 952 1752 1023 Vident
1777 953 1873 1022 enim
1895 952 2113 1026 cordatiores
2133 961 2284 1034 omnino
2310 965 2426 1040 faten-

402 1060 560 1153 intelligi
573 1057 643 1131 hoe
669 1061 793 1145 debet,
818 1078 895 1127 non
907 1065 1049 1125 natum
1065 1056 1163 1149 quod
1177 1053 1266 1126 fides
1280 1055 1387 1125 initio
1437 1055 1526 1126 dum
1540 1076 1633 1140 esse,
1657 1053 1760 1148 quod
1772 1054 1842 1144 legi
1856 1049 1963 1125 nemo
1978 1056 2180 1145 satisfaciat,
2204 1068 2301 1158 quod
2319 1089 2427 1142 nemo

403 1165 560 1256 accipiat
587 1160 829 1232 remissionem
856 1165 1082 1250 morum
1105 1177 1168 1227 seu
1193 1167 1394 1241 convertat,-
1437 1157 1483 1228 sit
1504 1155 1584 1227 sine
1612 1169 1774 1247 peccato,
1804 1156 1928 1228 vident
1947 1155 2100 1228 Paulum
2131 1159 2340 1257 prohibere,
2377 1193 2425 1242 ne

405 1265 592 1335 sedetiam
607 1263 698 1354 quod
710 1259 881 1350 deinceps
890 1257 967 1328 tole
976 1254 1066 1329 fides
1082 1270 1268 1350 reputetur
1281 1256 1387 1327 aDeo
1436 1258 1518 1351 quis
1543 1258 1734 1348 glorietur,
1756 1270 1952 1347 agnoscunt
1974 1259 2232 1336 dubitationem
2256 1282 2350 1341 recte
2364 1293 2424 1342 re-

402 1388 475 1456 pro
497 1361 649 1446 iusticia,
670 1359 811 1431 temetsi
832 1358 994 1453 impletio
1012 1358 1101 1449 legis
1121 1359 1318 1430 necessario
1333 1382 1389 1430 se-
1435 1354 1622 1453 prehendi.
1672 1360 1844 1432 Fatentur
1857 1357 1972 1430 Paulo
1984 1360 2089 1431 fidem
2112 1362 2310 1454 significare
2331 1372 2425 1443 fidu·

404 1467 544 1558 quitur:
567 1455 790 1531 recumbam
803 1461 968 1554 impletio
989 1461 1077 1551 legis
1092 1483 1167 1532 non
1181 1475 1234 1531 est
1247 1474 1388 1554 accepta
1436 1462 1528 1531 ciam
1547 1459 1821 1531 misericordiae.
1874 1458 2048 1532 Fateatur
2068 1463 2173 1550 item,
2198 1468 2307 1559 longe
2321 1486 2424 1544 ante·

403 1587 521 1635 coram
533 1564 626 1647 Deo,
649 1559 720 1630 nisi
737 1557 1087 1656 propterChristum,
1110 1562 1174 1655 qni
1188 1559 1388 1657 apprehen·
1435 1561 1522 1632 ferri
1543 1556 1636 1632 hanc
1658 1562 1824 1633 fiduciam
1848 1584 1924 1633 non
1950 1563 2067 1635 solum
2099 1570 2329 1659 ceremoniis,
2358 1576 2422 1644 sed

400 1666 498 1735 ditur
510 1660 593 1737 fide.
812 1673 842 1710 ³·
878 1661 883 1720 ἑ
964 1713 968 1718 -
989 1689 1008 1720 ’-
1437 1664 1542 1735 etiam
1557 1664 1725 1752 operibus
1749 1662 1956 1734 moralibus.

502 1761 566 1837 87.
599 1760 653 1834 lte
669 1758 804 1836 hebent
818 1753 1054 1835 conscientiae
1078 1777 1210 1835 certam
1224 1760 1389 1834 consola·
1541 1762 1601 1835 10.
1635 1761 1810 1833 Habenda
1825 1779 1878 1836 est
1890 1765 2002 1855 igitur
2022 1765 2133 1856 gratia
2152 1761 2232 1855 his,
2256 1771 2320 1865 qui
2335 1766 2422 1844 haee

399 1865 538 1938 tionem
558 1865 596 1933 in
611 1861 758 1936 Christo
780 1887 845 1956 per
864 1860 992 1950 fidem,
1017 1878 1053 1935 et
1075 1868 1195 1936 sciunt
1209 1863 1388 1959 quomodo
1437 1876 1665 1944 monuerunt,
1687 1859 1931 1934 etEcclesiam
1946 1878 2064 1937 tamen
2079 1868 2233 1959 aptiore
2249 1873 2421 1963 opinione

399 1966 622 2059 operandum
640 1967 708 2051 sit,
732 1980 768 2036 et
789 1989 880 2060 quae
902 1985 1009 2055 opera
1030 1967 1211 2058 placeant,
1235 1981 1271 2038 et
1292 1963 1388 2059 quod
1438 1965 1520 2058 plus
1537 1985 1644 2058 quam
1660 1976 1858 2033 monstrosa
1879 1966 2089 2037 liberamnt.

400 2065 475 2139 fide
488 2089 552 2158 per
567 2062 758 2139 Christum
767 2066 940 2158 accipiant
954 2063 1129 2159 Spiritum
1145 2080 1325 2153 sanctum,
1348 2078 1390 2136 ut
1542 2067 1603 2140 11.
1636 2064 1707 2136 Sed
1722 2059 1810 2133 haec
1825 2068 1978 2136 secunda
1995 2069 2118 2157 opinio
2135 2070 2185 2139 ita
2207 2071 2327 2154 docet,
2352 2061 2426 2145 ho-¹

401 2168 493 2238 bene
510 2169 653 2258 operari
669 2180 813 2260 queant.
1439 2165 1553 2236 mines
1570 2164 1817 2257 principaliter
1830 2166 1943 2236 iustos
1959 2190 2033 2237 esse
2047 2168 2128 2254 fide,
2154 2171 2191 2240 id
2206 2187 2269 2258 est,
2294 2174 2423 2248 fiducia

393 2311 395 2316 ·
502 2267 566 2341 88.
606 2264 650 2337 In
672 2291 826 2339 summa:
866 2264 1246 2360 ConclusitScriptura
1268 2263 1389 2336 omnia
1437 2266 1719 2351 misericordiae,
1742 2266 1864 2337 minus
1878 2267 2121 2360 principaliter
2142 2275 2423 2365 propterdigni-
2492 2277 2494 2286 '

402 2369 470 2444 tub
489 2380 688 2462 peccatum,
718 2380 761 2440 ut
783 2369 973 2462 promissio
995 2393 1038 2437 ex
1054 2368 1126 2438 fide
1149 2367 1230 2435 lesu
1252 2362 1388 2438 Christi
1437 2379 1543 2438 tatem
1559 2389 1719 2459 operum,
1734 2389 1775 2436 eo
1793 2370 1890 2461 quod
1905 2369 1976 2458 legi
1990 2392 2095 2438 nemo
2110 2370 2310 2459 satisfaciat,
2324 2376 2424 2449 ideo-

401 2465 550 2542 daretur
568 2468 805 2542 credentibus.
1436 2490 1505 2561 quc
1519 2467 1648 2538 fiducia
1663 2468 1927 2540 misericordiae
1941 2469 2069 2541 sarciat
2083 2470 2121 2541 id
2140 2473 2235 2564 quod
2253 2475 2361 2547 deest.

504 2567 568 2643 89.
598 2566 804 2642 Aristoteles
819 2582 912 2640 recte
926 2569 1164 2664 etprudenter
1178 2562 1284 2645 dicit,
1308 2586 1386 2633 me-
1458 2592 1460 2595 ·
1545 2586 1605 2658 12,
1647 2584 1745 2656 Hm
1774 2587 1930 2658 ,maga
1964 2586 2089 2680 opinio
2116 2575 2290 2662 cominu,
2312 2605 2365 2666 „p
2383 2597 2424 2668 pn

398 2668 565 2740 (1111111ῖῦ
586 2670 733 2752 11111110,
759 2669 1048 2741 ⁰⁰¹¹⁸fit⁰⁰¹¹d¹¹m
1070 2690 1143 2740 ²³⁸⁸
1157 2664 1387 2786 l)¹⁰P⁰ffl⁰fle
1435 2685 1608 2778 speciem,
1633 2688 1714 2759 ideo
1729 2685 1919 2777 diligenter
1934 2688 2142 2759 excutienda
2156 2703 2219 2766 est.

399 2769 609 2859 immin
623 2794 699 2843 ⁰⁰¹¹
719 2765 953 2843 fliiffim‘fiffl·
1540 2802 1600 2876 18.
1629 2800 1763 2875 Paulus
1780 2805 1874 2875 enim
1890 2804 2020 2874 diserte
2036 2806 2141 2876 dicit:
2168 2808 2291 2899 gratis,
2314 2810 2422 2886 item:

1435 2901 1512 2971 sine
1525 2903 1708 2993 operibus,
1735 2901 1826 2975 ltem
1840 2900 2007 2996 prohibet
2019 2905 2164 2976 diserte:
2191 2933 2237 2978 ne
2252 2911 2334 3004 quis
2345 2915 2423 3002 glo-

401 2991 539 3090 (ΠΠ.)
577 2997 689 3073 Alite
716 2995 1008 3090 disputatiot
1031 2991 1079 3066 de
1104 2989 1291 3068 antithesi
1315 2989 1387 3066 lm·
1436 3002 1558 3074 rietur.
1616 2998 1666 3073 Et
1677 2999 1810 3073 Daniel
1831 3005 1966 3097 inquit:
1999 3008 2137 3076 nonin
2161 3006 2423 3084 iustificationi-

401 3118 605 3174 uttttsnrttm
630 3103 872 3193 opinionum,
902 3106 943 3170 et
961 3117 1070 3169 verae
1099 3101 1314 3170 tententiae
1337 3093 1386 3167 (le
1435 3105 1503 3175 bus
1517 3103 1666 3190 nostris,
1691 3103 1808 3174 sedin
1823 3104 2068 3176 misericordia
2091 3119 2164 3179 tua.

463 3195 749 3298 iustificatione.
800 3204 904 3289 (Opp
917 3201 1015 3270 Basit.
1041 3200 1084 3270 T·
1096 3197 1156 3268 ffl·
1178 3226 1211 3287 Ρ·
1226 3202 1321 3286 301)
1540 3217 1602 3292 14.
1625 3218 1790 3292 Secunda
1799 3218 1923 3311 opinio
1935 3218 2040 3294 etiarn
2054 3221 2227 3316 relinquit
2240 3230 2425 3302 conscien·
2504 3311 2506 3320 ¹

402 3347 497 3439 nm
509 3383 634 3457 μω
649 3375 735 3437 ,ω
748 3384 891 3448 ΝΜ,
916 3358 978 3455 qui
994 3358 1138 3446 dicunt,
1160 3356 1232 3431 fid,
1253 3372 1288 3432 ,g
1301 3382 1388 3455 ope,
1436 3321 1502 3397 tias
1518 3320 1680 3411 incertas,
1704 3321 1789 3418 quia
1804 3321 1892 3441 fides
1905 3316 1965 3392 hic
1978 3321 2085 3393 etiam
2100 3327 2230 3443 pendet
2246 3350 2288 3397 ex
2302 3331 2424 3424 digni.

401 3467 505 3540 ,ihm
517 3464 702 3539 pmtffimg
714 3461 891 3537 homines·
1436 3438 1506 3496 tate
1527 3435 1668 3506 nostra,
1695 3436 1730 3496 et
1749 3424 1930 3516 exaliqua
1953 3435 2054 3515 parte
2069 3424 2167 3514 legis.
2217 3424 2290 3500 Nec
2303 3444 2423 3506 tame„

503 3568 544 3638 ς,
574 3565 690 3635 primi
702 3581 796 3651 mm,
821 3563 896 3654 Qui
908 3562 1015 3635 fidem
1030 3560 1387 3652 panpumgmeffignnt
1436 3538 1552 3620 potest
1566 3524 1629 3595 ille
1643 3526 1772 3615 gradm
1788 3523 1876 3612 legis
1891 3523 2080 3614 constitui,
2106 3526 2168 3619 qui
2182 3521 2260 3599 Deo
2283 3534 2425 3609 mtisfa·

403 3662 602 3738 dcnoticie
613 3654 1209 3752 historiaeetsomnianthumines
1224 3686 1386 3757 pronun·
1436 3628 1517 3748 ΕΜ·
1567 3625 1653 3744 Ῑξὶθο
1674 3648 1750 3696 '¹⁰¹¹
1774 3624 1895 3744 'pinu‘
1915 3624 1956 3695 fit
1977 3647 2034 3743 {²⁸
2055 3625 2189 3698 inm
2207 3621 2424 3752 13101,Ψῦ

401 3766 495 3839 etati
516 3766 629 3837 iustos
648 3763 853 3858 impliciter
881 3777 1028 3861 propter
1054 3765 1239 3858 propriam
1268 3765 1387 3855 dient-
1436 3741 1705 3923 ffiffi‘tm
1730 3726 2425 3823 1111111111,1111111111111111111·

397 3883 524 3945 tatem.
1626 3878 1636 3901 ·

501 3968 541 4040 g,
577 3952 709 4041 him,
736 3968 834 4039 ,mim
862 3966 1030 4040 dubitare
1049 3918 1300 4058 cumdem&
1338 3991 1386 4037 an
1540 3924 1601 4001 15.
1638 3926 1763 4001 Tertia
1788 3943 1840 4003 est
1861 3927 1972 4019 igitur
1991 3939 2114 3999 nostra
2142 3928 2336 4018 sententia,
2376 3938 2422 4009 de

399 4066 479 4144 neo
492 4068 706 4163 planum,
1437 4032 1635 4115 exclusiva,
1667 4030 1764 4124 quod
1787 4031 1873 4100 iusti
1895 4029 2176 4120 pronuntiemur
2199 4046 2344 4124 propter
2364 4060 2425 4109 ω.

502 4170 539 4244 4,
576 4167 675 4243 Hm
692 4168 808 4262 prim,
830 4181 866 4240 gg
879 4166 1020 4258 vulgata
1036 4165 1160 4262 opinio
1175 4192 1271 4241 mm
1283 4170 1385 4242 pm,
1435 4135 1507 4205 lam
1523 4131 1803 4201 misericordiam
1819 4129 1859 4197 in
1875 4123 2020 4199 Christo
2043 4130 2265 4219 promissam,
2280 4148 2315 4206 et
2330 4130 2424 4208 hanc

400 4272 509 4346 ficum
529 4271 711 4343 somnium
726 4284 791 4345 est·
1435 4231 1718 4305 misericordiam
1734 4241 1874 4321 oportet
1888 4228 1959 4298 fide
1979 4223 2213 4319 apprehendi.

500 4370 538 4449 8.
570 4369 637 4445 Eat
651 4373 748 4444 mim
763 4382 916 4442 extrema
933 4367 1099 4453 coecitas,
1124 4371 1301 4443 somniare
1317 4368 1384 4443 ho.
1538 4347 1604 4423 18.
1646 4346 1879 4442 Seponendae
1902 4345 2036 4416 interea
2059 4359 2143 4418 sunt
2165 4347 2424 4440 disputationes

398 4476 536 4546 minem
549 4473 622 4563 legi
636 4470 846 4551 satisfacere,
858 4464 1041 4540 hominem
1054 4469 1132 4539 sine
1141 4487 1283 4562 peccato
1296 4497 1382 4550 em,
1435 4454 1481 4525 de
1503 4451 1618 4524 libero
1638 4449 1799 4525 arbitrio.
1848 4444 1940 4519 Nam
1964 4440 2024 4518 hic
2047 4446 2185 4537 agitur,
2208 4450 2423 4541 promissio·

398 4574 502 4649 ΗΜ
516 4574 745 4646 gelimam
758 4570 906 4644 haerent
919 4571 958 4639 in
971 4569 1087 4662 primo
1105 4593 1242 4660 geum,
1436 4578 1518 4626 nem
1541 4574 1614 4624 esse
1639 4550 1886 4635 donationem,
1917 4563 1957 4621 ut
1978 4549 2025 4619 sit
2045 4559 2160 4631 certa,
2198 4570 2275 4620 non
2305 4552 2424 4642 agitur

505 4675 542 4751 o.
566 4670 722 4767 scapua
737 4673 890 4746 nauum
904 4671 991 4742 fiae.
1008 4666 1105 4741 haus
1125 4674 1233 4745 auen
1249 4675 1384 4768 signin-
1436 4658 1550 4739 sslud,
1575 4678 1642 4725 nos
1657 4650 1751 4775 nihi}
1767 4674 1882 4744 acere,
1907 4651 1972 4724 em
1987 4643 2162 4721 hoe-scire
2176 4663 2336 4745 oportet.
2357 4675 2423 4725 ne·

401 4792 460 4851 eat
479 4776 648 4850 fiduciam
668 4774 949 4854 misericordiae,
974 4796 1049 4844 non
1062 4785 1200 4847 tantum
1214 4781 1383 4852 noticiam
1435 4759 1569 4829 minem
1590 4757 1662 4849 ¹²85
1676 4756 1886 4829 ”usfilme-

403 4875 585 4952 historiae.
634 4875 812 4972 Loquitur
828 4871 1063 4948 enimPaulus
1077 4877 1121 4945 de
1134 4881 1286 4970 quadam
1302 4882 1384 4965 fide,
1540 4874 1601 4947 17.
1639 4871 1738 4945 Haec
1757 4871 1876 4943 facilia
1898 4868 2081 4941 intellectu
2096 4882 2202 4958 sunt,
2224 4870 2351 4967 siquis
2366 4894 2424 4945 ee·

402 5000 499 5077 (1⁰⁸⁰
518 4992 572 5051 111
591 4989 710 5047 11101111
724 4977 909 5071 9111111111
923 4976 1049 5060 101111.
1073 4989 1108 5047 et
1122 5002 1213 5071 quae
1228 4982 1300 5072 agit
1316 4985 1384 5054 ali·
1435 4977 1509 5050 mel
1523 4974 1757 5057 constituerit,
1778 4970 1892 5044 Paulo
1906 4973 2012 5043 fidem
2036 4969 2232 5062 significare
2254 4972 2423 5045 fiduciam

403 5081 494 5179 quid
509 5079 549 5148 in
562 5077 752 5151 ceramine
765 5076 1000 5151 eonscientiae
1014 5090 1079 5151 etc.
1435 5076 1719 5160 misericordiae,
1748 5071 1831 5166 qnia
1850 5072 1979 5143 fiducia
1997 5094 2074 5142 non
2101 5084 2217 5165 potest
2238 5071 2307 5147 niti
2322 5092 2422 5148 com·

406 5228 410 5233 -
506 5178 543 5251 t.
567 5174 620 5254 Et
633 5173 720 5251 hoec
739 5182 826 5253 fides
848 5178 1000 5253 maxime
1020 5192 1155 5273 pugnat
1173 5203 1256 5263 cum
1278 5184 1386 5261 dubi..
1437 5178 1595 5251 muniter
1607 5174 1684 5250 Deo
1699 5187 1733 5246 et
1745 5184 1868 5244 nostra
1888 5171 2072 5262 dignitate.

403 5285 551 5361 udone.
1541 5290 1604 5365 18.
1642 5286 1736 5363 Cum
1760 5285 1927 5358 meritum
1946 5282 2089 5359 tollitur
2111 5284 2215 5374 ideo,
2243 5288 2329 5385 quia
2355 5311 2422 5363 nos

505 5385 543 5460 8.
570 5382 692 5457 Facile
706 5379 881 5454 confutari
893 5395 1007 5476 potest
1020 5377 1107 5455 haec
1121 5381 1237 5477 prima
1251 5390 1387 5484 opinio,
1438 5387 1534 5465 nihil
1546 5415 1701 5484 agamus,
1725 5399 1872 5460 manent
1884 5387 2038 5460 incertae
2053 5386 2301 5477 conscientiae,
2314 5415 2424 5485 quae·

404 5487 490 5585 quia
509 5500 668 5568 constat,
693 5483 873 5569 neminem
894 5487 964 5576 legi
980 5487 1188 5563 satisfacere.
1238 5488 1388 5568 Constat
1438 5510 1525 5567 runt
1543 5496 1637 5567 enim
1655 5516 1754 5564 suam
1767 5490 1983 5578 novitatem,
2006 5501 2040 5562 et
2053 5490 2193 5585 obrepit
2207 5492 2340 5583 opinio,
2355 5512 2423 5562 noe

404 5602 440 5662 et
460 5585 550 5676 hoc,
574 5586 689 5661 Paulo
710 5590 818 5661 fidem
840 5609 920 5658 esse·
929 5586 1094 5657 fiduciam
1111 5587 1385 5672 misericordiae.
1439 5597 1671 5690 pronunciari
1688 5596 1817 5676 iudos,
1841 5614 1916 5664 non
1931 5590 2015 5687 quia
2028 5592 2219 5687 promissio
2228 5592 2272 5665 sit
2287 5592 2424 5682 gratui-

402 5688 553 5767 Cenem
570 5690 655 5765 item
669 5688 944 5780 ,memnonem
960 5685 1108 5782 impiam
1122 5712 1215 5793 ‚otte
1263 5695 1388 5797 ltaque
1438 5714 1491 5784 te,
1518 5700 1579 5774 sed
1593 5686 1678 5796 quia
1694 5699 1766 5772 iam
1779 5694 1941 5769 cenanti
1956 5694 2080 5781 simne,
2103 5714 2286 5787 nunquam
2301 5700 2421 5763 antem

451 5796 633 5865 Μηιιτι.
656 5797 762 5870 Oeen.
787 5796 873 5865 Ver..
886 5788 967 5860 ΧΠ.
1862 5797 1915 5871 29
