6025 6775
494 767 568 842 aas
780 779 783 784 ·
934 873 939 884 ι
1177 758 1207 837 1.
1255 715 1553 835 cunontcon
1579 755 1828 884 canionis.
2121 765 2159 776 ’·
2314 772 2318 784 ·
2439 772 2515 849 are
2617 726 2628 798 '-

493 957 615 1015 mmen
630 938 670 1009 in
687 950 785 1011 tanta
802 887 1006 1009 infirmitate
1027 927 1184 1004 humana
1198 932 1432 1025 experiuntur
1444 886 1496 1002 ht‘
1523 923 1594 1002 'bis
1608 930 1677 1003 luit
1691 945 1726 1004 et
1739 933 1873 1005 familia
1883 926 2003 1019 Iulia,
2017 932 2153 1010 ahlulo
2168 950 2257 1026 orta,
2271 961 2363 1035 quae
2376 957 2523 1033 regnum

495 1043 585 1136 ipsi,
610 1037 768 1111 humana
783 1038 927 1111 consilia
943 1049 977 1107 et
996 1036 1088 1106 vires
1104 1029 1279 1104 humanas
1293 1056 1368 1103 non
1385 1032 1484 1103 sulli—
1536 1028 1651 1104 Albae
1666 1046 1837 1109 tenuerat.
1877 1033 1963 1108 ldeo
1978 1038 2071 1109 dixit
2083 1035 2275 1123 Homerus,
2300 1034 2442 1115 Aeneae
2457 1070 2525 1138 po·

495 1168 576 1217 cere
598 1145 646 1214 ad
671 1140 914 1212 constituenda
935 1148 972 1208 et
992 1137 1180 1208 retinenda
1200 1134 1359 1228 imperia.
1410 1132 1482 1205 Sed
1536 1135 1730 1207 steritatem
1746 1150 1971 1227 regnaturam
1985 1162 2070 1213 esse.
2117 1139 2166 1214 Et
2186 1142 2466 1232 nati-natorum,
2489 1160 2525 1219 et
2633 1158 2637 1166 ’

495 1249 654 1317 fatentur
681 1261 803 1314 omnes
829 1262 906 1309 non
936 1238 1083 1319 furiosi,
1116 1260 1235 1308 veram
1264 1257 1338 1306 esse
1361 1259 1481 1307 vocem
1535 1237 1599 1331 qui
1613 1250 1807 1314 nascentur
1819 1241 1865 1310 ab
1879 1238 1964 1313 illis.

495 1345 677 1418 Danielis:
702 1340 797 1410 Deus
814 1340 981 1413 transfert
996 1353 1031 1412 et
1047 1335 1184 1411 stabilit
1197 1337 1357 1431 imperia.
1636 1334 1794 1411 Ancus
1815 1335 1875 1412 M
1876 1340 1976 1412 arti
1982 1364 2032 1414 us
2055 1343 2314 1437 annosviginti
2335 1362 2500 1441 quatuor.

532 1500 537 1514 ,
598 1444 735 1515 Persica
763 1442 924 1539 potentia
950 1441 1133 1532 complexa
1166 1453 1243 1511 erat
1270 1437 1482 1512 florentissi-
1542 1507 1552 1516 ,,
1635 1433 1941 1541 Tarquinius
1981 1436 2176 1516 Priscus
2221 1470 2336 1522 annos
2378 1449 2524 1541 triginta

495 1571 589 1619 mam
603 1558 740 1637 partem
759 1544 858 1614 or'bis
874 1557 1067 1630 terrarum,
1091 1554 1127 1614 et
1147 1555 1221 1614 erat
1236 1542 1408 1614 instructa
1424 1541 1482 1610 in·
1535 1553 1678 1634 septem.

490 1646 589 1739 genti
606 1645 837 1717 multitudine
859 1657 895 1716 et
917 1645 1047 1715 robore
1066 1639 1272 1731 hominum,
1297 1657 1331 1714 et
1347 1642 1483 1714 divitiis
1637 1636 1669 1711 S
1676 1642 1770 1712 erai
1778 1669 1829 1716 us
1861 1642 2055 1720 Tullius
2089 1651 2324 1744 quadraginta
2358 1664 2524 1747 quatuor.

494 1747 711 1839 ingentibus.
761 1743 865 1816 Hanc
886 1757 1022 1818 tantam
1042 1747 1238 1840 potentiam
1254 1745 1381 1817 evertit
1393 1747 1482 1815 ado-
1535 1742 1579 1815 ln
1588 1737 1696 1814 huius
1713 1760 1887 1817 senectam
1905 1750 2033 1823 incsdrt
2045 1766 2188 1824 anstrum
2200 1751 2361 1824 Persicae
2374 1775 2525 1823 monar-

470 1851 647 1934 'lescens‚
672 1860 776 1921 natus
799 1847 840 1918 in
856 1842 1014 1919 horridis
1036 1848 1219 1919 montibus
1236 1845 1482 1933 Macedoniae,
1534 1841 1654 1933 chiae,
1680 1859 1720 1918 ut
1733 1870 1816 1916 mox
1833 1847 2001 1922 dicemus.
2049 1851 2120 1924 Sed
2142 1852 2326 1925 brevitatis
2340 1876 2444 1925 causa
2463 1848 2524 1924 hic

491 1951 591 2047 quod
617 1950 694 2022 lieri
713 1973 789 2021 non
811 1948 946 2042 potuit,
979 1950 1051 2021 nisi
1065 1947 1144 2022 Deo
1166 1962 1203 2022 et
1223 1960 1385 2021 armante
1409 1949 1481 2020 du·
1534 1946 1698 2019 omnium
1710 1971 1833 2038 regum
1849 1945 2097 2022 Rornanorum
2111 1955 2259 2025 nomina
2273 1954 2472 2028 recitamus.

494 2077 591 2139 cem,
616 2064 651 2123 et
664 2052 884 2141 gubernante
897 2063 1055 2122 eventus.
1315 2083 1321 2092 ’
1635 2043 1935 2147 Tarquinius
1952 2047 2193 2147 Superbus
2208 2055 2337 2145 viginti
2354 2055 2523 2150 quinque.

466 2221 476 2230 ,
596 2152 695 2241 Quid
709 2153 910 2223 mirabilius
919 2164 981 2235 est,
1003 2174 1110 2247 quam
1124 2151 1253 2223 urbem
1264 2147 1479 2231 Romanam,
1533 2148 1603 2220 Hic
1616 2153 1781 2243 expulsus
1799 2164 1973 2242 estregno
1989 2165 2134 2245 propter
2147 2155 2213 2223 lilii
2227 2157 2352 2239 scelus,
2372 2151 2524 2249 quibu-

491 2277 575 2326 cum
591 2268 682 2326 esset
696 2267 767 2326 tam
782 2252 1006 2336 turbulenta,
1031 2268 1067 2325 et
1087 2263 1314 2347 quassaretur
1327 2251 1480 2323 subinde
1533 2252 1678 2323 cretiam
1694 2276 1756 2343 per
1770 2253 1845 2322 vim
1863 2268 2126 2347 compresserat.
2180 2252 2223 2326 ld
2239 2257 2439 2348 exemplum
2458 2281 2525 2328 no·

493 2356 698 2428 domesticis
720 2353 926 2436 discordiis,
951 2368 989 2425 et
1008 2376 1111 2444 saepe
1134 2353 1180 2423 ab
1195 2352 1348 2423 externis
1365 2348 1479 2424 hosti·
1532 2365 1610 2424 tum
1627 2352 1674 2425 sit
1689 2353 1784 2425 inter
1798 2354 1991 2427 libidinum
2008 2378 2153 2449 poenas·

494 2457 564 2529 bus
584 2457 804 2541 vinceretur,
835 2468 955 2545 menen
976 2450 1184 2525 monarchia
1209 2454 1360 2546 potitam
1381 2452 1480 2525 esse?

494 2556 569 2630 Sed
594 2553 691 2629 Deus
719 2556 872 2628 subinde
900 2555 1039 2651 aliquos
1070 2556 1178 2626 duces
1200 2556 1317 2640 dedit,
1347 2554 1479 2626 virtute
1705 2526 1773 2597 De
1807 2523 2018 2599 mmm
2052 2526 2344 2604 ΜΜΝῙΙῙΠ·

493 2669 729 2751 praestantes,
762 2672 800 2729 et
827 2669 975 2729 eventus
1008 2655 1240 2746 gubernavit,
1273 2653 1479 2742 Camillum,
1596 2654 1639 2725 ln
1653 2657 1724 2727 fine
1738 2658 1873 2749 primae
1886 2655 2114 2732 monarchiae
2123 2660 2221 2734 Deus
2236 2665 2342 2735 etiam
2356 2666 2397 2735 in
2413 2687 2523 2755 regno

493 2757 648 2845 Fabios,
680 2759 865 2851 Scipiones
884 2771 950 2831 etr.
1008 2755 1134 2829 Voluit
1154 2756 1251 2828 enim
1274 2780 1398 2850 regum
1420 2772 1478 2851 ty·
1529 2752 1752 2850 Babylonico
1780 2782 1938 2832 summos
1964 2760 2360 2851 regesNehucadneaar
2391 2767 2526 2836 eteius
2570 2765 2573 2778 '

492 2860 662 2933 munides
692 2860 841 2953 punire,
871 2872 908 2931 et
929 2859 971 2929 in
998 2882 1038 2931 ea
1059 2860 1150 2931 urbe
1170 2859 1344 2930 collocare
1362 2859 1478 2949 impe-
1529 2856 1643 2927 filium
1667 2860 1714 2929 ad
1734 2857 1911 2931 Ecclesiae
1938 2862 2138 2934 societatem
2152 2864 2356 2953 ingentibus
2370 2866 2523 2936 miracu·

491 2961 539 3032 rii
563 2986 700 3049 arcem,
733 2961 825 3033 sicut
846 2958 1017 3053 seriptum
1038 2974 1107 3034 est:
1136 2959 1289 3053 Propter
1309 2959 1479 3031 iniuriam
1500 2943 1505 2978 ⁸
1530 2958 1576 3027 lis
1591 2959 1741 3032 vocavit.
1794 2958 1891 3050 Quia
1920 2964 2062 3033 volebat
2088 2957 2144 3032 his
2169 2965 2380 3036 testimoniis
2403 2978 2522 3037 osten·

490 3086 640 3156 regnum
674 3086 696 3135 a
732 3075 835 3153 gente
867 3061 909 3132 in
948 3075 1089 3152 gentem
1131 3063 1355 3137 transfertur.
1429 3055 1479 3131 Et
1530 3059 1632 3142 dere,
1658 3085 1747 3156 quae
1763 3075 1797 3132 et
1812 3062 1877 3133 ubi
1899 3076 1985 3135 tunc
2007 3076 2083 3136 erat
2101 3087 2182 3135 vera
2203 3067 2248 3136 de
2267 3063 2344 3136 Deo
2359 3067 2520 3139 doctrina

491 3187 656 3256 magnam
678 3163 898 3259 opulentiam
919 3186 959 3233 ac
973 3165 1169 3255 potentiam
1183 3164 1400 3237 comitantur
1420 3163 1479 3233 lu·
1530 3173 1565 3232 et
1580 3185 1663 3233 vera
1677 3161 1846 3237 Ecclesia.
1896 3163 1990 3236 Cum
2012 3178 2130 3237 autem
2150 3167 2274 3238 tertius
2294 3166 2521 3259 aNabogdo·

491 3288 579 3352 xus,
603 3267 788 3362 superbia,
814 3264 1032 3347 discordiae,
1058 3278 1095 3338 et
1115 3265 1185 3338 alia
1209 3266 1360 3352 scelera,
1387 3287 1478 3359 quae
1529 3285 1639 3333 nosor
1651 3264 1850 3338 restitueret
1860 3263 1968 3356 idola,
1982 3279 2018 3339 et
2029 3259 2265 3360 blasphemias
2279 3282 2420 3341 caneret
2432 3292 2521 3342 con·

491 3390 626 3463 poenas
639 3380 674 3441 et
686 3366 900 3442 mutationes
913 3365 1145 3459 imperiorum
1159 3362 1363 3455 attrahunt,
1388 3367 1479 3438 sicut
1530 3377 1587 3436 tra
1607 3389 1732 3437 vemm
1748 3365 1887 3454 Deum,
1912 3391 2075 3440 exmssus
2090 3384 2142 3443 est
2165 3393 2207 3441 ex
2229 3393 2360 3462 regno,
2383 3384 2418 3443 et
2436 3395 2520 3442 mo-

492 3470 629 3543 dictnm
659 3484 728 3542 est:
760 3470 854 3543 Nam
883 3482 1018 3542 cartem
1036 3492 1166 3560 regna,
1198 3469 1355 3540 luxuries
1378 3466 1479 3538 viciis
1530 3461 1677 3537 narchia
1692 3491 1713 3538 a
1731 3462 1921 3540 Chaldaeis
1935 3472 1978 3541 ad
1992 3469 2117 3542 Persas
2132 3473 2302 3559 translata
2318 3485 2381 3547 est.

492 3569 658 3664 odiisque
671 3573 833 3665 superbia
848 3570 965 3646 vertit.
1014 3569 1195 3644 Intuentes
1209 3569 1319 3661 igitur
1330 3569 1479 3662 imperia
1631 3567 1710 3641 Hac
1722 3570 1955 3644 translatione
1970 3569 2067 3644 Deus
2087 3573 2194 3644 simul
2210 3587 2245 3646 et
2267 3573 2411 3666 punivit
2425 3575 2535 3645 blas·

492 3671 688 3763 cogitemus
707 3675 753 3745 de
777 3673 915 3746 iusticia
937 3669 1026 3759 Dei,
1058 3672 1241 3765 punientis
1263 3671 1413 3753 scelera,
1445 3682 1480 3742 et
1531 3664 1699 3762 phemnm
1716 3693 1853 3761 regem,
1878 3687 1916 3751 et
1935 3672 2128 3745 Ecclesiam
2157 3675 2356 3795 exulan'n
2378 3677 2521 3747 reduxit

494 3775 542 3845 de
556 3771 715 3846 bonitate
729 3775 821 3857 eius,
845 3775 1087 3847 conservantis
1104 3775 1260 3870 aliquam
1277 3773 1477 3845 societatem
1531 3771 1571 3841 in
1598 3772 1772 3866 patriam,
1801 3798 1848 3846 ne
1877 3776 1908 3846 si
1935 3775 2017 3846 linis
2045 3799 2120 3847 non
2149 3790 2238 3848 esset
2266 3777 2520 3867 dissipationis,

479 3873 632 3967 ,generis
662 3869 811 3947 humani
840 3889 875 3947 et
903 3877 1085 3963 ordinem,
1117 3890 1159 3949 ut
1179 3875 1300 3967 colligi
1321 3871 1480 3945 Ecclesia
1531 3896 1617 3963 gens
1643 3873 1772 3946 ludaea
1794 3876 1956 3949 funditus
1979 3876 2129 3969 periret,
2161 3901 2266 3970 quam
2289 3879 2403 3950 voluit
2422 3876 2520 3950 Deus

493 3978 623 4070 possit,
645 3990 683 4051 et
703 3978 797 4049 veris
815 3977 1007 4070 gemitibus
1027 3992 1209 4072 petamus,
1232 3992 1274 4050 ut
1297 3980 1359 4048 det
1374 3976 1479 4047 nobis
1531 3970 1662 4046 habere
1681 3989 1812 4051 certam
1825 3980 1943 4047 sedern
1958 3990 1994 4046 et
2008 3977 2181 4066 politiam,
2202 3978 2414 4062 metiretur,
2428 4001 2518 4071 quae

491 4079 660 4153 salutaria
681 4080 852 4174 imperia,
881 4093 918 4154 et
939 4104 1144 4169 caveamus,
1166 4104 1214 4152 ne
1234 4078 1366 4152 nostris
1379 4079 1480 4149 luro-
1531 4089 1566 4148 et
1584 4078 1648 4148 ubi
1662 4087 1762 4171 esset
1781 4100 1864 4146 vera
1883 4078 1928 4145 de
1944 4073 2021 4147 Deo
2047 4077 2207 4148 doctrina
2229 4092 2264 4151 et
2283 4078 2457 4160 Ecclesia,
2483 4093 2518 4148 et

491 4180 593 4254 ribus
606 4183 809 4261 turbentur,
856 4259 860 4267 ,
1520 4178 1595 4248 'ubi
1609 4176 1716 4248 vellet
1737 4176 1856 4263 nasci,
1879 4176 2035 4270 conspici
2060 4188 2096 4248 et
2121 4178 2238 4249 audiri
2253 4178 2433 4253 Messian.

554 4341 565 4361 2
595 4284 705 4356 Initio
730 4284 848 4360 Roma
876 4283 1070 4375 gubernata
1095 4296 1191 4355 esta
1219 4282 1381 4373 regibus,
1413 4304 1479 4350 an·
1632 4277 1788 4367 Legatos
1816 4290 1934 4351 autem
1962 4280 2058 4370 apud
2081 4277 2266 4352 Danielem
2299 4276 2446 4353 historia
2473 4283 2518 4351 de
2569 4330 2574 4339 -

496 4403 564 4453 nos
583 4381 670 4468 244,
688 4399 775 4458 teste
795 4386 920 4472 Livio,
946 4406 1052 4479 quem
1078 4383 1117 4453 in
1138 4380 1302 4456 Romana
1329 4377 1478 4461 historia
1531 4401 1635 4451 causa
1654 4379 1844 4470 translatae
1864 4374 2107 4465 monarchiae,
2131 4383 2176 4451 de
2190 4375 2418 4471 blasphemiis
2430 4379 2518 4452 Bal-

497 4478 599 4574 sequi
611 4482 839 4559 rectissimum
857 4501 922 4560 est.
972 4482 1082 4579 Apud
1101 4484 1219 4577 ipsum
1241 4485 1346 4556 etiam
1358 4506 1479 4555 rernm
1531 4480 1686 4568 dassari,
1711 4483 1804 4553 etde
1817 4505 1928 4553 manu
1944 4481 2131 4554 scribentis
2149 4481 2190 4552 in
2204 4481 2337 4574 pariete
2352 4483 2420 4553 tria
2436 4505 2517 4553 ver·

497 4595 675 4674 gestarum
697 4587 802 4657 series
827 4590 974 4681 legenda
1005 4600 1075 4674 est,
1107 4585 1480 4671 et-considerandum,
1518 4585 1595 4666 ba,
1621 4607 1712 4676 quae
1733 4583 1952 4677 significant,
1977 4583 2196 4655 circumactis
2215 4583 2371 4677 periodis
2389 4605 2516 4674 regno·

497 4685 648 4755 crevisse
663 4688 855 4777 potentiam
868 4693 956 4765 soris
970 4687 1117 4762 militari
1131 4687 1253 4759 labore
1270 4701 1305 4760 et
1319 4687 1479 4780 discipli·
1530 4710 1610 4757 rum
1624 4686 1769 4773 delicere
1784 4685 2024 4774 autoritatem,
2050 4698 2084 4756 et
2099 4708 2182 4755 mox
2198 4685 2297 4779 sequi
2313 4685 2517 4771 discordias,

497 4809 561 4855 na:
590 4787 690 4856 domi
709 4810 792 4858 vero
809 4793 978 4866 modestia
995 4805 1030 4865 et
1045 4790 1183 4863 iusticia
1199 4789 1480 4882 gubernationis,
1532 4810 1620 4883 quae
1649 4800 1733 4859 sunt
1761 4789 1928 4861 exitiosae
1948 4786 2121 4881 imperiis·
2178 4782 2369 4875 Quomodo
2399 4799 2516 4857 autem

498 4901 532 4956 et
548 4889 716 4957 ordinum
740 4913 781 4959 ac
800 4893 1202 4969 onemmdistinctione.
1253 4890 1378 4964 Postea
1395 4915 1480 4983 pro-
1532 4903 1730 4981 congruant
1741 4890 1994 4984 appellationes
2007 4910 2128 4981 regum
2137 4884 2360 4958 Persicorum
2374 4885 2517 4959 aGrae-
2615 4978 2618 4987 Ι

497 5000 578 5080 pter
607 4989 831 5080 tyrannidem
860 5006 894 5064 et
921 4994 1087 5069 libidines
1114 4996 1253 5090 pulsam
1278 5016 1351 5064 esse
1374 4991 1479 5062 lami·
1531 4991 1582 5062 cis
1598 4993 1780 5073 recitatae,
1803 4991 1849 5062 ad
1862 4986 2049 5061 Danielem
2070 5003 2107 5060 et
2118 4987 2283 5074 Esdram,
2305 4989 2409 5081 initio
2434 4990 2516 5060 bre-

498 5089 585 5160 liam
606 5090 757 5178 regiam,
788 5093 878 5165 sicut
891 5095 1088 5185 saepissime
1102 5121 1225 5171 causae
1241 5094 1479 5167 mutationum
1531 5094 1622 5162 viter
1636 5091 1764 5166 dicam.
2202 5078 2210 5116 ⁴

498 5191 539 5260 in
563 5190 722 5281 imperiis
743 5192 913 5267 libidines
936 5195 1096 5284 luerunt,
1126 5201 1223 5272 iuxta
1241 5199 1376 5270 dictum
1395 5195 1480 5266 uni·
1633 5191 1763 5262 Graeci
1777 5189 1935 5261 Persicos
1950 5189 2065 5282 Reges
2081 5189 2361 5263 sianumerantz·

498 5291 650 5363 versale:
678 5289 810 5364 Omnis
826 5295 943 5365 anima
960 5320 1050 5388 quae
1063 5301 1184 5373 lecerit
1198 5296 1480 5373 abominationes
1583 5285 1737 5389 Cyrus
1749 5292 1918 5384 'regnavit
1932 5315 2047 5364 annos
2063 5292 2191 5382 viginti
2207 5317 2350 5367 novem.

500 5387 583 5479 has,
608 5396 859 5472 eradicabitur.
910 5396 985 5469 Hic
1007 5397 1162 5471 breviter
1184 5401 1332 5475 nomina
1353 5421 1477 5489 regom
1583 5387 1835 5489 Cambyses
1860 5417 1974 5467 annos
1994 5390 2145 5489 septem,
2159 5414 2307 5466 'menses
2319 5392 2488 5487 quinque.

499 5496 753 5570 adscribamus.
1582 5491 1786 5583 Darius,
1811 5494 1906 5567 filius
1919 5495 2115 5591 Histaspis,
2148 5518 2261 5570 annos
2281 5495 2424 5585 triginta
2444 5514 2514 5561 ser.

601 5590 833 5669 Romulus
854 5597 1015 5689 regnavit
1029 5618 1143 5667 annos
1156 5598 1301 5689 triginta
1314 5617 1405 5677 octo.
1582 5592 1762 5672 Xerxes
1787 5621 1900 5668 annos
1921 5597 2060 5688 viginti.

601 5691 754 5770 Numa
770 5724 883 5772 anuos
898 5698 1132 5795 quadraginta
1147 5711 1229 5772 tres.
1585 5695 1879 5772 Artaxerxes
1900 5699 2143 5791 Longimanus
2162 5693 2406 5792 quadraginta.

601 5790 800 5873 Tullius
823 5798 1075 5873 Hostilius
1098 5798 1244 5891 triginta
1261 5802 1362 5873 duos.
1412 5800 1482 5874 Hic
1584 5795 1987 5889 DariusNortos
2008 5799 2255 5873 novendecim.

497 5897 784 5989 delevitAlbam,
805 5902 1102 5978 etcivesRomaro
1111 5902 1264 5993 migrare
1276 5903 1400 5992 coigit.
1427 5906 1483 5975 ·1n
1586 5900 1883 5979 Artaxerxes
1907 5904 2083 5978 Mnemon
2096 5897 2342 5996 qnadraginta·

550 5997 738 6073 Merme.
766 6009 873 6076 Orsa.
898 6009 983 6078 voc.
1009 6007 1087 6076 ΧΠ.
1832 6003 1884 6079 60
