6025 6775
472 750 556 825 sot
1015 737 1176 829 DECL.
1204 747 1280 828 DE
1318 741 1639 832 GREGORIO
1673 746 1969 830 PONTANO.
2428 772 2506 851 368

481 923 579 994 Ilaec
601 948 683 995 cum
703 948 794 1017 pene
817 926 860 994 ad
878 921 1025 1012 verbum
1042 919 1227 995 Pontanns
1241 925 1405 1011 dixisset,
1428 937 1465 996 et
1516 945 1609 1018 quae
1622 917 1714 1015 proh
1730 925 1856 1008 dolor,
1883 939 1917 998 ct
1930 937 2060 1018 'magna
2074 942 2109 1001 et
2125 930 2237 1004 multa
2260 947 2362 1024 tunt,
2384 938 2421 1014 'et
2436 969 2500 1037 pe.

480 1026 595 1118 aliqui
616 1026 801 1096 frementes
823 1022 937 1095 maius
965 1036 1146 1096 certamen
1172 1029 1304 1098 moturi
1336 1040 1462 1113 essent,
1515 1038 1629 1094 tamus
1650 1039 1689 1095 ut
1708 1040 1855 1119 propter
1874 1028 1987 1099 filium
2011 1031 2243 1103 mediatorem
2258 1052 2500 1135 aeternnsps·

480 1123 715 1215 Mognntinus
741 1127 806 1194 ait:
836 1146 912 1192 non
944 1145 1018 1193 esse
1048 1126 1180 1196 mirum
1211 1128 1322 1198 atroci
1342 1127 1462 1197 fratris
1513 1137 1569 1196 ter
1590 1125 1627 1193 in
1655 1126 1708 1196 ira
1730 1128 1992 1199 misericordiae
2009 1133 2232 1215 recordetur,
2254 1143 2497 1216 etmoestissi-

481 1227 633 1296 orationi
646 1222 851 1315 responsum
866 1245 942 1294 esse
958 1226 1095 1310 durius,
1119 1249 1185 1297 nec
1201 1231 1365 1319 prodesse
1380 1228 1462 1297 lon·
1511 1247 1590 1294 mae
1606 1223 1784 1298 Ecclesiae
1798 1252 1901 1318 opem
1919 1232 2026 1317 ierat,
2051 1256 2116 1303 nec
2130 1234 2225 1308 'sinat
2241 1237 2318 1309 fieri
2336 1244 2494 1317 infinitas

481 1326 611 1414 giorem
628 1326 902 1396 contentionem.
957 1325 1147 1397 interfatur
1162 1350 1244 1417 ergo
1257 1326 1397 1413 Caesar,
1426 1341 1460 1400 et
1512 1324 1772 1417 dissipationes.
1799 1326 1882 1400 Non
1901 1324 1969 1401 hoc
1987 1345 2124 1404 tanturn
2142 1360 2265 1407 verum
2283 1354 2352 1412 est:
2379 1342 2493 1433 Quic-

479 1426 549 1493 dici
573 1425 690 1510 iubet,
716 1450 753 1496 se
775 1428 951 1497 iacturum
974 1448 1067 1512 esse,
1093 1431 1189 1520 quod
1213 1425 1457 1501 Christianum
1509 1426 1596 1517 quid
1614 1428 1768 1501 delirant
1780 1452 1877 1518 reges
1894 1433 2100 1521 plectuntur
2109 1430 2251 1507 Achivi.
2303 1439 2375 1512 Sed
2389 1467 2492 1539 saepe

474 1524 728 1615 imperatorem
745 1528 859 1599 facere
874 1527 1008 1599 iustum
1023 1529 1081 1616 sit,
1105 1541 1210 1622 atque
1232 1531 1282 1605 ita
1296 1542 1456 1601 senatum
1507 1528 1614 1596 etiam
1629 1546 1775 1621 propter
1789 1531 1913 1624 populi
1930 1533 2015 1605 vitia
2032 1534 2151 1605 minus
2166 1537 2308 1610 ioelices
2322 1557 2406 1614 sunt
2423 1547 2491 1616 bo·

392 1640 395 1644 ’
473 1625 654 1701 dimilllb
1141 1701 1144 1707 ,
1506 1627 1545 1695 ni
1562 1629 1824 1718 gubernatores.
1856 1627 1936 1702 Oro
1950 1648 2067 1707 autem
2084 1635 2196 1708 filium
2209 1635 2277 1709 Dei
2291 1639 2489 1716 Dominum

473 1781 477 1786 ·
576 1759 646 1831 Hic
664 1786 745 1832 cum
762 1763 884 1835 luisset
897 1764 1010 1836 exitus
1024 1764 1099 1836 eius
1116 1776 1322 1850 conventus,
1334 1776 1454 1855 postea
1505 1729 2034 1846 ⁰⁰⁸¹f¹¹¹¹¹1²⁸¹¹mCh¹l⁸¹⁰ffls
2067 1749 2193 1809 ”²⁰⁰³
2216 1754 2488 1833 1²1⁰Pl⁸r⁸uam

423 1855 426 1870 ’
475 1860 714 1954 Mogontinns
734 1877 769 1934 et
788 1863 970 1936 Palatinus
991 1864 1196 1938 Ludovicus
1225 1889 1305 1935 cum
1324 1862 1453 1940 Carolo
1504 1828 1655 1944 {mmm
1675 1833 1848 1921 &Ub‘ffl‘l
1873 1847 1905 1905 ⁰²
1921 1848 2095 1929 Ρῑθῑθὸθῑ·
2145 1836 2269 1911 R0d0⁰
2292 1846 2335 1912 ad
2360 1867 2486 1919 nama-

478 1964 691 2056 Imperatore
708 1966 752 2035 de
766 1989 851 2057 pace
866 1963 1080 2038 Germaniae
1102 1968 1355 2061 colloquuntur
1369 1964 1453 2035 Mo·
1503 1940 1650 2002 ¹¹⁰⁰⁸¹¹¹⁰
2429 2019 2435 2039 Ι

473 2065 630 2155 guntiae.
690 2065 746 2135 lbi
768 2091 847 2136 cum
872 2066 1016 2159 quidam
1050 2068 1206 2160 asperius
1236 2068 1452 2160 loqueretur,
1603 2060 1705 2133 Pacis
1734 2075 1892 2156 tempore
1923 2069 2112 2160 praecipua
2142 2097 2226 2145 cura
2249 2077 2338 2149 invit
2357 2076 2482 2155 Eccle-

470 2165 660 2254 Caesarem
686 2163 816 2237 habere
841 2168 911 2236 alia
932 2191 1058 2258 regna,
1098 2169 1235 2239 etiamsi
1257 2165 1450 2237 Germania
1502 2162 1589 2233 sias:
1623 2164 1869 2256 inspectionis,
1892 2168 1932 2235 in
1956 2192 2026 2261 qua
2050 2173 2185 2243 reditus
2209 2177 2403 2251 liberaliter
2424 2199 2480 2258 at·

473 2281 608 2338 vastata
632 2281 733 2337 esset:
759 2268 960 2359 interpellat
984 2265 1080 2338 hunc
1094 2265 1242 2345 Caesar,
1268 2266 1450 2359 inquiens:
1503 2262 1629 2334 tributi
1656 2277 1739 2335 sunt
1766 2268 1889 2337 multis
1919 2264 2105 2357 Ecclesiis,
2138 2272 2213 2365 ipse
2242 2299 2366 2359 suasor
2390 2285 2479 2371 fuit,

471 2368 570 2438 Haec
584 2391 658 2435 non
673 2367 759 2437 iussi
774 2381 807 2438 te
821 2370 948 2439 dicere.
995 2367 1088 2439 Nolo
1106 2368 1199 2436 enim
1215 2367 1292 2435 fieri
1307 2367 1451 2437 vastita-
1501 2387 1653 2457 cumque
1666 2389 1742 2435 eam
1757 2365 1967 2439 labefactare
1980 2370 2196 2445 antinomica
2209 2376 2316 2449 factio
2331 2405 2478 2455 conare·

474 2483 548 2541 tem
566 2469 605 2536 in
627 2465 839 2550 Germania,
879 2470 964 2560 quia
985 2482 1021 2538 et
1047 2468 1161 2559 patria
1183 2481 1251 2551 est,
1288 2480 1321 2536 et
1341 2467 1387 2536 ab
1409 2489 1448 2562 ea
1500 2476 1578 2549 tur,
1604 2466 1768 2556 perfecit,
1793 2481 1833 2540 ut
1855 2470 2027 2540 iudicium
2048 2477 2248 2547 convocatis
2271 2481 2341 2569 piis
2363 2488 2479 2557 etdo.

475 2592 649 2640 summum
662 2570 769 2640 decus
783 2569 913 2658 accepi.
949 2562 997 2637 Et
1013 2566 1208 2657 Imperator
1222 2566 1327 2636 saluti
1351 2567 1449 2637 orbis
1499 2564 1563 2634 ctis
1576 2566 1663 2635 viris
1679 2569 1961 2656 constitueretur,
1975 2571 2013 2641 in
2028 2596 2099 2666 quo
2114 2574 2326 2668 inspectores
2342 2582 2478 2655 defensi

367 2705 369 2710 s
472 2684 666 2752 terrarum,
696 2683 868 2762 quantum
899 2680 1030 2757 potest,
1060 2666 1138 2739 Deo
1166 2668 1327 2752 iuvante,
1363 2691 1449 2737 con·
1500 2678 1593 2736 sunt.
1642 2662 1698 2736 Ex
1720 2693 1761 2738 eo
1787 2673 1978 2742 certamine
2005 2685 2108 2743 natae
2123 2691 2206 2749 sunt
2219 2681 2478 2755 eruditissimae

470 2766 585 2842 solere
601 2769 718 2839 debet.
770 2768 822 2839 lta
846 2790 965 2858 pacem
990 2768 1093 2837 certis
1114 2768 1380 2838 conditionibus
1396 2769 1449 2836 lc·
1499 2767 1757 2866 propositiones
1778 2767 1928 2843 Lutheri
1950 2789 2071 2845 contra
2087 2770 2315 2851 Antinomos.
2364 2779 2476 2853 Cum-

470 2871 634 2964 cit,quae
651 2869 794 2939 duravit
809 2870 854 2938 ab
869 2891 964 2938 anno
980 2868 1156 2938 tricesimo
1174 2870 1343 2961 usquead
1358 2891 1447 2960 qua·
1498 2888 1566 2953 que
1601 2867 1799 2937 doctrinam
1830 2870 2008 2943 Ecclesiae
2042 2890 2134 2946 recte
2168 2880 2399 2969 intelligeret,
2439 2900 2476 2956 et
2584 2876 2589 2890 ’

468 2972 706 3062 dragesimum
724 2984 870 3043 sextum.
921 2963 1447 3039 Nouconieroorator'umelo-
1497 2961 1612 3033 Deum
1630 2981 1724 3037 recte
1751 2968 1950 3057 invocaret,
1982 2997 2047 3043 nec
2075 2980 2191 3065 spargi
2219 3003 2372 3065 errores,
2411 3005 2477 3053 nec

469 3072 663 3167 quantiam,
688 3071 851 3138 materias
864 3069 1018 3142 confero.
1070 3067 1289 3159 Consumpta
1305 3082 1357 3139 cst
1370 3070 1447 3137 elo·
1498 3064 1643 3135 dissidia
1682 3070 1826 3137 accendi
1869 3072 2015 3144 sinebat.
2094 3072 2319 3170 Maximeque
2351 3081 2475 3154 oderat
2576 3064 2585 3084 ⁹

469 3168 793 3267 quentiaPericlis,
818 3165 1086 3250 Demosthenis,
1111 3167 1311 3252 Ciceronis,
1334 3169 1373 3237 in
1389 3169 1449 3237 in·
1498 3162 1721 3252 Thrasones,
1746 3168 1808 3262 qui
1826 3184 1867 3242 ut
1881 3171 2068 3240 videantur
2082 3172 2169 3244 alios
2185 3178 2379 3249 subtilitate
2394 3182 2475 3252 vin-

473 3274 620 3347 citandis
640 3269 779 3340 civibus
802 3272 846 3340 ad
869 3271 972 3343 bella.
1035 3268 1180 3357 Quanto
1206 3271 1319 3340 maius
1340 3271 1447 3339 decus
1498 3291 1595 3351 cere,
1620 3268 1751 3338 ludunt
1766 3270 1955 3340 verborum
1971 3270 2124 3358 deliciis,
2150 3297 2190 3346 ac
2212 3275 2474 3377 repacoloyc'nc

472 3390 534 3458 est,
546 3371 784 3469 eloquentiam
802 3373 960 3443 conferre
975 3371 1020 3441 ad
1036 3370 1284 3441 illustrandam
1297 3370 1445 3461 gloriam
1498 3381 1692 3459 quaerunt,
1716 3363 1780 3456 καὶ
1802 3363 1985 3463 θαύματα
2004 3366 2199 3467 ῥημάτων,
2226 3402 2315 3472 quae
2337 3392 2475 3452 mentes

468 3470 634 3558 filiiDei,
658 3473 703 3543 ad
718 3468 895 3544 Ecclesiae
918 3484 952 3542 et
975 3472 1109 3562 patriae
1134 3496 1271 3564 pacem:
1297 3472 1336 3542 in
1365 3473 1447 3566 qui·
1498 3469 1536 3536 in
1558 3470 1795 3541 dubitationes
1819 3487 1853 3543 et
1876 3490 2013 3543 errores
2036 3476 2235 3562 adducunt,
2265 3502 2306 3548 ac
2325 3504 2473 3553 narrare

470 3578 542 3647 bus
561 3574 665 3644 rebus
682 3577 866 3667 praecipue
888 3573 995 3647 totius
1018 3571 1174 3644 Pontani
1201 3596 1324 3645 cursus
1355 3595 1442 3642 con·
1497 3592 1634 3659 possem
1656 3572 1695 3639 in
1718 3573 1848 3666 quibus
1865 3574 2023 3646 materiis
2048 3577 2093 3645 de
2115 3571 2306 3668 sophistica
2330 3603 2472 3672 gemens

475 3686 722 3766 sumptusest,
1497 3683 1640 3763 questus
1663 3673 1722 3746 sit.
2279 3679 2288 3686 “

571 3805 666 3880 Ante
684 3807 903 3880 tricesimum
933 3833 1068 3881 annum
1096 3805 1342 3878 commenticio
1371 3806 1445 3876 soe·
1597 3785 1751 3908 Mabnstfl
1774 3790 1979 3861 Ὑῑῐῑῦῑθθίῦ
1999 3815 2040 3861 ⁰⁰
2056 3807 2090 3863 ⁰1
2105 3788 2172 3862 hae
2187 3795 2352 3878 suerunt,
2377 3802 2481 3895 quod

469 3914 554 3985 dere
570 3907 753 4003 Principes
777 3911 888 3993 moti,
917 3934 1014 3979 arma
1043 3921 1222 4000 ceperunt.
1273 3903 1361 3977 Erat
1383 3929 1447 3998 pa·
1497 3910 1691 4005 ⁰¹P¹¹ss¹¹³¹¹
1720 3913 1758 3958 ὅθ
1779 3891 1928 3982 Pecunia
1952 3917 2134 3986 ”undum
2160 3917 2281 3985 P⁸⁸³¹¹⁵
2303 3912 2374 3981 ⁰³1³
2407 3926 2474 3974 nec

467 4013 569 4084 nicus
591 4025 707 4085 terror
729 4011 914 4081 universae
931 4008 1145 4079 Germaniae
1170 4008 1345 4077 incussus:
1384 4008 1446 4077 sed
1495 3991 1680 4060 flfflb¹li⁰⁵²
1705 4014 1862 4083 unquam
1886 3992 1925 4059 5¹¹
1947 3994 2027 4061 allis
2046 3994 2136 4064 aulis
2159 3997 2296 4089 favores
2317 4023 2473 4092 aucupa·

466 4138 506 4185 re
526 4112 695 4207 inquisita
719 4109 873 4182 Pontani
896 4111 1080 4201 diligentia
1108 4109 1289 4179 exercitus·
1309 4107 1447 4176 dimissi
1496 4103 1554 4159 1⁰⁸
1579 4102 1647 4168 est,
1680 4115 1720 4158 ac
1742 4111 1843 4180 turpe
1865 4092 2066 4162 audivimus
2089 4095 2295 4167 recitantem
2320 4114 2473 4174 veterem

466 4228 569 4302 mm,
599 4229 634 4287 ,ι
663 4213 837 4285 gamunu,
866 4212 971 4282 infigi,
1002 4215 1121 4283 ,edm
1148 4223 1243 4282 ,ung
1299 4206 1444 4277 possem
1495 4210 1652 4257 versum:
1693 4187 1805 4258 Nemo
1844 4203 1960 4280 potest
1993 4193 2147 4264 dominis
2178 4199 2310 4287 pariter
2340 4200 2472 4270 servire

467 4317 573 4410 plura
604 4315 762 4407 exempla
786 4313 994 4383 salutarium
1024 4302 1254 4383 consiliorum
1286 4309 1444 4380 recitare.
1494 4288 1647 4360 du⁰b¹¹⁵·

469 4416 711 4506 Agnoscamus
731 4428 849 4486 autem
870 4412 909 4480 in
929 4413 1036 4483 rebus
1059 4412 1168 4482 tantis
1190 4409 1359 4480 'foelicem
1388 4431 1445 4477 sa·
1588 4400 1695 4475 'Odia
1718 4417 1752 4476 et
1774 4406 2046 4479 obtrectationes
2070 4412 2246 4502 sapienter
2263 4426 2297 4485 et
2313 4414 2472 4485 Fabiano

470 4517 638 4608 pientiam
654 4515 724 4589 Dei
736 4514 946 4587 beneficium
960 4535 1053 4598 esse,
1075 4527 1111 4585 et
1125 4513 1199 4583 D‘eo
1223 4509 1349 4600 gratias
1364 4531 1447 4599 aga·
1496 4530 1595 4578 more
1613 4507 1714 4591 tulit,
1739 4530 1940 4600 quanquam
1957 4532 2031 4578 non
2048 4524 2123 4580 erat
2137 4513 2273 4595 lentus,
2298 4528 2331 4585 et
2346 4540 2474 4609 quere·

470 4640 568 4689 mus,
612 4616 749 4689 Tamen
763 4630 798 4688 et
813 4614 955 4705 organis
971 4610 1038 4683 Dei
1052 4635 1138 4685 sous
1154 4608 1268 4682 honos
1284 4612 1446 4695 debetur,
1495 4611 1602 4682 batur
1615 4608 1667 4677 ira
1679 4609 1882 4698 languelieci
1897 4611 1952 4678 sui
1968 4611 2125 4700 torporis
2146 4613 2249 4685 vires.
2302 4613 2373 4687 Sed
2391 4613 2473 4686 Ma-

471 4735 506 4792 et
519 4743 583 4791 suo
602 4720 680 4790 loco
698 4719 832 4789 dictum
845 4714 1032 4807 Euripidis
1049 4713 1227 4804 congruit:
1253 4711 1446 4802 Praecipua
1496 4711 1645 4801 gistrum
1666 4731 1703 4780 se
1725 4711 1962 4779 moderandae
1991 4711 2084 4796 irae,
2120 4714 2276 4805 primum
2309 4709 2473 4787 habuisse

470 4821 574 4890 lande
590 4821 702 4892 civem
718 4819 866 4908 dignum
880 4840 966 4901 esse,
981 4838 1057 4884 non
1072 4816 1134 4909 qui
1151 4813 1188 4881 in
1204 4812 1352 4883 ludicris
1366 4835 1447 4904 spe·
1497 4813 1633 4883 Ducem
1656 4809 1830 4880 Senoniae
1853 4808 2076 4883 Fridericnm
2098 4815 2276 4888 narrabat,
2327 4812 2475 4888 Dicebat

476 4921 618 4990 ctacolis
632 4920 831 4993 antecellit:
854 4912 948 4990 dallei
964 4910 1088 5010 μάχας
1100 4906 1258 4988 κωλύων
1272 4906 1383 5010 λόγῳ.
1498 4913 1582 4983 item
1599 4911 1696 4980 nolle
1711 4933 1748 4980 se
1763 4911 2018 5000 precationem,
2044 4925 2079 4983 et
2092 4914 2179 4983 alias
2193 4938 2249 4984 res
2265 4916 2475 4987 necessarias

576 5050 666 5122 Nolo
682 5066 798 5125 antem
812 5052 961 5123 vulnera
976 5061 1098 5119 nostra
1121 5058 1338 5116 contrectare
1352 5067 1449 5113 com·
1497 5013 1672 5082 lfflmem
1695 5011 1817 5080 fream
1844 5013 2028 5102 ‘upldst‘fi
2055 5013 2252 5130 anflfflaffi
2293 5016 2478 5109 impedire·

471 5130 729 5224 memoratione
748 5153 854 5240 belli,
878 5153 973 5247 qnod
996 5173 1091 5221 anno
1116 5146 1179 5217 46.
1204 5157 1363 5215 secutum
1386 5156 1449 5216 est.
1498 5136 1539 5181 ³⁰
1563 5133 1664 5199 ⁸²¹‘3Pe
1686 5110 1866 5199 repetebat
1888 5135 2009 5181 V⁰⁶⁰¹¹¹
2033 5107 2185 5182 Chfflllt
2207 5110 2342 5189 Discite
2364 5142 2385 5188 a
2405 5139 2476 5200 me,

470 5253 631 5326 Tantum
651 5248 720 5324 boc
741 5253 876 5340 dicam,
909 5254 1005 5346 quod
1025 5251 1097 5321 scio
1122 5270 1203 5318 eum

469 5357 567 5428 tione
581 5356 643 5427 illa
660 5353 807 5426 dixisse:
830 5354 1005 5427 Comitem
1019 5375 1056 5422 se
1068 5353 1233 5422 fortunae
1241 5344 1450 5436 Principum
1600 5337 1801 5410 Domestica
1815 5341 1887 5412 vita
1900 5354 1991 5412 casta
2006 5355 2039 5414 et
2055 5342 2172 5414 sobria
2188 5345 2266 5418 init.
2316 5345 2477 5439 Cumque

470 5457 564 5543 iore,
590 5457 846 5552 qualiscunque
860 5469 1006 5528 eventus
1021 5465 1120 5523 esset.
1160 5448 1255 5519 Belli
1270 5468 1450 5517 suasorem
1500 5454 1602 5536 pater
1622 5441 1656 5512 ei
1680 5441 1833 5532 amplam
1858 5438 2111 5516 haereditatem
2133 5447 2334 5539 reliquerit,
2367 5447 2478 5536 magis

471 5582 545 5628 non
568 5559 656 5634 iore.
707 5555 762 5629 Ac
781 5559 811 5629 si
832 5559 913 5651 quis
936 5555 1045 5626 multa
1071 5552 1229 5642 disputat
1249 5550 1295 5618 de
1310 5569 1451 5640 praece·
1500 5568 1577 5614 eam
1590 5542 1792 5632 frugalitate
1807 5543 1922 5630 auxit,
1946 5568 2052 5638 quam
2064 5546 2270 5639 stipendiis,
2295 5548 2379 5617 inde
2404 5548 2477 5618 scio

473 5652 641 5730 dentibus
661 5660 928 5739 occasionibus,
953 5656 984 5723 is
1007 5652 1135 5738 cogitet
1154 5657 1224 5720 'nos
1239 5650 1311 5718 iam
1327 5651 1371 5718 de
1386 5642 1453 5715 ho·
1501 5667 1603 5736 saepe
1619 5667 1698 5713 eum
1709 5644 1879 5715 mediocri
1890 5647 2039 5736 pecunia
2051 5647 2128 5715 sine
2141 5647 2376 5715 ostentatione
2389 5671 2480 5739 pan·

471 5760 632 5831 minibus
647 5760 760 5854 loqui,
786 5758 826 5824 in
844 5756 974 5848 quibus
987 5752 1172 5842 multiplex
1188 5763 1240 5821 est
1255 5747 1453 5821 infirmitas.
1502 5746 1647 5839 peribus
1659 5768 1762 5838 opem
1775 5745 1910 5818 tulisse.
1961 5744 2131 5836 Quotidie
2150 5742 2286 5835 aliquid
2307 5748 2479 5842 temporis

472 5858 551 5931 lmo
567 5859 699 5950 cinguli
714 5857 910 5950 cogitemus
924 5863 1046 5926 nonra
1061 5850 1149 5925 vitia
1170 5872 1301 5943 poenes
1314 5848 1454 5936 mereri,
1504 5870 1625 5921 sacrae
1649 5845 1793 5920 lectioni
1801 5857 1853 6018 2οέ
1867 5844 2067 5995 precationi
2086 5841 2222 5921 tribuit.
2272 5840 2323 5920 Et
2346 5847 2387 5920 in
2414 5845 2480 5922 tm

1217 5247 1255 5315 gn
1275 5244 1450 5314 delibem,
1499 5212 1582 5306 quia
1598 5208 1694 5279 mitis
1709 5230 1807 5294 sum,
1832 5222 1866 5281 et
1886 5206 2031 5282 humilis
2046 5214 2166 5282 corde.
