6025 6775
494 737 595 812 1069
1051 734 1081 811 l.
1130 727 1423 808 CHRONICON
1448 724 1696 802 CARlONlS.
1732 729 1873 806 PARS
1898 730 1946 810 Il.
2404 743 2501 818 1070

493 909 606 978 decim
622 903 985 979 milliaRomanorum
1003 900 1472 990 militum‚seuducisCom-
1522 898 1563 966 in
1585 900 1790 972 suburbano
1814 919 1961 976 coronat
1982 903 2184 978 Patriarcha
2208 899 2411 1004 Cyriacus,
2444 917 2502 985 in-

492 1008 655 1079 mentioli
676 1003 826 1077 Thracis
852 1006 1014 1098 perfidia,
1048 1030 1109 1076 seu
1129 1007 1200 1074 alio
1225 1028 1317 1076 casu.
1370 1002 1411 1072 ln
1433 1026 1473 1074 ea
1524 1021 1680 1087 gressum
1703 1000 1743 1070 in
1761 1006 1885 1074 urbem
1910 1008 2061 1098 populus
2084 1009 2220 1101 recipit.
2277 1008 2325 1082 Et
2353 1018 2435 1106 quia
2455 1020 2500 1086 ad

491 1133 578 1179 vero
608 1109 831 1199 expeditione
858 1106 1020 1196 Caganus
1049 1107 1179 1196 templa
1211 1105 1407 1187 deleverat,
1439 1118 1472 1172 et
1522 1095 1779 1172 Chalcedonam
1798 1104 1994 1178 Mauricius
2016 1123 2175 1198 aegmtus
2192 1135 2271 1181 eum
2296 1116 2444 1205 coniuge
2466 1131 2500 1187 et

493 1233 570 1280 ossa
587 1224 781 1302 martyrum
805 1231 845 1275 ex
869 1207 1109 1277 monumentis
1134 1207 1291 1274 eiecerat.
1345 1203 1470 1275 Secuta
1519 1201 1637 1291 parvis
1654 1203 1734 1273 liliis
1755 1219 1786 1274 et
1803 1207 1941 1278 filiabus
1963 1210 2116 1297 fugerat,
2136 1214 2237 1305 sequi
2261 1237 2340 1282 eum
2358 1213 2496 1286 Phocoe

494 1311 603 1399 igitur
617 1308 832 1400 pestilentia,
859 1309 895 1375 in
911 1333 979 1401 qua
995 1322 1126 1397 septem
1141 1307 1233 1374 filios
1246 1329 1317 1374 uno
1331 1306 1388 1374 die
1402 1307 1470 1380 Ca·
1522 1299 1716 1394 Tyrannus
1744 1307 1854 1379 iussit.
1927 1308 2088 1403 Suntque
2118 1310 2156 1379 in
2188 1327 2292 1402 portu
2324 1329 2498 1404 spectante

493 1435 605 1498 ganus
636 1409 770 1492 amisit,
803 1409 948 1476 domum
979 1408 1094 1477 redire
1122 1421 1299 1500 properat.
1351 1405 1471 1490 Quare
1493 1433 1498 1444 ·
1522 1397 1639 1471 Phoca
1653 1405 1806 1494 primum
1829 1412 1899 1478 duo
1916 1411 2072 1481 iuniores
2094 1412 2157 1480 filii
2182 1413 2347 1484 Mauricii
2372 1418 2498 1502 necati,

492 1511 645 1584 ostendit
678 1532 777 1601 posse
804 1507 931 1576 redimi
956 1523 990 1578 et
1018 1509 1193 1600 captivos,
1228 1531 1291 1596 pro
1323 1507 1471 1600 singulis
1522 1501 1650 1570 deinde
1667 1519 1736 1575 tres
1753 1507 1863 1592 filiae,
1889 1525 1967 1599 post
1983 1507 2045 1582 has
2061 1512 2409 1584 materConstantina
2425 1517 2497 1587 filia

492 1635 605 1682 unum
631 1632 776 1678 aureum
799 1609 895 1698 petit.
954 1609 1064 1698 Negat
1085 1608 1282 1680 Mauricius
1301 1632 1362 1679 seu
1388 1632 1469 1676 ava.
1522 1601 1605 1668 boui
1640 1607 1808 1696 principis
1838 1609 1988 1685 Tiberii.
2056 1615 2279 1704 spectaverat
2301 1614 2497 1687 Mauricius

490 1712 590 1788 ricia,
617 1722 657 1779 ut
673 1709 849 1794 scribitur,
873 1732 934 1779 seu
950 1711 1141 1800 pertinacia
1155 1733 1191 1780 se
1207 1711 1468 1800 redempturum
1522 1701 1674 1770 fiiiOtum
1697 1718 1729 1773 11
1753 1707 1904 1778 filiorum
1928 1735 2029 1782 111111
2053 1717 2214 1785 mirando
2244 1717 2404 1800 ⁸iie¹¹50s
2436 1721 2494 1787 sed

495 1834 568 1881 esse
584 1811 752 1901 captivos.
805 1808 918 1881 Iratus
933 1812 1040 1900 igitur
1051 1810 1210 1900 Cagauus
1224 1833 1346 1879 omnes
1361 1810 1470 1879 truci·
1521 1827 1600 1871 cum
1621 1804 1717 1874 videt
1747 1821 1899 1877 sanctam
1924 1815 2108 1902 coniugem
2132 1818 2237 1884 etiam
2264 1817 2380 1900 feriri,
2407 1814 2496 1888 hanc

492 1910 696 1984 dariiussia,
747 1910 886 1980 Horum
903 1913 1162 1982 interimetur„
1184 1910 1468 1998 magnumdolo.
1521 1903 1631 1973 edidit
1661 1906 1915 1977 confessionem
1947 1937 2091 1985 suorum
2113 1918 2334 1987 delictorum:
2368 1914 2497 1988 Iustus

492 2036 566 2082 rem
583 2013 704 2081 multis
720 2012 879 2096 afferret,
905 2027 1001 2082 ortae
1015 2027 1098 2083 sunt
1113 2014 1151 2083 in
1169 2013 1313 2103 reliquis
1337 2012 1469 2080 exerci-
1521 2026 1556 2072 11
1572 1999 1753 2086 Domine,
1789 2017 1819 2074 ti
1843 2019 1974 2078 11111111
1996 2023 2047 2081 esi
2069 2011 2243 2086 iodicium
2267 2027 2379 2088 tuum.
2426 2020 2496 2089 Po-

493 2114 589 2182 tibus
603 2113 812 2198 seditiones,
838 2114 1041 2202 praesertim
1066 2115 1148 2206 quia
1171 2127 1205 2182 et
1223 2111 1346 2182 Petrus
1362 2114 1471 2182 frater
1521 2119 1591 2175 stea
1608 2120 1641 2176 ct
1655 2107 1721 2197 ipsi
1738 2108 1913 2179 Mauricio
1930 2127 2033 2203 caput
2049 2121 2241 2204 praecisum
2270 2133 2332 2192 est.
2381 2117 2497 2190 Cada-

492 2211 662 2283 Mauricii
692 2218 762 2283 dux
794 2215 967 2302 stipendia
990 2215 1136 2302 indigne
1156 2215 1348 2303 pendebat,
1374 2228 1409 2284 et
1431 2214 1468 2280 in
1521 2208 2057 2294 11111111110111111111111111,
2084 2230 2123 2286 111
2138 2241 2156 2284 1
2171 2221 2303 2309 populo
2318 2223 2496 2311 conspice-

493 2327 631 2383 tantum
655 2317 775 2384 odium
796 2316 893 2383 venit
916 2312 1130 2396 Mauricius,
1163 2329 1201 2383 ut
1223 2315 1260 2381 in
1283 2316 1339 2383 die
1360 2315 1467 2384 natali
1521 2321 1660 2393 rentur,
1694 2336 1783 2402 quae
1821 2313 1950 2382 deinde
1982 2316 2027 2384 oh
2073 2313 2237 2385 eunucho
2271 2325 2423 2410 quodam
2458 2323 2496 2389 in

493 2410 627 2483 Christi
660 2415 862 2504 ingrediens
888 2414 926 2481 in
960 2416 1128 2506 templum
1169 2439 1256 2503 pene
1292 2414 1469 2507 lapidibus
1521 2411 1650 2500 templo
1667 2412 1798 2502 sepulta
1815 2428 1908 2486 sunt.
1960 2413 2074 2484 Filius
2089 2413 2313 2488 Theodosius
2329 2423 2497 2509 praemis-

492 2516 638 2584 obrutus
666 2517 724 2585 sit.
777 2513 850 2584 Nec
879 2527 1016 2584 tantum
1042 2518 1320 2586 benevolentiam
1346 2518 1467 2608 populi
1520 2533 1578 2578 sus
1596 2525 1701 2580 erata
1719 2527 1837 2602 patre,
1862 2528 1902 2583 ut
1917 2518 1960 2582 ad
1976 2513 2269 2607 Persassugeret,
2296 2514 2390 2589 hunc
2407 2546 2497 2612 quo-

492 2616 532 2682 in
549 2615 843 2686 adversatortuna
860 2616 987 2701 amisit,
1012 2620 1070 2685 sed
1088 2618 1468 2707 etiamvirtuslangue-
1520 2635 1653 2704 1111111
1682 2613 1764 2700 iugo
1797 2614 2146 2689 111111111111Ρ110111
2182 2621 2349 2690 trucidari
2385 2623 2496 2691 iussit·

491 2716 581 2783 facta
598 2726 659 2797 est,
685 2727 719 2783 et
734 2714 837 2784 multi
855 2740 992 2786 errores
1005 2720 1234 2788 consiliorum
1250 2721 1359 2789 secuti
1377 2732 1469 2801 sunt,
1521 2711 1606 2779 Mox
1624 2712 1796 2783 interfecti
1812 2729 1943 2784 11111111
1959 2714 2160 2788 Germanus
2176 2743 2275 2790 socer
2291 2716 2499 2805 Theodosii,

492 2815 581 2884 sicut
601 2814 746 2884 dicitur:
772 2811 888 2905 Aeger
909 2820 1049 2889 animus
1069 2844 1206 2912 semper
1225 2835 1330 2891 errat.
1382 2814 1469 2888 Phi-
1520 2825 1555 2880 et
1577 2812 1757 2897 filioeius,
1784 2811 1978 2884 Theodosii
2004 2819 2169 2887 coniunx.
2220 2817 2279 2890 Ab
2299 2816 2355 2889 his
2380 2825 2498 2892 decem

493 2914 662 3006 lippicum
682 2919 826 3002 ducem,
853 2920 910 2989 eui
935 2936 1043 3011 nupta
1068 2937 1141 2991 erat
1166 2920 1333 2990 Mauricii
1358 2943 1469 3002 soror,
1521 2912 1675 3001 cognatis
1706 2917 1914 3006 corporibus
1938 2917 2080 2987 initium
2107 2914 2304 2988 horrendae
2331 2922 2499 2992 saevitiae

491 3015 635 3087 inclusit
651 3017 689 3087 in
706 3041 898 3105 carcerem,
922 3023 1011 3092 falso
1034 3023 1213 3112 suspicans
1228 3045 1307 3092 eum
1323 3043 1469 3110 regnum
1521 3015 1648 3083 factum
1676 3029 1744 3098 est,
1770 3041 1859 3109 quae
1875 3032 1991 3106 postea
2009 3018 2114 3089 latius
2125 3035 2275 3108 grassata
2291 3035 2342 3091 est
2357 3023 2394 3088 in
2410 3025 2499 3090 ami-

493 3129 665 3207 appetere.
717 3117 917 3192 Germanus
931 3123 988 3191 cui
1006 3137 1116 3214 nupta
1138 3137 1212 3194 erat
1227 3146 1328 3192 soror
1350 3121 1471 3193 uxoris
1522 3138 1580 3184 cos
1610 3112 1787 3185 Mauricii.
1833 3116 1928 3188 Haec
1947 3121 2166 3190 tantaruina
2190 3121 2496 3191 nobilissimacfa-

495 3216 683 3304 Mauricii,
715 3243 795 3289 cum
819 3244 899 3289 eum
925 3218 1162 3312 prehensurus
1188 3237 1293 3308 esset,
1319 3224 1409 3312 fugit
1431 3223 1470 3291 in
1525 3215 1640 3286 miliae
1659 3217 1766 3305 digna
1800 3233 1851 3288 est
1885 3219 2180 3296 consideratione.

495 3319 681 3411 templum:
724 3321 817 3390 filius
849 3317 1089 3407 Theodosius,
1122 3326 1178 3395 cui
1202 3323 1373 3396 Germani
1398 3324 1469 3394 filia
1623 3347 1780 3423 Etsifup
1803 3353 2031 3427 inMaurpcio
2054 3358 2182 3429 virtus,
2209 3371 2326 3428 umen
2349 3359 2404 3429 ,ep
2429 3361 2500 3430 pm„

495 3435 604 3514 ”⁰9²³
634 3435 729 3507 ΕΜ,
763 3446 883 3492 ⁶³⁰⁵¹¹³
912 3438 963 3495 ⁸⁵l
990 3426 1160 3506 f¹¹³iibl¹⁸2
1185 3427 1269 3519 (1¹¹ia
1291 3441 1390 3515 {²³¹¹er
1411 3448 1471 3495 ⁸¹¹·
1524 3453 1651 3521 cundia
1684 3454 1739 3522 vel
1769 3458 1958 3545 pertinacia
1992 3459 2167 3550 peccavit,
2199 3485 2277 3529 cum
2313 3462 2501 3531 exercitum

496 3523 697 3612 spicabatur
725 3548 806 3594 eum
835 3525 1004 3595 adiuvare
1041 3525 1188 3597 consilia
1218 3548 1318 3595 socer
1350 3538 1472 3595 contra
1525 3577 1597 3621 „on
1614 3554 1779 3639 redemit,

492 3621 621 3710 ipsum.
1525 3657 1583 3721 nia
1601 3649 1777 3724 humanae
1793 3658 2001 3732 infirmitati.
2054 3659 2172 3730 Poena
2187 3661 2295 3750 igitur
2312 3662 2421 3753 ipsius
2436 3683 2502 3731 nos

599 3736 701 3809 Talia
736 3744 891 3833 exempla
923 3766 988 3812 nos
1014 3746 1059 3814 de
1085 3743 1288 3812 infirmitate
1318 3737 1472 3810 bomona
1525 3754 1635 3825 deira
1651 3752 1719 3825 Dei
1735 3758 1942 3841 admoneat,
1967 3774 2008 3831 ut
2022 3762 2130 3831 simus
2153 3763 2325 3843 modesti,
2349 3777 2384 3833 et
2402 3762 2503 3830 viva·

499 3841 831 3927 commonefaciant,
857 3868 947 3937 quae
963 3847 1153 3915 ostendunt
1167 3868 1241 3913 non
1268 3843 1383 3912 solum
1400 3844 1470 3911 for·
1526 3879 1603 3926 mus
1620 3857 1657 3924 in
1675 3858 1802 3928 timore
1817 3856 1884 3929 Dei
1913 3874 1947 3930 et
1967 3861 2004 3930 in
2026 3862 2261 3934 invocatione,

499 3952 622 4010 tunam
649 3944 799 4026 mutari,
833 3948 892 4014 sed
919 3948 1015 4037 quod
1046 3946 1159 4016 multo
1183 3944 1317 4015 tristius
1342 3956 1411 4023 est,
1436 3944 1473 4011 in

498 4040 635 4130 magnis
649 4043 735 4113 viris
750 4044 906 4136 extingui
920 4048 1127 4138 sapientiam
1143 4060 1180 4117 et
1195 4047 1372 4116 virtutem.

1804 3571 2071 3630 ctaccesserunt
2091 3561 2159 3630 alia
2182 3575 2322 3652 peccata
2344 3586 2503 3631 commu-

1627 3989 1743 4061 Simul
1758 4003 1874 4059 autem
1889 4003 1922 4058 et
1939 3992 2143 4079 magnitudo
2158 3992 2396 4081 poenitentiae
2416 4018 2505 4063 con·

1527 4092 1721 4179 sideretnr,
1747 4112 1852 4181 quam
1871 4091 2021 4178 optarim
2043 4092 2153 4180 magis
2168 4093 2348 4183 perspicue
2372 4095 2505 4163 descri-

601 4188 788 4267 Auxerunt
822 4198 1121 4268 consternationes
1146 4194 1312 4267 Mauricii
1339 4208 1373 4263 et
1392 4217 1475 4285 pro-
1527 4204 1622 4283 ptam
1656 4212 1728 4259 esse
1756 4190 1917 4279 pluribus
1947 4190 2157 4262 testimoniis
2183 4194 2415 4264 invocationis
2436 4190 2504 4271 Dei

503 4289 597 4378 digia
619 4296 818 4365 etsomnia:
842 4294 1056 4389 Conspectus
1078 4312 1130 4368 est
1150 4309 1284 4367 cometa
1306 4290 1475 4385 Xiphias:
1529 4291 1692 4364 recitatis.
1744 4290 1813 4361 Sed
1845 4286 1931 4361 haec
1961 4317 2119 4383 expressa
2148 4296 2320 4363 confessio
2342 4298 2381 4363 in
2404 4307 2504 4365 tanto

504 4387 667 4463 Accurrit
689 4393 882 4467 monachus
898 4399 1041 4490 quidam
1067 4397 1187 4469 stricto
1210 4397 1327 4486 gladio
1344 4397 1389 4465 ad
1406 4410 1475 4466 sta·
1529 4394 1651 4462 dolore
1664 4418 1672 4459 ε
1683 4398 1686 4405 ’
1699 4390 1816 4462 Iustus
1835 4416 1870 4461 es
1886 4390 2040 4462 Domine
2055 4410 2129 4479 etc,
2146 4396 2272 4465 similis
2295 4410 2346 4464 est
2368 4394 2506 4464 confes-

503 4500 601 4559 tuam
626 4492 863 4584 imperatoris,
888 4497 1090 4584 clamitans,
1114 4500 1360 4591 imperatorem
1382 4498 1476 4567 ferro
1529 4492 1803 4563 sioniDauiiilis:
1829 4487 1922 4561 Tibi
1934 4489 2096 4563 Domine
2117 4494 2287 4581 iusticia,
2315 4492 2420 4565 nobis
2434 4518 2505 4563 au-

503 4590 701 4683 periturum
716 4620 807 4668 esse:
835 4596 912 4685 lpse
927 4600 1128 4685 somniavit,
1152 4624 1189 4669 se
1205 4599 1294 4669 tradi
1312 4599 1475 4686 iugulan-
1529 4604 1597 4663 tem
1624 4592 1792 4691 confusio
1807 4592 1931 4691 faciei
1954 4611 2014 4670 etc.
2056 4595 2237 4687 Significat
2258 4620 2331 4666 non
2356 4596 2507 4667 defuisse

505 4693 591 4760 dum
614 4715 678 4761 suo
691 4696 797 4767 militi
813 4692 970 4773 Phocoe.
1022 4699 1142 4788 Quare
1163 4696 1404 4791 Philippicum
1436 4722 1476 4767 ex
1531 4720 1646 4765 veram
1663 4696 1767 4765 fidem
1784 4712 1817 4766 et
1833 4697 2107 4767 invocationem.
2159 4698 2404 4786 Adiungamus
2423 4718 2506 4785 ergo

504 4816 642 4862 carcere
676 4797 840 4867 eductum
868 4801 1080 4893 interrogat,
1111 4802 1225 4897 qualis
1249 4802 1295 4871 sit
1320 4795 1479 4869 Phocea?
1530 4794 1597 4867 hoc
1610 4798 1748 4887 insigne
1764 4798 1959 4889 exemplum
1969 4803 2011 4869 ad
2022 4793 2108 4869 hoec
2123 4799 2232 4871 dicta:
2257 4796 2508 4868 Humiliamini

504 4890 727 4986 Respondet,
761 4905 1000 4973 centurionem
1032 4903 1255 4974 ambitiosum
1292 4923 1385 4985 esse,
1417 4902 1478 4971 sed
1530 4900 1596 4969 suh
1610 4897 1745 4989 potenti
1761 4922 1868 4970 manu
1883 4896 1960 4968 Dei.

503 4994 679 5069 timidum.
748 4994 863 5070 Addit
898 5005 1008 5096 igitur
1046 5003 1242 5075 Mauricius
1272 4998 1342 5073 hoc
1380 5013 1481 5071 vetus
1632 5032 1738 5101 ptem:
1774 5031 1866 5099 vivo
1897 5056 1980 5120 ego,
2012 5029 2105 5102 Nolo
2135 5043 2284 5102 mortem
2309 5031 2508 5125 peccatoris,

503 5094 656 5166 dictum:
683 5097 723 5169 Si
742 5098 889 5170 timidus
901 5118 967 5189 est,
992 5102 1168 5177 homicida
1184 5118 1253 5191 est,
1274 5117 1314 5174 ut
1330 5114 1480 5175 vetustas
1532 5134 1592 5202 sed
1609 5146 1649 5202 u,
1667 5144 1894 5201 convertatur
1910 5145 1943 5201 et
1965 5133 2071 5202 vivat·

503 5197 609 5268 dum
636 5224 712 5271 w
734 5196 1039 5359 ‘iifflwmms‘
1230 5340 1239 5357 .
1382 5339 1392 5358 .
1636 5263 1740 5334 Item:
1768 5262 1893 5335 Gratis
1914 5268 2082 5335 exuberat
2097 5264 2398 5358 suprs'dettctum.

605 5330 768 5429 Cumque
785 5360 874 5405 varn
889 5352 1004 5407 essent
1015 5364 1054 5409 m
1069 5342 1156 5412 urbe
1172 5354 1206 5410 et
1228 5364 1266 5407 m
1289 5352 1482 5411 131111111-

506 5434 661 5517 multus,
685 5438 816 5508 milites
841 5440 884 5507 „d
910 5438 1040 5506 Istrum
1055 5441 1306 5513 centurionem
1327 5436 1481 5510 Phocam
1572 5503 1582 5521 ι
1612 5397 1738 5520 ⁸ltem:
1767 5395 1897 5517 Omnis
1929 5426 1991 5494 qur
2024 5416 2242 5472 invocaverat
2280 5421 2409 5467 nomen
2434 5396 2509 5469 Do·

505 5532 623 5603 virum
638 5533 834 5609 Thracium
850 5537 1027 5609 sublatum
1048 5540 1085 5608 in
1102 5544 1261 5635 elypeum
1277 5541 1400 5612 iubent
1415 5544 1482 5610 im·
1534 5526 1643 5587 '⁰¹⁰¹‘
1669 5504 1784 5572 ”lim
1808 5515 1885 5572 ⁰¹¹¹·

508 5648 704 5722 peratorem
727 5664 747 5708 a
770 5654 844 5711 toto
871 5639 1026 5710 exercitu
1056 5641 1242 5712 nominari.
1305 5640 1374 5712 llic
1404 5666 1483 5713 cum
1637 5631 1708 5704 Nee
1730 5658 1812 5704 vero
1834 5634 1947 5703 multo
1972 5648 2051 5725 post
2073 5647 2106 5704 et
2121 5625 2256 5699 Phocas
2277 5640 2311 5697 et
2326 5628 2380 5695 illi
2403 5631 2510 5699 scale.

506 5735 631 5807 turbae
654 5740 821 5810 militaris
843 5738 1153 5811 acclamationibus
1174 5743 1375 5815 nominatus
1397 5756 1483 5815 esset
1536 5737 1603 5807 rati
1619 5736 1789 5807 exercitus
1804 5735 1921 5825 puniti
1936 5749 2037 5819 sunt,
2061 5745 2101 5800 ut
2125 5750 2204 5797 mox
2227 5729 2372 5799 dicetur.

507 5832 718 5928 imperator,
749 5856 914 5937 properat
934 5838 1287 5931 Constantinopolin,
1317 5845 1380 5917 ubi
1405 5868 1484 5919 eum
1875 5934 1924 6005 68
1938 5926 1958 5964 ι,
