6025 6775
1066 622 1218 703 555

1082 905 1379 975 Melanth.
1443 900 1826 976 Vitebergae.
1881 887 2073 953 1549.
2092 876 2125 904 '⁹
2187 882 2425 963 (habita
2489 902 2649 943 anno
2697 879 2886 947 1549.
2937 877 3058 944 Se-

1580 999 1785 1061 :nestri
1814 987 2119 1074 hyberno)
2167 983 2241 1064 (1
2270 985 2386 1049 fol.
2442 979 2539 1071 8.)

1678 1180 1812 1257 De
1863 1202 2056 1253 anno
2110 1173 2461 1251 Iubilaei.

1046 1333 1472 1454 -Singtxlari
1523 1348 1820 1423 consilio
1846 1341 2040 1418 Deus
2088 1358 2402 1434 tempora
2444 1333 2808 1419 distinxit,
2862 1328 3063 1402 ordi-

1088 1465 1294 1541 navit
1324 1462 1511 1541 dies,
1558 1473 1871 1534 menses,
1918 1467 2183 1525 annos,
2236 1456 2307 1515 et
2346 1440 2568 1512 multa
2612 1434 2961 1508 mensium
2995 1442 3066 1501 et

1088 1584 1443 1642 annorum
1475 1554 1908 1629 discrimina,
1961 1547 2128 1642 quia
2163 1545 2316 1615 vult
2344 1539 2651 1631 intelligi
2685 1535 3063 1608 discrimen

1088 1671 1278 1742 inter
1311 1657 1794 1732 aeternitatem
1827 1664 1895 1722 et
1929 1644 2145 1719 huius
2175 1644 2429 1716 mundi
2461 1659 2798 1733 tempora.
2889 1632 3070 1705 vult

1092 1768 1262 1844 sciri
1308 1760 1502 1835 hunc
1551 1757 1898 1829 mundum
1948 1748 2316 1819 liberrimo
2358 1743 2657 1816 consilio
2700 1736 3068 1811 conditum

1096 1894 1276 1948 esse,
1329 1887 1460 1933 nec
1509 1881 1783 1950 semper
1825 1852 2081 1931 fuisse,
2134 1850 2291 1920 vult
2338 1847 2415 1917 in
2453 1841 2770 1916 Ecclesia
2818 1851 3063 1954 notam

1094 1996 1239 2043 esse
1275 1969 1525 2039 seriem
1559 1979 1936 2039 annorum,
1975 1967 2056 2024 ut
2087 1952 2388 2023 sciamus
2417 1971 2558 2043 quo
2595 1943 2869 2027 ordine,
2905 1962 3068 2033 qut·

1096 2076 1237 2146 bns
1265 2067 1496 2139 modis
1531 2086 1601 2133 se
1655 2054 2093 2153 patefecerit,
2142 2064 2211 2122 et
2259 2049 2800 2142 promissiones,
2843 2065 2926 2112 ac
2965 2039 3070 2108 le-

1101 2198 1258 2267 gem
1297 2165 1643 2248 ediderit,
1695 2174 1764 2232 et
1805 2158 2092 2253 quando
2122 2165 2465 2223 venturus
2504 2148 2720 2221 fuerit
2752 2140 3074 2225 Messias,

1097 2291 1182 2349 ut
1211 2277 1408 2343 fieret
1443 2266 1729 2337 victima
1747 2269 1781 2347 ,‘
1818 2273 1886 2331 et
1934 2252 2116 2352 quae
2162 2254 2250 2326 sit
2281 2253 2533 2324 ultima
2562 2263 2751 2322 aetas
2777 2266 3075 2335 genera-

1098 2376 1317 2450 tionis
1362 2366 1750 2445 humanae‚
1817 2359 2189 2453 postquam
2229 2354 2421 2426 filius
2452 2352 2596 2425 Dei
2639 2351 2716 2419 in
2757 2342 3074 2419 Ecclesia

1099 2474 1508 2549 resuscitata
1536 2457 2008 2555 triumphabit
2040 2472 2169 2530 etc.

1304 2612 1378 2683 2.
1432 2603 1539 2679 Ac
1567 2606 1755 2673 inter
1787 2597 1924 2668 alia
1951 2592 2175 2664 multa
2207 2603 2608 2682 temporum
2639 2581 3078 2661 discrimina,

1108 2709 1506 2785 observatio
1539 2704 1711 2776 anni
1745 2693 2311 2794 quinquagesimi
2342 2691 2550 2762 valde
2593 2684 2890 2758 illustris
2916 2683 3077 2764 fuit,

1105 2838 1317 2910 quem
1346 2831 1611 2881 annum
1644 2800 1941 2875 Iubilaei
1972 2795 2372 2879 nominant,
2414 2790 2585 2887 quia
2615 2788 2705 2858 ad
2735 2785 3078 2875 colligen-

1106 2922 1239 2989 dos
1284 2933 1546 2989 annos,
1599 2919 1670 2976 et
1714 2898 2155 2973 centenarios
2193 2892 2635 2978 commodior
2675 2886 3077 2959 numeratio

1107 3030 1212 3089 est
1240 3038 1368 3109 per
1398 3004 2078 3106 quinquagesimum,
2117 3011 2186 3068 et
2218 2997 2309 3065 ad
2337 2990 2750 3067 memoriam
2781 2986 3081 3073 firmior,

1113 3141 1325 3214 qnam
1359 3115 1540 3185 aliae
1572 3121 1803 3202 partes
1838 3099 2250 3176 centenarii.

1314 3249 1386 3320 3.
1453 3242 1649 3314 Haec
1694 3236 2056 3312 doctrinae
2104 3253 2310 3303 causa
2358 3221 2848 3321 principaliter
2874 3219 3081 3293 insti·

1107 3368 1257 3426 tuta
1277 3362 1464 3431 sunt,
1495 3359 1571 3417 ut
1600 3339 1996 3414 numeratio
2022 3349 2420 3426 temporum
2448 3324 2666 3416 magis
2685 3321 2759 3396 in
2785 3346 3081 3417 conspe-
3136 3385 3139 3394 ff
3364 3409 3384 3428 .

3126 3451 3129 3458 „
3182 3413 3319 3483 bus
3360 3430 3740 3501 impressae
3783 3422 3950 3482 sunt
4008 3409 4286 3480 illustre
4343 3409 4868 3496 testimonium,
4951 3415 5146 3504 quod

1110 3473 1232 3526 ctu
1263 3464 1462 3529 esset,
1501 3458 1794 3540 propter
1827 3461 2067 3510 causas
2097 3457 2269 3528 quas
2298 3429 2608 3504 recitavi.
2694 3425 2972 3499 Deinde
3001 3438 3086 3497 ut

1111 3573 1347 3626 annus
1382 3561 1561 3621 esset
1589 3541 1914 3633 insignis,
1963 3535 2203 3607 addita
2234 3547 2399 3606 sunt
2434 3552 2686 3621 magna
2718 3525 3086 3614 beneficia,

1111 3655 1318 3727 utilia
1352 3652 1441 3724 ad
1473 3643 2077 3720 conservationem
2115 3637 2312 3708 illius
2345 3633 2680 3705 honestae
2707 3628 3020 3723 politiae.

1319 3789 1396 3857 4.
1481 3780 1868 3854 Tollantur
1906 3771 2430 3866 superstitiosae
2477 3766 2888 3858 opiniones,
2953 3787 3086 3833 nec

1116 3894 1307 3964 enim
1331 3886 1466 3959 fuit
1494 3884 1658 3955 finis
1688 3881 1885 3951 illius
1914 3871 2432 3955 observationis
2474 3866 2955 3949 immediatus,
3003 3876 3085 3936 ut
3142 3926 3143 3931 ,

1111 3997 1190 4064 id
1238 4014 1415 4083 opus
1462 3984 1982 4058 existimaretur
2024 3999 2171 4047 esse
2219 3972 2488 4054 cultus,
2539 3971 2660 4040 sed
2706 3980 2788 4040 ut
2816 3967 3084 4039 dictum

1115 4112 1242 4180 est,
1275 4095 1452 4163 ritus
1488 4088 1818 4181 proderat
1851 4084 1936 4152 ad
1968 4078 2327 4150 docendos
2357 4070 2681 4145 homines
2716 4072 2802 4142 de
2832 4068 3088 4140 mundi

1113 4195 1581 4288 temporibus,
1621 4188 1801 4258 sicut
1831 4182 2104 4257 Romae
2142 4178 2294 4251 ludi
2324 4176 2671 4248 seculares
2699 4185 2898 4244 erant
2930 4195 3088 4241 mo-

1111 4312 1535 4372 numentum
1569 4309 1925 4363 annorum
1968 4309 2009 4356 a
2036 4282 2318 4354 condita
2349 4280 2552 4350 urbe.

1117 4642 1248 4702 na,
1299 4618 1491 4709 quod
1541 4615 1620 4683 in
1669 4609 1987 4704 qualibet
2027 4601 2275 4694 politia
2303 4595 2481 4669 utile
2512 4607 2648 4676 est,
2688 4593 2775 4662 ad
2810 4592 2883 4660 id
2918 4613 3091 4681 pro-

1119 4721 1311 4798 dest,
1355 4737 1636 4797 cavere,
1684 4735 1777 4780 ne
1814 4727 2103 4800 prorsus
2133 4726 2214 4772 ex
2242 4697 2386 4770 suis
2414 4692 2685 4765 nidulis
2715 4691 3092 4801 eiiciantur

1117 4813 1447 4888 homines
1479 4808 1784 4883 honesti.
1871 4805 1978 4876 Ac
2016 4829 2162 4875 non
2196 4800 2427 4871 solum
2456 4793 2884 4889 pauperibus
2917 4816 3091 4880 con-

1119 4916 1345 4987 suluit
1373 4912 1822 4985 restitutione
1849 4907 2278 4986 fundorum,
2331 4901 2450 4970 sed
2483 4896 2695 4967 etiam
2729 4894 3092 4965 restrinxit

1118 5018 1598 5089 mutuationes
1645 5026 1714 5084 et
1759 5006 2245 5088 venditiones,
2296 5026 2444 5072 non
2476 5011 2803 5095 poterant
2831 4997 3091 5067 fundos
3135 5013 3136 5019 ’

1116 5142 1410 5212 prorsus
1437 5117 1814 5190 transferre
1853 5108 2176 5184 homines
2213 5105 2515 5201 prodigi.
2617 5098 2847 5173 Erant
2874 5097 3093 5189 igitur
3146 5175 3147 5186 χ

1112 5221 1484 5313 pauciores
1519 5232 1840 5290 emtores.
1920 5213 2067 5285 Nec
2103 5211 2313 5281 multi
2342 5210 2610 5279 dabant
2643 5217 2891 5308 mutuo
2926 5224 3087 5270 cum

1111 5326 1364 5393 foenus
1396 5320 1709 5412 accipere
1742 5342 1783 5387 a
1816 5315 2089 5387 civibus
2123 5336 2268 5383 non
2315 5311 2576 5379 liceret.

1314 5456 1390 5529 6.
1447 5452 1530 5523 ln
1558 5445 1672 5520 his
1702 5447 1976 5535 legibus
2003 5441 2332 5514 utilitatis
2376 5440 2727 5510 rationem
2772 5434 3087 5508 habitam

1111 5579 1261 5630 esse
1293 5556 1747 5628 manifestum
1778 5561 1914 5632 est,
1956 5566 2170 5638 quam
2206 5554 2276 5613 et
2303 5541 2426 5611 alii
2456 5540 2951 5628 legumlator-es
2980 5563 3089 5608 se·
3135 5629 3137 5633 .

1112 5661 1254 5729 cuti
1293 5672 1480 5742 sunt,
1531 5669 1615 5727 ut
1638 5650 1883 5723 recitat
1915 5644 2331 5719 Aristoteles
2362 5637 2587 5734 Oxyli
2621 5640 2866 5729 legem,
2908 5663 3089 5733 quae

1110 5755 1478 5847 prohibuit
1510 5750 1961 5849 oppignerari
1991 5767 2194 5835 agros
2224 5739 2687 5814 mutuationis
2718 5762 2941 5809 causa.

2615 592 3593 677 DISPUTATIONES

1080 796 1323 891 (LX.)
1405 785 2037 885 „Disputatio
2107 774 2221 849 de
2272 769 2724 848 Iubilaeo.
2823 776 3119 861 Philip:

4957 605 5114 686 55⁶

3357 773 3431 847 ⁷.
3480 767 3623 844 Hic
3637 756 3916 867 Oxylus
3941 772 4127 862 leges
4154 771 4321 844 tulit
4349 770 4429 846 in
4454 770 4730 861 Helide,
4753 774 5117 872 aliquanto

3159 886 3317 968 post
3343 872 3613 944 bellum
3647 869 4069 946 Troianum.
4177 872 4350 947 Fuit
4375 890 4609 950 autem
4633 891 4942 950 materna
4968 882 5117 952 ori·

3159 976 3323 1067 gine
3367 988 3700 1066 cognatus
3738 970 3957 1071 Hyllo
4002 971 4335 1046 Herculis
4375 978 4528 1049 filio
4548 1032 4571 1065 ,
4634 990 4715 1050 ut
4776 981 5117 1071 prolixius

3102 1157 3105 1165 ff
3163 1077 3407 1149 recitat
3432 1074 3857 1161 Pausanias,
3907 1077 4096 1169 quod
4126 1098 4210 1147 eo
4234 1079 4618 1169 adscripsi,
4663 1091 4748 1151 ut
4784 1080 4946 1174 quis
4968 1083 5123 1151 fue-

3102 1194 3105 1212 *
3167 1178 3261 1250 rit
3289 1174 3609 1272 Oxylus,
3659 1178 3849 1270 apud
3880 1174 4369 1264 Aristotelem,
4419 1203 4572 1250 non
4604 1203 4899 1271 prorsus
4926 1183 5129 1273 igno-

3167 1293 3328 1352 rent
3369 1279 3686 1348 lectores.

3369 1379 3442 1456 8.
3494 1375 3928 1471 Quanquam
3956 1392 4190 1449 autem
4210 1378 4477 1470 utilitas
4500 1378 4639 1450 fuit
4669 1380 4983 1471 politica,
5027 1398 5137 1455 ta-

3168 1505 3330 1553 men
3358 1476 4070 1553 commonefactiones
4116 1479 4193 1549 in
4237 1473 4352 1548 his
4383 1480 4551 1572 ipsis
4582 1481 4837 1553 ritibus
4864 1484 5136 1557 multae

3167 1583 3570 1676 propositae
3631 1592 3819 1654 sunt.
3924 1578 4179 1651 Voluit
4231 1575 4426 1652 Deus
4477 1593 4787 1673 tempus,
4862 1584 5129 1671 locum,

3168 1684 3457 1778 stirpem
3485 1682 3651 1755 sciri
3669 1736 3691 1770 ,
3740 1681 3819 1752 in
3850 1706 3990 1777 qua
4019 1677 4466 1753 exhibiturus
4510 1695 4662 1768 erat
4687 1683 4911 1756 filium
4929 1739 4949 1772 ,
5003 1689 5130 1781 qui

3167 1786 3568 1859 restitueret
3599 1783 3951 1856 iusticiam
3982 1795 4056 1855 et
4085 1784 4328 1855 vitam.
4414 1779 4658 1877 ltaque
4686 1789 5127 1860 conservatio

3168 1887 3599 1958 familiarum
3632 1885 3710 1955 in
3739 1885 3874 1957 ista
3900 1898 4110 1978 gente
4128 1941 4150 1972 ,
4195 1885 4624 1957 admonebat
4648 1885 4800 1979 pios
4843 1890 4934 1960 de
4962 1912 5133 1981 pro-

3170 1989 3509 2060 missione
3537 1984 3865 2063 Messiae.

3377 2088 3455 2161 9.
3534 2084 3950 2159 Consolatio
3991 2088 4204 2184 etiam
4264 2110 4521 2181 magna
4580 2093 5133 2183 proponebatur.

3172 2189 3359 2265 Cum
3429 2188 3625 2263 Deus
3683 2189 3896 2262 vellet
3952 2188 4231 2262 restitui
4292 2190 4560 2261 fundos
4624 2191 5136 2277 venditoribus,

3174 2292 3650 2385 agnoscebant
3678 2289 3912 2363 Deum
3941 2314 4221 2385 quoque
4252 2306 4742 2385 protecturum
4782 2314 4929 2366 esse
4968 2296 5139 2387 ipsis

3175 2390 3352 2467 haec
3389 2416 3519 2464 sua
3565 2392 3964 2485 tuguriola,
4024 2416 4156 2463 nec
4197 2415 4634 2492 passurum,
4656 2409 4740 2469 ut
4787 2399 5139 2489 ex·patria

3167 2495 3545 2584 ¹coniuges,
3594 2493 3784 2577 nati,
3833 2494 4102 2588 posteri
4133 2493 4581 2567 eiicerentur.

3386 2600 3508 2671 10.
3565 2594 3930 2667 Liberatio
3975 2595 4189 2667 etiam
4232 2598 4622 2669 fundorum
4663 2610 4735 2669 et
4772 2620 5142 2670 servorum

3177 2697 3528 2790 significat
3551 2697 3765 2768 aliam
3797 2710 4169 2768 venturam
4198 2698 4631 2780 libertatem,
4680 2699 4770 2768 de
4811 2721 4951 2792 qua
4981 2698 5135 2770 Do-

3180 2801 3419 2871 minus
3446 2800 3711 2894 inquit:
3764 2797 3845 2872 Si
3874 2822 4001 2869 vos
4031 2798 4222 2871 filius
4254 2798 4684 2885 liberaverit,
4727 2822 4893 2870 vere
4927 2800 5136 2873 liberi

3181 2901 3401 2987 eritis,
3448 2915 3533 2975 ut
3555 2899 3764 2971 multi
3796 2899 3975 2971 ritus
4000 2897 4083 2972 in
4114 2899 4264 2990 lege
4291 2901 4441 2995 typi
4481 2902 4792 2976 fuerunt.
4887 2898 5143 2975 Voluit

3180 3003 3375 3075 enim
3414 3000 3608 3075 Deus
3651 3000 4120 3096 plurimarum
4161 3002 4396 3091 legum
4450 3003 4679 3073 officia
4705 3057 4728 3089 ,
4801 3005 5141 3096 paedago-

3179 3105 3368 3196 giam
3409 3118 3481 3175 et
3522 3102 4235 3175 commonefactiones
4275 3125 4422 3172 esse
4465 3104 4554 3174 de
4579 3104 4884 3177 aeternis
4909 3106 5140 3197 bonis,

3179 3207 3361 3276 sicut
3403 3204 3775 3277 universae
3813 3217 4111 3275 naturae
4151 3205 4375 3299 multa
4419 3204 4616 3295 signa
4677 3207 4768 3277 de
4806 3203 4961 3277 Deo
5011 3208 5146 3277 im-

3182 3330 3421 3401 pressa
3449 3320 3640 3394 sunt,
3682 3319 3769 3378 ut
3799 3320 4080 3380 nostrae
4116 3319 4410 3394 mentes,
4455 3319 4526 3377 et
4555 3308 4861 3379 noticiae
4890 3312 5148 3383 menti-

3184 3510 3544 3583 convincit
3585 3533 3755 3598 nos,
3818 3522 3903 3582 ut
3942 3510 4149 3583 fateri
4206 3532 4544 3602 cogamur
4583 3534 4729 3582 esse
4755 3508 4984 3582 Deum
5006 3567 5027 3599 ,
5080 3527 5148 3585 et

3186 3636 3333 3684 esse
3375 3612 3761 3704 sapientem
3785 3665 3807 3699 ,
3872 3611 4181 3697 iustum,
4250 3625 4513 3684 castum
4535 3666 4558 3699 ,
4603 3635 4917 3684 veracem
4944 3663 4967 3694 ,
5007 3614 5149 3685 ⁴eli-

3126 3717 3127 3721 ’
3184 3727 3466 3805 gentem
3493 3714 3717 3785 libera
3747 3712 4132 3788 voluntate.

3394 3816 3512 3890 11.
3594 3811 3841 3885 Esaias
3883 3815 4094 3885 etiam
4137 3834 4288 3906 cap.
4332 3814 4454 3888 61.
4498 3811 4599 3882 sic
4639 3811 5148 3904 interpretatur

3186 3931 3435 4012 typum
3484 3915 3659 3987 anni
3705 3912 4045 4002 Iubilaei,
4110 3916 4200 3988 de
4249 3914 4665 3986 liberatione
4707 3915 4968 3984 donata
5016 3937 5146 4004 per

3185 4020 3435 4091 filium.

3397 4120 3516 4193 12.
3589 4116 3971 4215 Postquam
4019 4113 4191 4190 haec
4235 4120 4325 4189 de
4377 4117 4525 4190 ritu
4584 4116 4757 4207 legis
4797 4112 5158 4188 Mosaicae

3189 4222 3376 4293 dicta
3409 4234 3611 4305 sunt,
3663 4219 3803 4288 iam
3835 4219 4435 4290 considerandum
4467 4233 4607 4306 est,
4657 4241 4837 4314 quae
4867 4219 4960 4289 sit
4989 4241 5152 4289 veta

3188 4323 3339 4419 typi
3370 4320 3825 4410 significatio,
3873 4333 3943 4391 et
3975 4316 4408 4415 κακοζηλίαι
4441 4320 4767 4393 vitandae
4811 4332 5001 4394 sunt.

3403 4423 3522 4498 13.
3600 4421 3770 4495 Fuit
3815 4418 4219 4517 κακοζηλία
4264 4424 4627 4493 barbarica
4677 4444 4968 4508 eorum,
5031 4423 5153 4515 qui

3191 4526 3382 4596 iuxta
3408 4520 3596 4596 hanc
3629 4524 3852 4615 legem
3872 4521 4283 4609 Mosaicam‚
4317 4523 4394 4592 in
4422 4522 4773 4595 seditione
4799 4523 5153 4594 rusticana

3190 4628 3455 4699 fundos
3483 4626 3772 4696 liberari
3804 4625 4151 4697 reditibus
4184 4623 4538 4695 volebant.

3399 4724 3521 4802 14.
3591 4724 3730 4798 Hie
3780 4749 4060 4798 necesse
4098 4740 4203 4798 est
4251 4725 4584 4795 omnibus
4612 4724 5153 4796 familiarissime

3192 4842 3444 4900 notum
3475 4849 3623 4901 esse
3660 4828 4043 4901 discrimen
4075 4827 4247 4916 legis
4276 4838 4346 4896 et
4380 4823 4792 4916 Evangelii,
4838 4825 5011 4899 item
5043 4827 5159 4897 iu·

3191 4930 3431 5003 sticiae
3472 4931 3561 5000 de
3602 4954 3744 5024 qua
3805 4929 4094 5023 proprie
4136 4925 4608 5019 Evangelium
4671 4928 5162 5013 concionatur,

3191 5045 3257 5103 et
3285 5033 3469 5104 vitae
3511 5033 3858 5125 politicae.

3401 5131 3521 5207 15.
3586 5131 4056 5223 Evangelium
4110 5132 4187 5202 in
4235 5147 4382 5203 toto
4431 5154 4687 5222 genere
4720 5129 5039 5203 humano
5074 5131 5148 5196 in

3192 5237 3487 5307 diversis
3517 5236 3785 5326 politiis
3814 5235 4107 5316 clamat,
4162 5248 4248 5307 ut
4274 5236 4489 5305 corda
4519 5258 4686 5304 vere
4734 5244 5155 5304 convertan-

3191 5354 3310 5411 tur
3356 5341 3440 5408 ad
3474 5335 3702 5407 Deum
3726 5395 3745 5423 ,
3797 5352 3868 5409 et
3907 5336 4044 5406 fide
4084 5336 4217 5407 filii
4241 5334 4376 5407 Dei
4421 5334 4769 5428 accipiant
4797 5331 5156 5403 remissio·

3191 5465 3354 5509 nem
3389 5453 3829 5529 peccatorum
3845 5489 3869 5523 ,
3923 5452 3993 5508 et
4021 5463 4181 5509 cum
4213 5438 4302 5508 sit
4333 5431 5157 5525 ministeriumSpiritus,

3191 5539 3407 5611 simul
3455 5538 3662 5610 offert
3704 5540 4055 5635 Spiritum
4104 5552 4465 5621 sanctum,
4528 5559 4672 5632 quo
4719 5532 4949 5605 adiuti
4992 5557 5161 5604 vera

3190 5641 3329 5710 fide
3362 5640 3841 5727 agnoscimus,
3889 5654 3960 5713 et
3992 5642 4404 5713 invocamus
4431 5635 4696 5721 Deum,
4737 5630 5164 5708 inchoamus

3136 5821 3138 5823 ,
3194 5739 3754 5811 inobedientiam
3785 5755 3852 5814 et
3877 5742 4222 5814 efficimur
4242 5737 4577 5815 haeredes
4601 5738 4789 5812 vitae
4814 5753 5165 5819 aeternae.
