6025 6775
434 575 482 648 tr

436 762 468 818 et
487 744 591 816 utiles
613 735 970 813 commonefactiones
988 734 1027 802 in
1050 732 1172 802 multis
1193 729 1419 800 deliboratio·

436 850 552 919 nibus.
587 844 685 932 Quia
701 864 787 909 vero
802 837 976 909 Siracidae
992 836 1095 904 lectio
1110 834 1238 925 passim
1255 845 1420 921 corrupta

437 965 505 1034 est,
529 948 600 1018 fuit
614 942 776 1014 hortator
789 938 978 1021 loachimo,
1002 950 1042 1010 ut
1055 938 1173 1005 ederet
1189 936 1422 1005 emendatam.

385 1105 388 1109 ι
437 1052 553 1140 Saepe
574 1062 610 1117 et
622 1049 667 1116 de
681 1040 856 1112 sententiis
872 1039 1032 1109 obscuris
1054 1062 1134 1106 cum
1150 1062 1191 1106 eo
1207 1038 1421 1129 disputabat,

438 1168 482 1223 ut
511 1174 592 1219 cum
625 1148 660 1213 in
692 1143 801 1233 capite
833 1140 1101 1234 quadragesimo
1130 1139 1421 1230 primovdicitur:

445 1247 607 1350 φύλαξον
631 1239 702 1316 ἀπὸ
733 1246 988 1337 σκορακισμοῦ
1014 1235 1157 1335 λήψεως
1182 1237 1246 1311 καὶ
1272 1233 1420 1321 δόσεως,

446 1354 629 1438 aenigmata
655 1346 775 1438 inquit
794 1346 895 1434 lego,
928 1358 961 1414 et
988 1345 1127 1435 petebat
1152 1343 1421 1413 enarrationem.

445 1454 509 1524 Hic
524 1443 724 1519 Ioachimus
748 1447 799 1516 ait
820 1447 948 1516 factum
968 1469 1040 1515 esse
1054 1446 1201 1514 verbum
1225 1448 1269 1513 ab
1284 1441 1422 1530 Adagio

442 1556 475 1633 ἐς
487 1548 667 1646 κόρακας,
694 1562 729 1618 et
744 1549 868 1616 iubere
884 1549 1075 1617 cavendam
1091 1570 1164 1616 esse
1181 1546 1422 1636 expulsionem

440 1678 501 1724 seu
514 1653 727 1722 deletionem
743 1649 818 1717 dati
834 1664 867 1719 et
881 1649 1034 1740 accepti,
1060 1649 1097 1717 id
1113 1663 1174 1732 est,
1199 1649 1312 1718 iustae
1327 1670 1425 1715 com-

438 1754 656 1848 pensationis
672 1754 710 1825 in
726 1752 963 1821 contractibus
988 1764 1023 1822 et
1045 1751 1083 1818 in
1106 1751 1287 1819 referenda
1305 1749 1426 1837 gratia,

440 1858 531 1927 velle
557 1854 673 1925 Deum
703 1849 792 1922 hanc
823 1853 1142 1943 compensationem
1178 1877 1251 1920 non
1281 1849 1426 1931 aboleri,

440 1984 530 2052 quae
547 1972 581 2029 et
597 1959 685 2026 ordo
703 1969 754 2025 est
777 1955 966 2046 sapientiae
984 1967 1019 2024 et
1038 1955 1195 2025 iusticiae
1220 1954 1258 2021 in
1271 1952 1367 2036 Deo,
1392 1963 1427 2019 et

440 2083 571 2130 nervus
592 2054 768 2127 humanae
790 2057 1078 2138 consociationis,
1105 2069 1139 2124 et
1162 2056 1334 2145 significat
1350 2051 1427 2123 Deo

443 2186 507 2233 nos
521 2160 773 2252 gratitudinem
789 2160 927 2231 debere.
978 2154 1056 2228 Etsi
1073 2158 1134 2225 alii
1149 2159 1235 2226 alias
1253 2158 1428 2244 interpre-

442 2265 593 2335 tationes
607 2261 841 2354 quaerebant,
867 2275 984 2332 tamen
1001 2256 1175 2329 Ascanius
1189 2280 1311 2327 amans
1326 2254 1428 2324 iusti-

442 2367 533 2436 ciam
553 2378 587 2433 et
609 2363 880 2453 gratitudinem,
913 2358 1004 2431 hanc
1028 2355 1199 2431 loachimi
1219 2361 1430 2449 interpreta-

443 2469 579 2539 tionem
602 2464 828 2534 anteferebat.

546 2597 615 2669 Sed
651 2598 777 2667 omitto
809 2596 1006 2683 longiorem
1040 2593 1277 2663 narrationem
1303 2592 1430 2662 talium

444 2701 715 2793 colloquiorum.
767 2692 901 2766 Extant
923 2695 1018 2763 enim
1037 2696 1146 2788 ipsius
1170 2698 1314 2788 scripta,
1341 2716 1430 2785 quae

446 2819 479 2874 et
503 2802 737 2872 eruditionem
759 2797 870 2886 ipsius
894 2810 926 2865 et
953 2798 1205 2867 confessionem
1228 2798 1431 2876 ostendunt,

443 2929 531 2997 quae
546 2930 628 2973 cum
642 2898 821 2969 communi
833 2894 1066 2970 Ecclesiarnm
1077 2899 1331 2971 Saxonicarum
1346 2918 1431 2963 con·

443 3007 595 3075 sessione
613 3001 796 3090 congruit,
822 3025 927 3093 quam
943 3003 1003 3093 pio
1020 3017 1054 3072 et
1076 3000 1283 3091 gravissimo
1300 2995 1433 3066 iudicio

445 3108 628 3196 amplexus
658 3127 843 3195 nunquam
865 3105 911 3172 ab
938 3128 977 3173 ea
998 3104 1176 3186 discessit,
1210 3115 1244 3172 et
1273 3097 1434 3170 fanaticis

448 3204 673 3290 dogmatibus
694 3203 935 3287 pugnantibus
951 3227 1031 3273 cum
1049 3227 1088 3271 ea
1105 3205 1323 3272 confessione
1337 3223 1434 3268 acer·

450 3303 539 3369 rime
552 3299 757 3369 adversatus
772 3311 833 3369 est.

549 3429 745 3503 Laudanda
763 3443 862 3500 estet
878 3425 966 3499 haec
990 3431 1064 3500 eius
1088 3430 1276 3521 prudentia
1299 3442 1333 3498 et
1352 3431 1436 3499 dili-

876 560 1039 636 DECL.
1078 556 1153 631 DE
1189 548 1743 686 GEORG10·PR1N01P.
1780 545 2032 621 ANHAL'I'.

2413 548 2463 619 78

1473 722 1562 794 rum'
1583 746 1666 793 suae
1695 721 1840 793 ditionis
1862 723 1906 790 ad
1936 743 2079 800 annuos,
2106 718 2265 791 redditus
2290 702 2461 791 frumenti

1473 827 1671 898 medimnos
1689 826 1884 895 duodenos.
2119 819 2124 826 ’

1576 944 1738 1013 'l'andem
1769 966 1853 1011 vero
1884 942 2138 1031 languelactam
2169 952 2332 1010 naturam
2357 960 2461 1028 supe-

1474 1060 1574 1117 rante
1599 1046 1726 1114 morbo
1748 1066 1867 1113 mense
1887 1039 2058 1123 Octobri,
2090 1042 2208 1112 anima
2230 1040 2305 1111 eius
2330 1063 2370 1109 ex
2395 1036 2461 1112 bac

1474 1148 1617 1219 mortali
1632 1148 1705 1216 vita
1726 1148 1769 1215 ad
1792 1147 1951 1214 coelestis
1966 1142 2143 1214 Ecclesiae
2159 1143 2359 1214 societatem
2375 1164 2462 1211 evo-

1475 1265 1550 1321 cata
1575 1263 1645 1331 est,
1674 1273 1752 1318 cum
1777 1246 1922 1339 quidem
1941 1269 2013 1315 sese
2036 1247 2176 1330 vivens,
2206 1245 2365 1339 qnotidie
2386 1243 2460 1312 filio

1475 1353 1541 1423 Dei
1555 1352 1851 1433 commendasset,
1876 1362 1911 1418 et
1926 1348 2070 1416 adsidue
2086 1358 2390 1416 commemorasset
2405 1344 2463 1414 di-

1476 1456 1577 1524 vinas
1594 1452 1860 1545 promissiones:
1892 1448 1951 1520 Sic
1967 1447 2063 1518 Deus
2078 1448 2201 1518 dilexit
2215 1450 2400 1530 mundum,
2423 1459 2464 1516 ut

1476 1558 1589 1627 filium
1605 1555 1829 1645 unigenitum
1846 1550 2000 1633 dederit,
2025 1561 2065 1617 ut
2081 1550 2195 1619 omnis
2213 1550 2277 1641 qui
2298 1550 2409 1618 credit
2423 1548 2463 1615 in

1477 1683 1576 1742 eum,
1601 1681 1676 1725 non
1692 1667 1822 1746 pereat.
1875 1651 1980 1721 ltem:
2009 1649 2120 1719 Nemo
2140 1652 2251 1741 rapiet
2265 1672 2347 1719 oves
2368 1672 2463 1718 meas

1478 1785 1519 1829 ex
1533 1758 1698 1828 manibus
1712 1756 1811 1829 meis.
1843 1752 1946 1824 ltem:
1974 1750 2102 1821 Venite
2116 1754 2159 1819 ad
2175 1776 2231 1820 me
2245 1775 2381 1834 omnes,
2402 1751 2465 1843 qui

1478 1860 1647 1930 laboratis
1662 1872 1696 1929 et
1714 1857 1852 1926 onerati
1866 1857 1961 1939 estis,
1987 1878 2050 1943 ego
2067 1854 2220 1924 reficiam
2235 1874 2309 1936 vos,
2335 1866 2369 1922 et
2383 1866 2464 1921 tan-

1479 1979 1555 2034 tum
1572 1961 1683 2030 animi
1699 1960 1810 2029 robur
1824 1958 1912 2041 fuit,
1934 1971 1976 2026 ut
1994 1957 2077 2024 satis
2092 1956 2276 2046 adpareret
2298 1953 2392 2022 ineo
2408 1953 2467 2023 lu-

1479 2089 1557 2135 cere
1586 2063 1689 2130 fidem
1714 2085 1753 2130 ac
1776 2060 1940 2129 fiduciam
1968 2057 2034 2125 filii
2055 2054 2122 2125 Dei
2145 2056 2317 2126 divinitus
2343 2078 2467 2123 accen-

1480 2191 1574 2249 sam,
1602 2162 1761 2256 qnotidie
1782 2159 1877 2229 enim
1899 2185 1979 2229 cum
2000 2159 2107 2228 fratre
2123 2171 2157 2227 et
2172 2158 2251 2227 aliis
2267 2157 2312 2225 de
2335 2156 2468 2225 heneti-

1480 2268 1543 2337 ciis
1565 2266 1628 2334 lilii
1649 2264 1733 2347 Dei,
1767 2265 1811 2333 de
1832 2285 1893 2352 spe
1913 2261 2005 2330 vitae
2026 2273 2206 2343 aeternae,
2240 2261 2284 2327 de
2305 2258 2466 2326 miranda

1481 2369 1686 2439 collectione
1708 2364 1886 2435 Ecclesiae
1911 2388 1951 2433 ex
1977 2384 2105 2451 genere
2127 2355 2303 2445 humano,
2336 2360 2469 2429 dulcis-

1481 2473 1568 2541 sime
1586 2470 1781 2540 collocutus
1800 2480 1862 2537 est.

1584 2602 1661 2676 Etsi
1673 2618 1789 2674 autem
1806 2602 1940 2671 orbitas
1955 2600 2085 2683 fratris,
2111 2595 2300 2680 Ecclesiae,
2327 2596 2470 2686 patriae,
2521 2657 2524 2664 ,

1481 2724 1622 2780 nostrae
1640 2707 1799 2775 dolorem
1817 2705 1922 2774 nobis
1938 2703 2068 2784 adfert,
2093 2715 2212 2771 tamen
2236 2698 2305 2790 ipsi
2326 2696 2469 2790 quidem

1479 2810 1640 2900 Principi
1654 2806 1808 2897 Georgio
1832 2805 1995 2896 migratio
2011 2806 2055 2872 ad
2077 2802 2368 2874 consuetudinem
2391 2822 2471 2868 coe-

1482 2911 1580 2979 lestis
1601 2906 1779 2976 Ecclesiae
1808 2907 2014 2996 gratulanda
2039 2918 2107 2988 est,
2143 2920 2178 2975 et
2207 2905 2393 2975 retinenda
2420 2913 2472 2969 est

1484 3008 1654 3081 memoria
1668 3008 1897 3075 confessionis
1916 3020 1950 3074 ct
1964 3007 2137 3075 virtutum
2160 3006 2288 3095 ipsius,
2315 3002 2469 3094 primum

1482 3128 1524 3184 ut
1538 3110 1614 3182 Deo
1639 3105 1769 3198 gratias
1792 3125 1934 3191 agamus
1954 3107 1998 3172 de
2017 3107 2139 3189 donis,
2164 3130 2254 3195 quae
2273 3104 2342 3193 ipsi
2359 3116 2392 3172 et
2410 3127 2472 3191 per

1484 3239 1567 3284 eum
1583 3211 1662 3279 aliis
1676 3205 1816 3277 tribuit.
1867 3199 2002 3269 Verum
2018 3215 2070 3269 est
2087 3206 2182 3270 enim
2197 3200 2290 3270 banc
2304 3204 2343 3267 in
2358 3225 2399 3267 eo
2415 3203 2472 3269 lu·
2494 3205 2502 3211 '

1486 3338 1560 3382 cem
1578 3307 1752 3392 veritatis,
1778 3319 1812 3374 et
1834 3303 1994 3373 flammas
2016 3302 2148 3372 amoris
2170 3323 2250 3391 erga
2275 3298 2411 3385 Deum,
2438 3315 2472 3371 et

1486 3428 1637 3484 caeteras
1653 3411 1800 3479 virtutes
1816 3407 1911 3474 dona
1925 3400 1994 3473 Dei
2017 3428 2109 3488 esse,
2134 3404 2308 3475 transfusa
2324 3404 2364 3470 in
2381 3426 2473 3484 enm,

446 3532 577 3624 gentia,
604 3532 700 3623 quod
716 3554 843 3620 genere
854 3533 1028 3599 sermonis
1044 3531 1187 3618 proprio
1204 3544 1237 3597 et
1252 3532 1435 3619 perspicuo
1485 3528 1526 3582 ut
1542 3526 1576 3605 et
1591 3512 1658 3601 ipsi
1674 3522 1708 3578 et
1723 3508 1802 3576 aliis
1817 3506 1982 3578 salutaria
1997 3518 2130 3589 essent,
2156 3519 2189 3575 et
2206 3505 2246 3572 in
2262 3500 2327 3573 hac
2343 3504 2473 3593 gratia·

446 3658 532 3704 usus
558 3646 628 3711 est,
662 3656 708 3699 ne
730 3630 957 3718 ambiguitas,
991 3643 1030 3697 ut
1059 3651 1161 3715 saepe
1189 3628 1245 3709 fit,
1276 3629 1436 3716 gigneret
1485 3634 1565 3682 rum
1583 3610 1724 3680 actione
1747 3606 2097 3678 consideremusduo
2122 3601 2311 3675 hominum
2334 3626 2473 3695 genera.

448 3736 602 3805 diversos
624 3730 812 3821 opiniones
833 3727 1041 3799 etdissidin,
1092 3725 1181 3797 Erat
1207 3741 1324 3796 notem
1349 3754 1436 3799 con·
1485 3712 1578 3782 Vasa
1601 3712 1675 3781 irae
1697 3724 1732 3782 et
1752 3734 1833 3780 vasa
1850 3709 2130 3793 misericordiae,
2155 3721 2195 3778 u't
2208 3706 2340 3776 Paulus
2356 3708 2474 3776 nomi·
2597 3726 2599 3733 ·

449 3825 575 3906 stantia
599 3835 690 3901 vitae
712 3845 748 3901 et
774 3855 913 3900 morum
939 3831 1038 3914 talis,
1069 3845 1108 3898 ut
1132 3853 1212 3899 vere
1233 3832 1276 3896 de
1300 3854 1341 3898 eo
1364 3831 1435 3900 dici
1484 3829 1557 3887 ¹1³¹·
1611 3811 1710 3902 Quid
1723 3813 1857 3883 “istius
1872 3824 1940 3894 2³1.
1967 3836 2072 3904 quam
2090 3833 2163 3880 2⁵⁸0
2182 3822 2311 3900 pestem
2334 3809 2473 3898 generis

450 3938 577 4030 possit,
612 3935 707 4028 quod
739 3935 783 4001 de
813 3932 1040 4018 integerrimo
1074 3929 1288 4019 Imperatore
1310 3929 1435 4001 Marco
1485 3913 1632 3986 humani
1647 3937 1710 3983 seu
1723 3910 1936 4007 didocopa?
1956 3928 1995 3982 ut
2010 3913 2155 3982 suerunt
2170 3908 2387 3990 Alcibiades,
2403 3906 2475 3980 Ca-

451 4038 636 4112 Antonino
653 4035 793 4125 scripsit
809 4032 922 4104 Dion:
949 4028 1075 4124 ὅμοιος
1096 4025 1161 4104 deci
1183 4024 1337 4102 πάντων
1359 4029 1435 4130 e‘yo'-
1485 4019 1609 4102 tilina,
1634 4014 1728 4087 Nero
1746 4031 1780 4086 et
1795 4016 1938 4088 similes.
1989 4012 2130 4086 Rursus
2145 4026 2316 4107 quantum
2338 4016 2474 4081 bonum
2507 4082 2511 4094 ,

452 4167 534 4214 seco
557 4134 620 4211 καὶ
642 4136 682 4209 ἐν
706 4131 833 4208 οὐδενὶ
854 4125 1066 4227 villelm-iet,
1092 4127 1241 4230 ἀγαθὸς
1256 4126 1296 4203 δὲ
1311 4125 1359 4225 ἦν
1374 4128 1438 4204 καὶ
1486 4133 1632 4189 estesse
1655 4141 1828 4205 organum
1844 4114 1920 4186 Deo
1944 4116 2103 4206 placens,
2130 4130 2165 4185 et
2185 4115 2270 4184 utile
2285 4111 2474 4192 Ecclesiae,

455 4235 564 4314 οὐδὲν
579 4232 833 4335 προσποίκτον
852 4231 959 4328 εἶχεν.
995 4233 1090 4304 Haec
1107 4248 1237 4327 quanta
1255 4237 1350 4303 b'onn
1367 4236 1439 4304 sint
1486 4234 1527 4291 ut
1540 4221 1686 4289 fuerunt
1701 4212 1839 4309 losepb,
1863 4215 2020 4302 Samuel,
2042 4213 2226 4300 Ezechias,
2247 4215 2370 4299 etalii,
2393 4213 2475 4306 qui-

453 4345 537 4414 etin
550 4340 778 4434 Principibus
792 4352 827 4409 et
843 4339 880 4407 in
899 4336 1044 4428 privatis
1065 4334 1289 4420 hominibus,
1315 4360 1438 4407 omnes
1487 4323 1555 4393 1³⁰⁸
1569 4318 1811 4408 θῑΡῐῐῐΙθῑΡθῐῐὶ
1827 4314 2021 4406 G0⁰r83¹¹m
2038 4342 2323 4402 annumeramus,
2348 4318 2386 4384 ῑῑι
2402 4338 2474 4407 quo

453 4446 530 4516 sani
547 4443 764 4533 intelligunt.
822 4450 826 4459 ”

554 4579 757 4650 Postremus
779 4575 885 4646 etiam
908 4586 1005 4643 actus
1018 4573 1111 4642 vitae
1128 4571 1306 4663 Principis
1322 4567 1439 4641 Geor·
1513 4618 1523 4627 -

452 4684 520 4774 gii,
554 4683 718 4773 pietatem
746 4679 821 4748 eius
853 4689 887 4746 et
916 4670 984 4744 Dei
1013 4675 1243 4764 praesentiam
1263 4674 1438 4743 ostendit.

455 4785 546 4857 Cum
565 4797 638 4855 toto
659 4780 817 4853 semestri
837 4777 1100 4847 conflictaretur
1121 4800 1200 4844 curn
1218 4777 1343 4845 morbo
1362 4799 1439 4843 mo-

459 4887 662 4970 lestissimo,
690 4898 811 4955 tamen
826 4878 985 4973 quotidie
1000 4878 1067 4968 piis
1082 4876 1243 4967 precibus
1258 4901 1347 4959 sese,
1369 4873 1441 4946 Ec-

1489 4421 1685 4516 praesentia
1699 4417 1785 4504 Dei,
1810 4433 1885 4490 turn
1903 4419 1941 4488 in
1958 4419 2067 4509 ipsius
2080 4419 2298 4489 consessione
2313 4431 2347 4487 et
2362 4417 2476 4487 virtu-

1489 4525 1603 4608 tibus,
1637 4536 1711 4593 tum
1742 4522 1889 4591 veroin
1922 4521 2178 4611 gubernatione
2205 4532 2389 4611 conspecta
2413 4530 2476 4597 est,

1488 4650 1595 4721 quam
1609 4622 1707 4694 Deus
1721 4623 1771 4693 sic
1786 4624 1941 4708 adiuvit,
1967 4637 2007 4693 ut
2024 4623 2134 4715 patria
2159 4621 2349 4713 tranquilla
2370 4619 2477 4690 fuerit

1488 4741 1541 4801 tot
1555 4727 1625 4796 iam
1643 4750 1774 4810 annos,
1799 4725 1930 4819 quibus
1945 4725 2076 4796 vicinia
2090 4725 2193 4795 bellis
2209 4723 2367 4816 undique
2380 4722 2477 4796 arsit.

1587 4859 1685 4934 Haec
1701 4862 1768 4932 Dei
1786 4861 1952 4931 beneficia
1968 4860 2129 4954 undique
2152 4862 2370 4950 agnoscenda
2384 4873 2479 4946 sunt,

464 4983 618 5065 clesiam,
643 4987 817 5076 optimum
838 4983 1001 5063 fratrem,
1026 4992 1060 5048 et
1083 4992 1235 5049 caeteros
1256 4977 1441 5069 Principe.
1490 4979 1524 5037 et
1538 4965 1646 5054 gratis
1664 4965 1843 5033 mentibus
1861 4963 2091 5043 celebranda,
2116 4963 2245 5031 deinde
2268 4960 2398 5050 singuli
2419 4985 2478 5030 ar-

460 5077 688 5169 Anhaltinos,
712 5089 858 5177 patriam
873 5096 909 5153 et
925 5080 1155 5151 Germaniam
1173 5081 1247 5152 Deo
1261 5104 1442 5151 common.
1489 5068 1658 5138 dentibus
1672 5065 1765 5133 votis
1782 5078 1958 5154 petamus,
1984 5079 2024 5135 ut
2044 5065 2139 5134 lilius
2152 5061 2220 5132 Dei
2236 5085 2301 5132 nos
2316 5063 2384 5132 sibi
2402 5063 2480 5156 pal-

460 5185 580 5270 davit,
611 5185 735 5255 deinde
756 5188 941 5259 lectionem
964 5181 1131 5253 audiebat
1158 5208 1199 5253 ex
1228 5178 1442 5276 propheticis
1490 5169 1594 5238 mites
1608 5167 1724 5250 faciat,
1750 5166 1839 5235 sicut
1854 5166 1988 5259 inquit:
2015 5161 2092 5254 Ego
2109 5188 2187 5235 snm
2203 5164 2298 5249 vitis,
2323 5188 2385 5234 vos
2403 5165 2480 5258 pal·

459 5303 494 5360 et
517 5285 723 5379 apostolicis
739 5287 856 5374 libris,
887 5298 1061 5380 quantum
1086 5287 1199 5376 potuit
1227 5286 1332 5356 etiam
1356 5308 1443 5353 con·
1491 5271 1616 5358 milet,
1649 5292 1688 5337 ³⁰
1715 5268 1819 5339 faciat
1847 5291 1916 5336 nos
1941 5290 2074 5357 organa
2101 5265 2382 5352 misericordiae,
2413 5289 2480 5354 gu-

460 5391 540 5461 silia
573 5387 840 5479 gubernationis
866 5385 983 5458 adhuc
1019 5387 1118 5461 rexit.
1176 5386 1442 5457 Testamentum
1492 5373 1616 5441 hemel
1645 5370 1793 5439 ⁶⁰ss⁸3¹i³
1826 5385 1861 5441 θῑ
1895 5371 2034 5439 l³b⁰r0⁸
2064 5382 2227 5454 ¹¹0⁵lf0³s
2271 5384 2310 5441 ¹¹1
2344 5367 2480 5461 Pr⁰⁸5¹¹1

461 5494 518 5586 pie
533 5490 714 5574 condidit,
739 5488 779 5556 in
795 5513 863 5582 quo
878 5506 912 5562 et
929 5490 1183 5560 confessionem
1197 5513 1296 5559 suam
1313 5487 1443 5580 repeti·
1491 5470 1680 5544 Ecclesia?-

461 5595 523 5680 vit,
546 5608 581 5666 et
595 5590 836 5664 Ecclesiarnm
849 5591 1086 5662 defensionem
1101 5592 1204 5663 fratri
1218 5592 1443 5662 commenda·
1593 5589 1732 5661 Deinde
1747 5603 1782 5660 et
1795 5591 2016 5662 confessione
2033 5589 2210 5682 Principis
2227 5586 2372 5671 Georgii
2393 5606 2477 5652 con-

462 5697 523 5771 vit.
575 5690 726 5765 Addidit
748 5693 855 5766 etiarn
876 5691 1025 5784 singulis
1043 5694 1243 5785 pastoribus
1267 5689 1443 5763 Ecclesia-
1493 5694 1694 5778 firmemur,
1722 5706 1755 5763 et
1781 5694 1949 5786 exemplis
1967 5696 2043 5764 eius
2059 5695 2249 5763 excitemur
2269 5691 2311 5754 ad
2335 5684 2481 5757 invoca.
