6025 6775
1147 712 1309 787 Dttcl..
1360 711 1435 788 DE
1469 713 1700 788 Mtsuta.
2392 730 2443 802 34

510 888 701 960 Postremo
744 883 782 949 in
821 874 884 948 bac
925 876 1207 950 consideratione
1252 879 1398 948 vulnera
1458 878 1527 949 No.
1551 879 1632 952 teo.

409 992 515 1063 etiam
538 1002 663 1059 nostra
688 982 923 1073 deploremus,
957 980 1139 1049 doleamus
1166 979 1295 1052 nostris
1319 1003 1399 1070 pec·
1454 974 1625 1001 ’Ν

410 1095 498 1164 catis
513 1088 611 1161 banc
626 1080 892 1179 pulcherrimam
912 1074 1060 1151 humani
1081 1082 1241 1172 corporis
1263 1077 1398 1150 machi-

411 1218 522 1275 nam,
549 1192 593 1259 ita
608 1184 858 1275 languefactam
876 1205 967 1266 esse,
994 1195 1033 1252 ut
1047 1184 1153 1253 morti
1172 1183 1216 1255 sit
1231 1181 1396 1255 obnoxia.

413 1292 602 1363 Doleamus
615 1285 834 1379 quotidianis
856 1283 1045 1353 sceleribus
1068 1286 1197 1354 multos
1221 1285 1289 1354 sibi
1313 1283 1398 1375 ipsis

417 1407 452 1463 et
463 1392 537 1459 aliis
551 1390 622 1458 vim
649 1389 807 1469 adferre,
840 1386 1052 1456 et'lacerare
1074 1409 1222 1476 corpora
1245 1399 1319 1455 arte
1342 1386 1399 1454 di·
1546 1454 1554 1470 ,
1737 1454 1746 1471 .

417 1493 491 1560 vina
514 1492 670 1562 condita.
729 1487 923 1559 Doleamus
944 1510 1010 1556 nos
1035 1488 1191 1556 amisisse
1221 1488 1335 1556 lucem
1357 1499 1399 1556 -et
1446 1453 1575 1523 oram
1599 1448 1647 1521 αθ
1663 1471 1816 1547 7⁰9²⁰l¹⁰
1836 1462 1875 1525 el
1895 1463 2011 1550 fleme
2025 1460 2241 1558 Mpsorum3
2266 1473 2433 1541 Yesslfttla

410 1594 523 1662 cordis
551 1590 823 1671 rectitudinem,
856 1611 946 1680 quae
979 1587 1082 1658 initio
1103 1589 1207 1657 nobis
1228 1588 1396 1659 attributa
1620 1555 1823 1626 “Dmm
1847 1559 2024 1629 ham
2044 1566 2259 1639 HOmllt'o·

405 1693 492 1778 fuit,
525 1708 561 1765 et
584 1715 796 1786 quaeramus
814 1688 994 1760 Medicum
1016 1691 1128 1760 civem
1154 1690 1255 1759 illum
1272 1689 1397 1760 Sama·
1447 1667 1545 1755 Cum
1565 1681 1661 1755 bunc
1684 1681 1973 1760 honestissimum
1998 1708 2138 1763 coetum
2160 1695 2320 1783 intuens,
2347 1705 2433 1772 anni

405 1795 584 1876 manum,
623 1795 686 1888 qui
712 1793 795 1863 vino
823 1791 1053 1861 lavggsaucji
1077 1793 1221 1863 viatori,
1241 1792 1397 1875 vulnera,
1446 1787 1639 1876 superioris
1661 1789 1838 1858 terribiles
1869 1805 1904 1859 et
1933 1792 2076 1883 panicus
2108 1809 2225 1866 motus
2256 1807 2434 1889 recordor,

407 1911 441 1966 et
467 1897 597 1966 deinde
623 1897 661 1964 in
690 1918 729 1964 ea
764 1893 960 1964 balsamum
995 1894 1173 1974 infundit,
1196 1906 1256 1964 'et
1288 1904 1397 1983 gestat
1446 1902 1521 1958 toto
1548 1900 1686 1976 pectore
1710 1892 1839 1978 gratias
1860 1915 1926 1981 ago
1945 1893 2021 1963 filio
2034 1892 2121 1980 Dei,
2147 1900 2295 1970 domino
2312 1920 2432 1976 nostro

408 2020 551 2087 aegrum
568 1998 640 2067 suis
657 1992 836 2078 humeris,
861 2007 895 2065 et
908 2008 1065 2086 petamus
1080 2012 1119 2068 ut
1137 1992 1195 2066 bic
1210 1995 1304 2064 filius
1318 1992 1397 2078 Dei,
1449 1987 1526 2058 lesu
1539 1985 1703 2074 Christo,
1729 1992 1791 2082 qui
1806 2006 1857 2062 est
1872 2006 1989 2064 custos
2006 1999 2298 2071 etumbraculum
2308 2000 2434 2076 Eccle-

408 2123 512 2190 quem
537 2101 576 2168 in
601 2097 782 2169 Samariae
802 2119 925 2187 campo
950 2097 1039 2167 vidit
1054 2097 1160 2168 lacob
1183 2110 1334 2166 stantem
1357 2096 1395 2162 in
1444 2091 1529 2170 siae,
1554 2092 1648 2183 quod
1666 2090 1923 2163 clementerhis
1940 2098 2143 2184 regionibus
2160 2127 2280 2191 pacem
2298 2108 2437 2193 tribuit,

407 2200 519 2286 scala,
542 2224 646 2292 opem
663 2200 768 2270 nobis
783 2200 888 2279 ferat,
911 2211 945 2268 et
959 2222 1023 2269 nos
1037 2212 1147 2290 gestet
1169 2198 1244 2267 suis
1270 2194 1396 2266 hume·
1445 2207 1479 2262 et
1496 2192 1725 2262 Academiam
1742 2206 1775 2262 et
1790 2189 1876 2264 baec
1893 2198 2075 2267 doctrinae
2092 2203 2209 2273 studia
2234 2230 2306 2275 non
2320 2210 2436 2278 deleri

407 2301 476 2386 ,ἰδ’
501 2326 583 2371 cum
599 2302 679 2372 ideo
697 2324 846 2371 massam
864 2301 978 2370 nostri
993 2301 1151 2391 corporis
1165 2300 1234 2369 sibi
1251 2296 1395 2388 copula·
1445 2292 1549 2379 sinit,
1580 2318 1620 2364 ac
1642 2295 1849 2366 ardentibus
1871 2298 1963 2369 votis
1984 2324 2066 2369 eum
2089 2326 2171 2389 oro,
2205 2319 2245 2375 ut
2267 2309 2437 2402 deinceps

407 2401 475 2485 rit,
500 2425 545 2472 ne
568 2402 703 2495 reliqua
726 2426 837 2473 massa
857 2402 1019 2473 funditus
1035 2403 1229 2483 deleretur,
1254 2399 1395 2491 iamque
1444 2421 1586 2489 quoque
1605 2420 1670 2466 nos
1694 2411 1853 2488 protegat
1874 2414 1909 2470 et
1934 2402 2117 2490 gubernet.
2175 2403 2437 2484 Honestissima

407 2525 476 2571 nos
499 2517 628 2593 gestat,
653 2504 740 2573 sicut
764 2505 839 2596 ipse
862 2502 999 2597 inquit,
1026 2504 1124 2572 velut
1145 2516 1264 2591 pastor
1286 2525 1394 2591 agnos
1444 2522 1528 2566 vero
1550 2501 1769 2569 consuetudo
1793 2514 1864 2585 est,
1898 2502 1935 2570 iu
1958 2497 2015 2572 bis
2033 2509 2280 2594 congressibus
2296 2512 2437 2606 aliquid

411 726 460 797 35

1729 1105 1732 1110 ¹
1796 1082 1872 1166 De
1898 1085 2088 1176 Mesate.

1517 1236 1548 1291 ln
1566 1236 1659 1292 select.
1676 1236 1801 1296 Declam.
1820 1238 1855 1295 T.
1871 1238 1917 1297 lV.
1932 1260 1959 1312 p.
1974 1242 2035 1305 ³29.
2069 1246 2190 1305 Servest.
2210 1252 2245 1311 Τ.
2263 1252 2311 1308 lV.
2330 1271 2361 1325 p.
2376 1254 2438 1314 299.

1549 1305 1677 1362 Rlcbard.
1695 1307 1730 1360 T.
1744 1307 1764 1362 l.
1783 1327 1810 1379 p.
1823 1308 1884 1364 643.

407 2626 531 2673 recens
545 2604 657 2675 editos
670 2606 708 2675 in
725 2630 870 2697 campo,
894 2605 1044 2673 collocat
1058 2603 1097 2671 in
1112 2605 1301 2691 gremium,
1329 2606 1394 2672 do-

408 2728 474 2776 nec
492 2706 529 2776 in
545 2707 638 2776 ovile
652 2723 799 2782 ventum
814 2707 889 2777 est.

509 2838 604 2913 Huic
615 2841 760 2912 Medico
777 2852 899 2908 nostro
913 2839 1015 2912 etiam
1028 2834 1124 2910 bunc
1140 2836 1313 2909 bonorem
1328 2838 1395 2907 tri-

406 2939 567 3028 buamus,
588 2957 630 3012 ut
645 2966 724 3010 curn
742 2964 868 3034 corpus
882 2941 997 3011 simile
1012 2934 1133 3011 nostro
1148 2940 1394 3030 adsumpserit,

406 3057 513 3112 artem
539 3042 697 3133 corporis
719 3039 886 3128 humani,
919 3046 1015 3139 quod
1038 3044 1216 3133 singulare
1231 3040 1298 3112 Dei
1328 3043 1392 3110 do-

403 3142 580 3210 micilium
618 3159 686 3225 est,
728 3147 932 3232 diligentius
968 3147 1259 3235 contemplemur.
1319 3140 1393 3210 Has

403 3263 529 3307 causas
552 3241 738 3305 discendae
759 3244 939 3309 doctrinae
963 3245 1179 3309 anatomicae
1208 3264 1311 3330 saepe
1334 3265 1394 3307 co-

403 3337 549 3426 gitate,·
565 3358 630 3405 nec
653 3349 788 3428 partem
812 3332 903 3410 hanc
919 3333 1091 3432 Physicae
1112 3338 1337 3408 utilissimam
1360 3333 1419 3406 et'

401 3436 647 3506 dulcissimam
662 3439 841 3527 negligite.
892 3439 1005 3529 Saepe
1021 3439 1125 3509 etiam
1140 3433 1225 3507 baec
1245 3438 1319 3526 ipsa
1342 3451 1394 3505 te-

403 3537 571 3608 stimonia
600 3540 644 3606 de
668 3536 745 3609 Deo
775 3541 880 3608 nobis
907 3540 1111 3626 impressa,·
1132 3549 1165 3603 et
1187 3557 1392 3603 commone·

402 3638 575 3708 factiones
590 3638 729 3707 divinas
743 3640 782 3705 in
797 3637 872 3726 ipsa
888 3648 962 3704 arte
985 3658 1172 3724 corporum
1193 3635 1303 3726 pictas
1327 3638 1391 3703 ad·

406 3739 546 3831 spirite,
579 3751 613 3807 et
628 3738 734 3807 simul
750 3737 899 3825 cogitate
922 3738 1013 3806 velle
1027 3733 1144 3805 Deum
1167 3736 1207 3804 in
1229 3737 1391 3828 corpori-

406 3841 470 3909 bus
493 3841 636 3926 vestris,
663 3853 833 3933 tauquam
850 3838 889 3907 in
904 3836 1087 3909 domicilio
1112 3851 1146 3906 et
1170 3838 1300 3928 templo
1325 3860 1390 3907 suo

405 3936 576 4012 babitare.

505 4076 625 4166 Quare
653 4074 823 4146 membris
853 4074 1019 4145 omnibus
1045 4087 1246 4143 reverenter
1277 4086 1312 4143 et
1334 4075 1390 4164 pie

405 4178 574 4264 utamini,
601 4192 635 4248 et
651 4190 749 4269 grata
763 4173 1151 4269 praedicationeDeum
1169 4174 1388 4244 conditorem

405 4279 604 4351 celebretis:
632 4294 667 4351 et
680 4280 819 4370 petatis,
845 4293 885 4348 ut
901 4290 1058 4370 protegat
1074 4291 1106 4347 et
1124 4278 1296 4367 gubernet
1312 4301 1389 4346 cor-

406 4404 492 4472 pora
511 4396 648 4467 vestra,
676 4382 764 4453 etin
782 4381 881 4450 vobis
899 4375 1053 4463 habitet,
1078 4393 1119 4448 ut
1141 4371 1249 4476 λόγος
1271 4391 1389 4447 osten-

404 4483 464 4554 dat
484 4484 587 4554 vobis
610 4497 792 4555 aeternum
822 4496 975 4572 patrem,
1014 4493 1049 4549 et
1073 4479 1228 4572 Spiritus
1249 4494 1389 4550 sanctus

404 4586 653 4675 permiscentur
675 4584 800 4655 vestris
827 4578 997 4653 balitibus
1030 4594 1065 4652 et
1098 4583 1202 4652 corda
1232 4596 1388 4666 renovet,

405 4698 438 4754 et
453 4688 619 4777 praebeat
632 4687 735 4757 vobis
749 4687 920 4757 salutares
936 4697 1063 4753 motus.
1114 4683 1210 4754 Haec
1226 4698 1307 4754 vota
1322 4707 1387 4752 ne-

403 4809 579 4880 quaquam
595 4789 696 4860 irrita
712 4793 786 4861 esse
800 4799 928 4879 putate.

507 4917 559 4988 Te
576 4923 691 5010 igitur,
711 4924 762 4993 fili
770 4919 848 5006 Dei,
871 4917 1024 4990 Domine
1034 4911 1280 4996 lesquriste,
1306 4941 1387 4986 cru-

403 5018 508 5089 cifixe
534 5041 598 5108 pro
612 5027 712 5096 nobis
736 5040 776 5105 et¹
795 5023 1018 5105 resuscitato,
1048 5021 1111 5111 qui
1132 5017 1281 5088 induisti
1308 5042 1386 5088 cor-

329 5206 331 5215 Ι
404 5143 470 5212 pus
485 5115 702 5207 humanum,
726 5140 758 5196 et
774 5140 807 5197 te
822 5125 927 5195 nobis
940 5119 1140 5203 ostendisti,
1165 5134 1205 5191 ut
1219 5120 1386 5188 sciremus

329 5262 336 5287 .-
405 5223 585 5313 quomodo
608 5221 744 5314 alloqui
759 5224 872 5298 Deum
895 5225 1087 5318 possimus,
1116 5245 1200 5302 oro,
1233 5235 1272 5291 ut
1295 5216 1388 5291 hanc

333 5410 336 5415 Ι
404 5319 601 5394 Ecclesiam
617 5337 653 5394 et
667 5322 889 5397 Academiam
906 5341 1067 5419 protegas
1080 5337 1119 5423 et
1133 5325 1327 5413 gubernes,
1353 5336 1387 5393 et

405 5447 467 5494 nos
479 5449 603 5496 omnes
621 5425 728 5497 facias
746 5447 825 5495 vasa
839 5427 1108 5511 misericordiae,
1134 5438 1168 5495 et
1182 5449 1313 5515 organa
1330 5447 1387 5493 sa-

405 5525 532 5596 lutaria
548 5529 653 5598 nobis
668 5541 703 5600 et
718 5527 815 5599 aliis:
841 5539 873 5594 et
889 5549 1021 5617 semper
1040 5529 1080 5597 in
1104 5522 1159 5595 bis
1183 5527 1386 5616 regionibus

405 5628 547 5722 colligas
561 5625 755 5716 Ecclesias,
781 5644 814 5699 et
832 5628 967 5699 tribuas
982 5630 1030 5697 eis
1051 5630 1237 5700 salutarem
1255 5631 1384 5719 guber-

404 5728 594 5800 nationem.
645 5729 740 5806 Dixi.

454 5890 986 6003 Mssam.0m.v01..x11.
1035 5950 1038 5955 ’

1443 2599 1580 2683 elicere,
1606 2601 1701 2692 quod
1717 2602 1926 2690 discentium
1944 2607 2070 2675 studiis
2085 2620 2119 2678 et
2134 2611 2294 2681 moribus
2310 2617 2437 2704 prosit.

1444 2697 1496 2768 Ac
1513 2702 1664 2789 optarim
1685 2697 1749 2771 has
1770 2717 1884 2793 partes
1907 2706 2050 2777 dicendi
2071 2711 2258 2783 attributas
2279 2739 2352 2786 esse
2366 2712 2437 2787 bo-

1444 2801 1534 2867 mini
1557 2802 1712 2872 faeundo
1733 2816 1768 2874 et
1791 2806 1949 2889 erudito,
1979 2811 2040 2903 qui
2060 2812 2139 2901 plus
2156 2831 2191 2884 et
2208 2818 2383 2888 facultatis
2402 2835 2438 2889 et

1443 2900 1642 2970 autoritatis
1664 2904 1703 2968 in
1727 2900 1824 2974 bunc
1849 2907 1967 2977 locum
1990 2912 2154 2983 adferret.
2215 2916 2321 2987 Scitis
2337 2922 2436 2989 enim

1443 3027 1498 3071 me
1513 2996 1695 3072 bominem
1706 2997 1953 3085 Geometram,
1967 3010 2014 3088 jn
2028 3012 2099 3081 allo
2111 3014 2293 3088 doctrinae
2307 3044 2436 3109 genere

1444 3127 1588 3177 versari.

1546 3202 1617 3274 Sed
1639 3202 1722 3291 quia
1748 3200 1846 3289 gravi
1872 3202 2021 3273 consilio
2038 3205 2203 3296 pluribus
2222 3206 2280 3282 bic
2294 3189 2438 3289 dicendi

1443 3302 1543 3369 locus
1557 3300 1739 3385 tribuitur,
1763 3316 1796 3370 et
1810 3325 1865 3369 me
1880 3303 2014 3373 iustum
2031 3321 2084 3378 est
2098 3308 2237 3400 legibus
2253 3316 2437 3414 obtempe-

1443 3427 1540 3484 rare,
1565 3416 1648 3491 peto
1665 3415 1704 3471 ut
1720 3401 1810 3472 sicut
1832 3408 2084 3494 consuevistis,
2107 3437 2173 3503 pro
2193 3431 2306 3489 vestra
2325 3426 2438 3495 comi-

1443 3514 1532 3583 tate,
1558 3525 1614 3569 me
1629 3502 1805 3590 patienter
1819 3506 1982 3577 audiatis.
2045 3508 2124 3602 Ego
2144 3517 2249 3588 etiam
2275 3528 2439 3598 conscius

1441 3596 1532 3668 mihi
1555 3601 1771 3694 infirmitatis
1796 3630 1911 3692 meae,
1937 3630 2187 3700 argumentum
2202 3622 2310 3715 elegi,
2337 3629 2438 3700 cuius
2558 3651 2560 3655 ’

1441 3703 1691 3791 cogitationem
1707 3705 1857 3776 sciebam
1872 3710 1974 3781 vobis
1990 3714 2165 3808 voluptati
2182 3722 2277 3811 fore,
2300 3728 2439 3802 etiamsi

1440 3827 1461 3872 a
1477 3826 1534 3872 me
1553 3828 1617 3895 pro
1635 3806 1807 3895 dignitate
1824 3811 1944 3880 ornari
1963 3838 2037 3884 non
2057 3821 2179 3907 possit.

1537 3903 1635 3975 'Cum
1659 3902 1727 3977 boc
1753 3910 1907 3981 triennio
1926 3908 2018 3985 banc
2034 3922 2216 4008 regionem
2237 3926 2439 4024 Mysorum,

1441 4005 1491 4074 sic
1502 4007 1598 4075 enim
1613 4021 1706 4077 recte
1722 4012 1901 4082 nominari
1911 4016 2094 4104 existimo,
2119 4037 2157 4095 ut
2169 4042 2292 4117 postea
2308 4035 2439 4123 dicam,

1442 4124 1650 4196 pervagatus
1675 4110 1759 4195 sim,
1784 4124 1818 4181 et
1835 4115 1993 4187 studiose
2007 4118 2136 4209 situm,
2162 4131 2290 4212 urbes,
2319 4130 2438 4207 homi·

1441 4231 1529 4276 num
1553 4208 1714 4298 ingenia,
1748 4236 1881 4298 mores,
1915 4216 2138 4314 doctrinam,
2164 4224 2361 4319 Ecclesias,
2387 4241 2439 4307 ci.

1442 4308 1592 4378 vitatum
1625 4311 1869 4401 disciplinam,
1916 4332 2026 4403 artes,
2079 4350 2188 4397 venas
2224 4337 2439 4422 metallicas,

1440 4431 1562 4498 agros,
1597 4413 1864 4501 gubernationis
1889 4418 2041 4490 formam
2075 4432 2335 4522 contemplatus
2360 4440 2439 4527 sim,

1440 4512 1581 4581 decrevi
1596 4536 1732 4582 mecum
1754 4516 1928 4606 picturam
1945 4518 2141 4616 aliquando
2156 4525 2264 4603 huius
2285 4540 2439 4630 regionis

1440 4615 1587 4698 aedere,
1611 4638 1651 4684 ac
1667 4617 1771 4686 doleo
1789 4643 1864 4688 non
1882 4623 1996 4695 multo
2014 4642 2100 4698 ante
2116 4633 2162 4701 ab
2179 4629 2323 4726 Apiano
2341 4646 2440 4714 aedi-

1440 4729 1513 4786 tam
1536 4738 1631 4799 esse,
1666 4718 1727 4810 qui
1752 4734 1786 4788 et
1809 4723 1944 4812 patriae
1968 4719 2035 4797 boc
2061 4733 2217 4804 officium
2238 4740 2381 4831 debuit,
2407 4763 2441 4817 et

1440 4812 1657 4886 hortatorem
1682 4815 1811 4891 adhoc
1833 4849 1921 4913 opus
1934 4820 2066 4902 habuit
2084 4831 2312 4929 Principem,
2339 4848 2441 4919 cuius

1440 4920 1611 4988 autoritas
1633 4933 1707 4990 erat
1720 4923 1945 5011 gravissima,
1972 4926 2111 5003 Ducem
2128 4937 2307 5012 Saxoniae
2324 4946 2442 5021 Geor-

1439 5019 1548 5107 gium.
1600 5020 1690 5090 Nam
1708 5046 1770 5111 ego
1791 5025 1935 5116 quidem
1957 5055 2031 5100 non
2051 5037 2137 5106 dum
2162 5042 2256 5112 latus
2272 5051 2443 5124 meridia-

1440 5144 1527 5188 num
1544 5133 1657 5191 totum
1674 5123 1758 5193 vidi.
1807 5124 1879 5197 Sed
1896 5142 2014 5201 tamen
2035 5139 2169 5209 multae
2186 5167 2311 5218 causae
2328 5177 2442 5226 nicam

1440 5221 1670 5311 cupiditateni
1693 5229 1943 5302 accenderunt.
2000 5234 2207 5315 Delectatus
2234 5272 2312 5320 sum
2338 5273 2444 5329 natu-

1439 5346 1499 5391 rae
1525 5323 1692 5395 varietate
1716 5326 1755 5395 in
1789 5325 1847 5400 his
1873 5333 1978 5420 loeis,
2020 5339 2209 5416 civitatum
2244 5353 2446 5447 disciplina,

1439 5419 1626 5494 hominum
1657 5432 1902 5503 moderatione
1925 5451 1959 5508 et
1991 5445 2198 5534 munditie,
2242 5455 2444 5548 frequentia

1440 5526 1674 5600 eruditorum.
1742 5528 1881 5606 Deinde
1910 5553 1946 5608 et
1976 5545 2240 5630 gratitudinem
2273 5580 2330 5625 me
2361 5555 2446 5625 buic

1439 5628 1534 5717 genti
1549 5631 1676 5702 debere
1686 5646 1820 5717 statuo,
1847 5638 2044 5731 quaemihi
2064 5647 2160 5720 inter
2177 5647 2449 5730 honestissimos

1438 5743 1473 5800 et
1487 5731 1743 5806 eruditissimos
1764 5738 1879 5825 viros,
1906 5757 1985 5831 post
2001 5745 2062 5816 lon
2073 5772 2132 5838 gas
2149 5764 2183 5821 et
2198 5753 2368 5830 molestas
2386 5785 2450 5853 po·

1438 5833 1711 5924 regrinationes,
1745 5862 1820 5909 non
1842 5845 1948 5912 modo
1971 5846 2221 5934 domicilium,
2254 5857 2318 5925 sed
2344 5864 2451 5936 etiam

1752 5940 1776 6007 8
