6025 6775
501 650 596 724 1041
1057 642 1087 721 1.
1137 632 1428 714 CHRONlCON
1450 631 1700 716 cantouts.
1747 636 1874 713 PARS
1898 637 1947 719 lt.
2404 642 2502 721 1042

499 834 532 892 et
545 820 620 909 ipse
633 816 672 886 in
687 812 853 887 convivio
865 815 1096 887 obtruncatus
1113 822 1174 883 est.
1226 806 1314 880 Mox
1335 820 1370 878 et
1393 827 1472 875 suc·
1523 803 1666 879 Totilae
1688 809 1938 899 patefecerunt.
1990 809 2092 884 Gotti
2116 812 2264 902 ingressi
2278 814 2403 885 urbem
2418 838 2498 905 pas-

497 942 613 991 cessor
639 919 714 988 eius
735 916 940 987 interlectos
969 926 1029 983 est.
1087 908 1143 981 lta
1164 910 1258 980 intra
1286 906 1472 980 biennium
1523 906 1589 977 sim
1618 907 1744 978 obvios
1771 909 2004 1000 interficiunt,
2034 915 2075 985 fit
2104 913 2276 1006 direptio,
2308 927 2342 985 et
2371 937 2497 1004 magna

498 1021 588 1092 duos
605 1039 702 1107 reges
717 1014 818 1088 Gotti
833 1014 1093 1086 interfecerunt.
1522 1029 1603 1098 pars
1633 1008 1872 1081 aedificiorum
1902 1012 2067 1085 incendio
2094 1014 2197 1107 perit.
2254 1012 2356 1085 lubet
2377 1012 2496 1084 Totila

599 1115 690 1189 Cum
713 1116 821 1207 igitur
844 1128 878 1185 et
891 1110 1066 1184 Romanis
1089 1105 1194 1179 bellis
1216 1120 1251 1179 et
1273 1106 1473 1177 domesticis
1521 1121 1557 1179 et
1576 1131 1698 1179 muros
1718 1109 1826 1183 dirui.
1878 1110 2037 1207 Cumque
2058 1128 2166 1184 totam
2190 1115 2322 1183 urbem
2342 1112 2495 1185 Romam

500 1218 688 1291 discordiis
701 1214 858 1308 potentia
875 1210 1016 1285 Gottica
1038 1210 1256 1299 langueiacta
1280 1220 1385 1293 esset,
1410 1230 1471 1276 rex
1522 1206 1623 1280 Gotti
1646 1209 1764 1279 delere
1786 1206 1918 1284 vellent
1928 1212 2072 1305 Pelagio
2086 1213 2257 1285 Pontifice
2277 1216 2495 1303 deprecante,

436 1322 439 1328 “
500 1317 694 1391 Gottorum
715 1314 837 1385 Totila
857 1312 970 1382 factus
988 1322 1059 1397 est,
1092 1310 1155 1402 qui
1176 1307 1276 1379 brevi
1307 1331 1470 1398 magnam
1520 1303 1704 1402 prohibuit
1737 1307 1856 1381 Totila
1884 1316 2005 1385 caedes
2032 1328 2067 1386 et
2098 1314 2273 1386 incendia.
2322 1308 2402 1386 Etsi
2428 1314 2497 1383 luit

498 1433 634 1512 partem
649 1415 770 1486 ltaliae
792 1411 940 1503 recepit,
962 1434 1042 1481 curn
1064 1408 1170 1479 initio
1193 1408 1334 1497 exiguas
1354 1408 1472 1498 copias
1520 1422 1602 1480 ante
1614 1406 1732 1484 Roma
1745 1411 1791 1482 ab
1806 1409 1948 1484 Alarico
1964 1431 1998 1486 et
2012 1411 2206 1486 Genserieo
2229 1427 2328 1507 capta
2352 1428 2388 1484 ct
2402 1413 2498 1483 dire·

496 1515 664 1600 haberet,
692 1515 777 1608 quia
795 1508 923 1581 Graeci
944 1512 1049 1581 duces
1080 1521 1117 1581 ct
1135 1509 1301 1601 praefecti
1322 1519 1471 1600 propter
1521 1520 1599 1596 pta,
1621 1520 1740 1579 tamsm
1765 1512 1940 1585 destructa
1963 1540 2037 1585 non
2062 1515 2150 1599 fuit,
2175 1518 2234 1585 sed
2260 1508 2377 1583 inhac
2392 1512 2495 1584 tertia

497 1617 721 1708 rapacitatem
738 1613 777 1681 in
791 1611 876 1682 odio
891 1626 1005 1694 erant,
1026 1624 1061 1682 et
1074 1609 1113 1681 in
1127 1607 1384 1702 gubernatione
1397 1628 1472 1678 uon
1523 1608 1753 1695 occupatione
1766 1613 1940 1684 destructa
1958 1630 2027 1695 est,
2052 1617 2142 1684 sicut
2162 1616 2380 1707 praedictum
2393 1613 2495 1682 fulta

497 1730 597 1789 erant
612 1714 818 1786 concordes.
1523 1703 1676 1800 Sibylla:
1702 1698 1805 1798 ῥώμη
1817 1706 1888 1799 μὲν
1901 1706 1998 1809 ῥύμη
2013 1712 2130 1786 ἔσεται
2146 1713 2209 1788 καὶ
2229 1710 2339 1807 δῆλος
2352 1708 2496 1805 ἄδηλος.

598 1862 604 1870 .
1624 1801 1852 1878 Admoneant
1882 1828 1998 1883 autem
2029 1836 2095 1885 nos
2127 1816 2282 1906 exempla
2316 1813 2497 1883 ruentium

599 1903 745 1992 Tolila,
767 1905 989 2001 penultimus
1004 1930 1064 1977 rex
1088 1903 1292 1993 Gottorum,
1313 1900 1474 1996 regnavit
1523 1905 1754 2000 imperiorum
1770 1919 1805 1978 et
1825 1930 2029 2000 magnarum
2054 1916 2198 1987 urbium
2214 1917 2258 1985 de
2272 1915 2403 1985 iudicio
2418 1910 2498 1985 Dei.

498 2034 612 2087 annos
636 2014 771 2082 decem.
820 2006 895 2081 Res
908 2006 1067 2079 Gotticas
1088 2007 1263 2098 singulari
1284 2006 1414 2077 virtute
1439 2016 1473 2074 et
1522 2007 1715 2100 Pleraeque
1743 2022 1889 2102 propter
1917 2010 2034 2097 idola,
2065 2015 2289 2108 tyrannidem
2321 2025 2355 2083 et
2374 2011 2497 2082 libidi-

496 2112 685 2186 ioelicitate
698 2132 820 2181 rursus
834 2107 961 2189 erexit,
986 2109 1066 2179 etsi
1081 2106 1469 2197 tandemipsiusetiam
1521 2131 1585 2179 nes
1604 2108 1779 2180 delentur.
1831 2107 1967 2181 Romae
1989 2113 2034 2179 ad
2057 2108 2142 2184 hacc
2164 2116 2293 2185 scelera
2309 2123 2496 2184 accesserat

497 2216 640 2285 fortuna
665 2230 835 2280 conversa
857 2221 927 2294 est,
955 2207 1046 2277 sicut
1067 2207 1101 2277 ei
1124 2206 1336 2278 Benedictus
1352 2201 1473 2277 Abbas
1521 2208 1669 2280 saevicia
1684 2211 1851 2279 adversus
1861 2205 2081 2281 Christianos
2099 2214 2181 2282 inde
2194 2238 2305 2306 usque
2318 2212 2497 2284 aNerone.

497 2311 687 2407 praedixit,
713 2308 775 2406 qui
789 2307 908 2404 inquit
924 2307 969 2375 ad
985 2328 1083 2375 eum:
1115 2305 1233 2377 Multa
1246 2308 1338 2377 mma
1352 2306 1472 2385 facies,
1521 2306 1684 2380 Tandem
1697 2308 1806 2399 igitur
1818 2310 1920 2381 Italia
1934 2311 2098 2382 universa
2121 2307 2342 2384 horribiliter
2362 2325 2495 2381 vastata

496 2412 650 2486 Romam
670 2408 897 2499 ingredieris,
917 2427 1046 2475 novem
1067 2406 1172 2476 annis
1193 2406 1374 2496 regnabis,
1403 2406 1471 2476 de·
1520 2423 1594 2495 est,
1628 2422 1663 2480 et
1684 2409 1723 2479 in
1753 2422 1948 2482 exterarum
1978 2412 2135 2500 gentium
2167 2423 2368 2500 potestatem
2392 2412 2499 2483 venit.

499 2513 591 2583 ciroo
608 2509 780 2583 morieris.
829 2501 883 2575 Ac
899 2504 1035 2575 flexisse
1050 2529 1129 2576 eum
1138 2504 1323 2578 Benedicti
1337 2500 1470 2576 adhor—
1519 2508 1656 2605 Repeto
1669 2523 1785 2584 autern
1802 2525 1836 2582 et
1847 2523 2020 2604 tempora,
2031 2512 2162 2606 quibus
2170 2522 2204 2587 et
2212 2523 2318 2581 antes
2330 2521 2429 2601 capta
2437 2524 2500 2580 est.

498 2613 585 2686 tatio
599 2610 748 2691 dicitur,
767 2616 808 2675 ut
821 2604 940 2675 minus
955 2607 1107 2676 crudelis
1122 2606 1161 2676 in
1180 2608 1338 2679 victoriis
1350 2604 1470 2681 luerit.
2240 2684 2252 2703 ‚
2444 2641 2449 2650 ·

600 2707 710 2779 Initio
726 2706 769 2774 ad
786 2701 1003 2775 Placentiam
1016 2706 1101 2777 vicit
1112 2705 1317 2780 Romanum
1338 2708 1469 2777 exerci-
1609 2765 1613 2775 .
1747 2678 1868 2747 ΗΜ·
1892 2687 2055 2768 q¹¹⁰¹f⁸⁸
2080 2696 2195 2766 ⁰⁸P¹⁸
2219 2694 2281 2745 ἠ·

498 2826 575 2884 tum
601 2806 712 2897 duplo
733 2803 903 2877 maiorem
930 2827 1014 2892 suo,
1055 2807 1187 2898 insigni
1215 2820 1468 2897 strategemate.
1579 2872 1581 2875 ,
1620 2806 1651 2886 l.
1666 2750 1868 2901 ⁸l‘empore
1882 2806 2038 2881 Honorii
2052 2805 2216 2881 Alaricus
2231 2807 2422 2880 Gottorum
2438 2829 2498 2875 rex

498 2909 588 2982 Nam
608 2906 770 2980 Gotticus
786 2904 959 2977 exercitus
973 2918 1047 2979 erat
1060 2921 1199 2979 tanturn
1215 2908 1373 3003 quinque
1387 2907 1470 2976 mil·
1518 2907 1673 2984 Romam
1695 2909 1842 2981 biennio
1872 2911 2134 2982 circumsessam
2161 2910 2272 3002 cepit,
2305 2932 2400 2978 anno
2421 2905 2499 2977 Pro-

497 3010 587 3081 lium
604 3008 774 3082 virorum.
822 3003 963 3079 Deinde
982 3010 1174 3099 procedens
1195 3008 1379 3101 occupavit
1394 3030 1471 3077 ma·
1520 3034 1598 3082 mac
1623 3003 1811 3080 millesimo
1833 3011 2045 3101 sexagesimo
2069 3024 2215 3105 quarto,
2253 3032 2349 3080 anno
2368 3002 2499 3079 Christi

497 3132 603 3201 gnam
619 3106 742 3181 Italiae
765 3121 918 3199 partem,
942 3120 978 3179 et
1002 3110 1206 3204 ubicunque
1227 3108 1320 3201 cepit
1332 3108 1471 3179 nobiles
1519 3109 1865 3207 quadringentesimo
1892 3110 2167 3205 decimoquarto.

497 3225 696 3294 matronas,
736 3206 893 3297 virgines
915 3221 949 3279 et
977 3233 1124 3302 pueros,
1154 3211 1251 3284 misit
1280 3208 1471 3282 inviolatos
1620 3207 1668 3282 ll.
1708 3209 1887 3303 Tempore
1901 3209 2072 3282 Martiani
2089 3209 2302 3304 (hemericus
2316 3206 2499 3279 Vandalus

497 3311 628 3387 additis
651 3306 836 3402 praesidiis
858 3309 903 3378 ad
919 3329 1012 3378 suos.
1064 3308 1188 3405 ltaque
1205 3323 1350 3405 propter
1367 3309 1471 3382 iusti·
1520 3308 1674 3385 Romam
1686 3308 1852 3402 spoliavit
1868 3312 2016 3383 abducta
2032 3313 2117 3383 inde
2128 3308 2304 3396 Eudoxia,
2317 3332 2408 3402 quae
2422 3308 2500 3376 fue·

499 3414 589 3486 dam
613 3411 731 3504 plures
756 3412 801 3480 ad
823 3432 904 3479 eum
919 3409 1137 3479 deficiebant.
1188 3410 1363 3502 Neapolin
1379 3411 1473 3479 lame
1521 3427 1575 3484 rat
1594 3410 1751 3484 coniunx
1763 3405 2019 3498 Valentiniani,
2045 3437 2139 3484 anno
2153 3411 2289 3485 Romae
2311 3410 2501 3478 millesimo

498 3513 614 3603 coigit
626 3513 670 3582 ad
687 3509 916 3594 deditionem,
939 3533 1045 3601 quarn
1058 3534 1137 3580 cum
1154 3523 1370 3602 occupasset,
1390 3532 1473 3578 mox
1522 3512 1764 3584 ducentesimo
1792 3536 1910 3601 nono,
1948 3537 2045 3585 anno
2067 3510 2199 3587 Christi
2226 3511 2500 3607 quadringente-

496 3615 714 3684 frumentum
731 3605 854 3679 invehi
868 3608 1018 3702 curavit,
1043 3623 1077 3679 et
1091 3610 1306 3703 praesidium
1322 3609 1474 3694 addidit,
1522 3614 1614 3684 simo
1634 3613 1925 3706 quinquagesimo
1947 3637 2058 3684 nono.

498 3737 545 3784 ne
566 3714 721 3783 intanta
742 3712 834 3782 fame
858 3711 1075 3780 frumentum
1105 3710 1224 3782 subito
1246 3708 1474 3802 diriperetur,
1624 3710 1689 3784 tlt.
1720 3711 1899 3807 Tempore
1912 3711 2101 3785 Iustiniani
2124 3709 2246 3783 'l'otila
2266 3711 2358 3801 cepit
2379 3723 2413 3779 et
2436 3709 2499 3778 de-

498 3817 557 3884 sed
575 3826 614 3883 ut
629 3811 755 3883 ordine
776 3811 900 3894 vendi,
919 3823 953 3880 et
969 3811 1152 3899 egentibus
1165 3810 1332 3882 distribui
1348 3823 1474 3901 posset,
1521 3812 1648 3886 struxit
1674 3814 1804 3883 urbem
1834 3815 2096 3885 circumsessam
2130 3812 2270 3882 circiter
2301 3809 2498 3893 biennium,

498 3909 685 4006 prohibuit
721 3911 822 3982 urbis
860 3909 1113 4001 Neapolitanae
1147 3911 1403 4002 direptionem,
1438 3924 1474 3984 et
1521 3938 1617 3985 anno
1633 3909 1774 3986 Romae
1791 3915 1981 3984 millesimo
2004 3912 2245 3984 ducentesimo
2267 3909 2499 3997 nonagesimo

496 4014 711 4107 praesidium
734 4010 940 4083 Romanum
962 4011 1097 4084 dimisit
1124 4013 1254 4084 additis
1278 4011 1385 4082 etiam
1408 4033 1474 4081 na·
1521 4026 1630 4096 sexto,
1662 4037 1757 4082 anno
1772 4009 1907 4083 Christi
1929 4009 2211 4104 quingentesimo
2233 4007 2501 4100 quadragesimo

495 4113 598 4205 vigiis
614 4112 803 4184 etviatico.
1522 4125 1639 4199 serto,
1678 4112 1725 4181 ab
1743 4106 1909 4199 Augrssto
1929 4133 2025 4179 anno
2058 4106 2340 4202 quingentesimo
2363 4120 2503 4198 qsmrto,

597 4211 687 4284 Cum
712 4225 828 4282 autem
850 4208 1075 4288 'iustinianus
1098 4213 1324 4285 intellexisset
1345 4209 1475 4284 Gottos
1521 4236 1617 4285 anno
1641 4224 1719 4303 post
1747 4209 2021 4281 deslmctionem
2047 4204 2271 4298 Carthaginis
2297 4207 2500 4300 septingen-

498 4333 620 4382 rursus
641 4313 839 4405 superiores
861 4332 935 4381 esse
958 4313 995 4382 in
1022 4312 1143 4398 ltalia,
1167 4326 1203 4383 et
1226 4311 1297 4384 iam
1317 4312 1474 4383 a'l'olila
1522 4311 1660 4388 tesimo.
1711 4309 1819 4401 Quod
1835 4334 1877 4380 eo
1891 4311 2044 4398 adiicio,
2063 4309 2144 4402 quia
2161 4309 2281 4398 Scipio
2296 4308 2501 4377 incendium

497 4408 650 4483 Romam
674 4412 849 4494 obsideri,
873 4409 1085 4481 Belisarium
1108 4413 1264 4482 secundo
1279 4413 1317 4488 in
1336 4410 1475 4485 ltaliam
1521 4408 1745 4501 Carthaginis
1760 4411 1931 4501 aspiciens
1947 4434 1987 4482 ac
2000 4411 2197 4505 lacrymans
2212 4407 2316 4478 dixit:
2343 4406 2389 4478 Se
2404 4407 2500 4495 cogi·

446 4556 452 4561 -
498 4509 619 4595 mittit,
639 4513 697 4580 sed
713 4537 827 4607 neque
842 4513 1008 4582 accedere·
1019 4515 1062 4580 ael
1081 4514 1256 4584 obsessam
1273 4515 1395 4584 urbem
1404 4511 1473 4583 Be·
1523 4529 1597 4586 tare
1611 4513 1726 4582 simile
1743 4512 1818 4582 lore
1830 4512 2023 4606 aliquando
2036 4510 2209 4580 excidium
2217 4505 2366 4580 Romae.
2388 4503 2504 4576 Dein·

499 4610 641 4680 lisarius
658 4613 784 4703 potuit,
800 4637 864 4683 nec
882 4612 1070 4682 exercitum
1088 4610 1212 4683 habuit
1226 4636 1346 4705 parem
1363 4609 1471 4684 hosti·
1518 4602 1567 4685 'de
1587 4637 1668 4685 curn
1692 4610 1905 4694 Belisarius,
1926 4610 1991 4705 qui
2011 4608 2163 4682 Romam
2190 4607 2503 4679 destructisrnuris

497 4711 578 4783 bus.
606 4709 742 4781 interea
757 4711 841 4782 dum
855 4712 954 4783 urbis
969 4710 1105 4783 Romae
1120 4715 1260 4787 obsidio
1278 4716 1351 4784 lere
1368 4713 1473 4786 bien·
1521 4728 1722 4806 receperat,
1746 4713 1980 4796 discessisset,
2006 4711 2161 4781 triennio
2183 4721 2264 4800 post
2288 4709 2501 4777 destructio-

499 4812 561 4882 nio
577 4812 694 4894 durat,
718 4810 825 4881 simul
839 4813 924 4884 alibi
941 4813 1071 4884 multae
1093 4816 1199 4885 urbes
1225 4815 1296 4892 iam
1314 4813 1475 4901 aTotila,
1521 4839 1603 4885 nem
1618 4812 1739 4886 'l'otila
1764 4835 1886 4885 rursus
1909 4835 1990 4883 casn
2015 4811 2128 4905 cepit,
2150 4822 2186 4882 et
2209 4808 2329 4903 aliqua
2344 4831 2387 4878 ex
2402 4821 2504 4900 parte

495 4911 566 4981 iam
591 4935 612 4982 a
634 4909 808 4982 Belisario
831 4915 933 4985 stab
956 4913 1035 4986 aliis
1063 4915 1214 4985 ducibus
1241 4928 1472 5007 occupantur,
1520 4914 1742 4990 instauravit.

493 5011 598 5083 multi
618 5013 711 5083 lame
737 5024 772 5085 et
792 5012 1011 5102 pestilentia,
1041 5015 1145 5087 multi
1168 5015 1207 5084 in
1223 5015 1366 5106 praeliis
1391 5037 1473 5107 per·
1856 5082 1866 5099 ,
2075 5081 2087 5098 ,

496 5125 599 5197 eunt,
624 5125 658 5182 et
675 5113 714 5184 fit
730 5111 916 5182 universae
939 5112 1059 5187 ltaliae
1075 5117 1232 5187 vastatio.
1291 5113 1470 5185 Placentia
1716 5081 1892 5151 N‘mu
1916 5075 2044 5152 bem
2070 5099 2117 5151 ⁸¹⁸
2141 5078 2306 5150 '‘m'‘

493 5214 637 5282 tandem
667 5209 787 5286 Gottis
816 5212 934 5283 dedita
963 5229 1033 5303 est,
1072 5241 1152 5287 cum
1177 5214 1391 5308 praesidium
1419 5215 1471 5285 ibi
1621 5207 1812 5282 interiecto
1834 5221 1953 5280 antem
1977 5202 2108 5280 Tolila
2131 5221 2211 5301 post
2232 5208 2426 5281 triennium
2444 5228 2502 5274 re·

492 5314 585 5383 vesci
602 5310 767 5384 humanis
790 5311 956 5391 carnibus
978 5317 1156 5407 coepisset.
1206 5314 1344 5388 Romae
1364 5315 1470 5387 etiam
1520 5311 1612 5406 cepit
1631 5313 1756 5382 urbem
1781 5307 1935 5381 Romam
1948 5303 2094 5383 Nares
2116 5334 2210 5381 anno
2234 5305 2369 5382 Christi
2393 5307 2501 5399 quin-

492 5424 591 5484 tanta
611 5415 722 5484 fames
743 5415 831 5498 tuis,
857 5424 899 5485 ut
920 5424 1043 5504 pater,
1065 5419 1125 5508 qui
1152 5417 1283 5487 multos
1298 5415 1390 5485 lilios
1404 5410 1470 5486 ha·
1520 5411 1714 5506 geutesimo
1729 5411 2025 5505 quinquagesimo
2040 5413 2209 5482 secundo.
2256 5407 2341 5478 Post
2355 5406 2393 5477 id
2410 5418 2501 5475 tem-

491 5511 635 5599 bucrat‚
661 5515 901 5606 spectantibus
921 5512 1044 5582 multis
1065 5536 1137 5588 sese
1158 5520 1202 5587 de
1218 5530 1324 5608 ponte
1339 5517 1377 5585 in
1394 5515 1469 5609 'ty-
1519 5536 1585 5607 pus
1606 5536 1718 5609 usque
1742 5513 1785 5581 ad
1806 5507 2021 5609 Agilolsum
2043 5535 2160 5602 regem
2180 5507 2500 5595 longobardorum

490 5613 583 5688 brim
598 5614 899 5706 praecipitaverit,
924 5613 1052 5684 iubens
1064 5612 1154 5685 filios
1170 5631 1325 5707 petentes
1348 5614 1466 5685 cibum
1520 5638 1629 5684 noum
1654 5613 1858 5703 peregrinus
1890 5614 2015 5682 urbem
2037 5610 2190 5685 Romam
2223 5607 2377 5678 obsedit.
2426 5603 2502 5674 Has

490 5741 528 5789 sc
540 5717 652 5808 sequi.
678 5715 814 5789 Milites
828 5717 938 5809 igitur
952 5711 1096 5788 lsaurici
1112 5730 1250 5808 portam
1265 5715 1467 5790 Asinariam
1503 5715 1599 5788 sices
1623 5713 1730 5787 simul
1751 5713 1940 5806 complecti
1961 5708 2021 5783 bic
2047 5712 2169 5790 volui,
2196 5721 2235 5781 nt
2252 5705 2402 5798 cogitari
2419 5728 2503 5798 pos-
