6025 6775
510 666 585 743 902,
859 726 865 738 ,
1019 629 1096 729 ²²11.
1145 631 1709 732 ennoorcoucamonrs
1759 654 1963 734 ransn.
2445 662 2522 736 aas

511 850 582 918 set,
606 857 654 903 an
674 855 711 903 se
729 841 951 923 agnosceret.
976 822 1093 917 inquit
1112 822 1191 891 ille:
1218 816 1388 914 Αμιοεεο
1408 817 1488 917 pri-
1538 828 1651 898 multa
1663 826 1758 897 bella
1771 826 1903 896 civilia:
1936 826 2112 899 Nobilitas
2136 828 2251 900 deleta
2273 844 2326 901 est
2347 832 2476 920 partim
2497 856 2519 901 a

510 933 732 1028 mogenitum
760 926 936 1004 Diaboli.
1005 923 1095 993 Nam
1125 924 1284 1016 quaestio
1314 924 1359 993 de
1384 944 1487 992 causa
1538 928 1718 1023 tyrannis,
1741 929 1871 1019 partim
1889 927 2045 999 inbellis
2061 928 2244 999 civilibus:
2274 921 2460 1001 Exercitus
2475 953 2516 999 ex

510 1034 605 1105 Mali
638 1048 723 1105 tunc
758 1054 900 1127 qnoque
929 1023 1086 1115 ingentia
1118 1022 1310 1093 certamina
1339 1021 1487 1113 peperit.
1537 1029 1698 1099 barbaris
1710 1029 1873 1118 gentibus
1887 1030 2041 1102 collecti:
2071 1028 2267 1121 Disciplina
2282 1044 2384 1101 vetus
2400 1030 2515 1101 extin-

509 1135 674 1208 Marcion
690 1134 872 1204 constituit
886 1130 957 1198 duo
972 1122 1165 1217 principia,
1189 1122 1323 1214 pariter
1333 1135 1487 1209 aeterna,
1537 1144 1610 1215 cta,
1634 1129 1906 1219 Magistratuum
1923 1145 1957 1202 et
1970 1131 2125 1202 militurn
2141 1131 2180 1199 in
2203 1131 2397 1221 provinciis
2409 1155 2513 1223 rapa-

508 1237 602 1306 intcr
617 1257 654 1304 se
669 1232 877 1326 pugnantia,
903 1226 1065 1296 videlicet
1086 1226 1176 1291 duos
1190 1222 1303 1307 Deos,
1332 1246 1484 1316 quorum
1537 1231 1622 1301 citas
1641 1244 1676 1301 et
1692 1231 1859 1301 libidine,
1873 1246 2070 1304 treverum,

508 1335 659 1406 alterum
685 1335 773 1404 dixit
792 1352 867 1401 aare
886 1347 1026 1398 tautam
1054 1322 1206 1414 pectilia
1246 1322 1337 1393 sicut
1366 1338 1485 1415 postea
1636 1333 1728 1403 Cum
1744 1346 1860 1402 autem
1876 1340 1990 1404 tantas
2003 1334 2042 1402 in
2060 1355 2187 1424 genere
2200 1326 2360 1402 humano
2384 1332 2511 1402 coniu-

507 1431 710 1505 Manichaei
739 1430 971 1503 nominarunt
999 1418 1112 1515 ὕλην,
1153 1436 1187 1492 et
1219 1438 1316 1493 ortos
1341 1424 1388 1493 ab
1416 1421 1484 1494 hoc
1535 1431 1653 1502 siones
1673 1432 1871 1512 intuemur,
1903 1435 2125 1523 deploremus
2147 1433 2306 1503 miserias
2326 1428 2511 1510 humanas,

506 1534 683 1626 principio
697 1533 866 1604 dixerunt
880 1550 953 1597 non
969 1545 1069 1616 poste
1087 1522 1248 1593 converti
1271 1524 1315 1592 ad
1337 1524 1482 1595 bonum·
1533 1544 1569 1601 et
1584 1532 1775 1621 cogitemus
1788 1534 1914 1619 simul,
1947 1548 2153 1605 nontamen
2170 1533 2377 1605 uuiversum
2400 1555 2510 1622 genus

507 1633 670 1705 Alterum
689 1633 780 1705 dixit
798 1652 874 1702 esse
892 1628 1046 1709 honum,
1077 1624 1173 1716 quod
1190 1618 1394 1695 Manichaei
1416 1646 1484 1693 no·
1534 1626 1729 1702 humauum
1744 1646 1882 1704 tantum
1901 1636 1945 1706 ad
1971 1629 2056 1705 haec
2077 1629 2255 1705 horrenda
2277 1635 2370 1703 mala
2398 1634 2509 1705 nasci:

505 1735 691 1806 minaruut
712 1733 865 1815 Lucem,
904 1741 939 1798 et
960 1726 1127 1795 dixerunt
1147 1737 1243 1794 orl⁰⁸
1264 1748 1284 1795 a
1305 1726 1383 1795 luce
1408 1748 1483 1793 non
1533 1735 1592 1804 sed
1615 1756 1696 1827 vere
1716 1732 1827 1802 lilium
1843 1731 1913 1801 Dei
1930 1735 2077 1804 missum
2100 1757 2190 1817 esse,
2221 1749 2263 1805 nt
2284 1734 2370 1804 inde
2383 1730 2510 1809 Ecclee

503 1858 606 1926 posse
640 1835 822 1917 damnari,
870 1826 1045 1923 quidquid
1076 1825 1225 1895 iaciantt
1262 1848 1303 1894 ac
1335 1824 1480 1897 Stoicam
1532 1835 1619 1905 siam
1642 1845 1820 1903 artemam
1842 1848 2019 1924 excerpat,
2058 1835 2161 1904 cuius
2181 1835 2375 1905 efficiamur
2399 1834 2507 1904 cives:

506 1936 747 2006 necessitatem
764 1935 802 2003 in
816 1931 920 2002 bouis
936 1942 970 1999 et
983 1925 1086 1996 malis
1100 1926 1372 1997 constituerunt.
1532 1948 1567 2005 et
1595 1934 1731 2025 protegi
1762 1956 1802 2003 ac
1832 1934 1965 2002 servari
1992 1955 2057 2003 nos
2081 1935 2119 2003 iu
2142 1957 2182 2004 ea
2207 1948 2383 2026 petamus,
2418 1935 2510 2005 sicut

606 2033 704 2105 Haec
724 2048 812 2107 tetra
835 2031 1064 2103 deliramenta
1086 2026 1155 2094 lale
1176 2025 1303 2117 tparsit
1318 2024 1481 2097 Marcion
1533 2034 1709 2106 israelitae
1727 2034 1949 2105 servatisuut
1964 2032 2056 2104 intra
2072 2034 2217 2123 domos,
2242 2057 2393 2128 quarum
2411 2034 2510 2102 lirni-

504 2135 544 2203 iu
565 2129 670 2219 Asia,
702 2149 736 2205 et
760 2134 911 2207 Romae:
961 2149 1051 2221 quae
1080 2140 1162 2198 nata
1193 2139 1277 2196 sunt
1298 2150 1339 2195 er
1364 2126 1481 2198 stoicis
1533 2161 1578 2206 na
1595 2137 1766 2225 sanquine
1785 2129 1887 2226 Agni
1901 2155 2087 2224 conspersa
2102 2147 2213 2206 erant.

506 2234 806 2325 disputationibus
823 2235 869 2301 de
884 2228 1115 2317 Necessitate,
1142 2248 1287 2317 quaem
1302 2240 1385 2297 sucu
1401 2252 1479 2319 per·
1632 2235 1727 2306 Haec
1747 2235 1901 2305 breviter
1920 2236 2036 2304 dicere
2056 2233 2186 2318 malui,
2207 2256 2313 2325 quam
2331 2227 2509 2302 horrenda

503 2334 658 2403 ΰῑΰῑῡθὸθ
686 2334 862 2416 ffl⁰ributs
898 2330 983 2424 quii
1012 2349 1091 2396 ‘⁰¹¹¹
1117 2325 1388 2427 sundifflenium
1412 2323 1479 2398 hoc
1530 2337 1659 2429 flagitia
1674 2335 1863 2409 Commodi
1877 2337 2041 2407 recitare:
2068 2332 2238 2421 Quicum
2252 2331 2510 2404 multosSeua-

501 2434 656 2523 P⁰⁸i¹¹¹¹¹¹
682 2448 751 2521 ⁰³²2
784 2430 919 2506 Omnia
943 2425 1138 2497 mmm
1160 2425 1256 2511 fieris
1295 2428 1478 2518 dilldefllit
1529 2453 1623 2509 tores
1652 2453 1688 2509 et
1716 2438 1805 2508 alios
1832 2437 1964 2507 iniuste
1996 2433 2244 2519 interfecisset,
2273 2434 2415 2504 tandem
2446 2454 2510 2522 per

502 2533 667 2603 &bliciitlr
680 2534 821 2626 regendi
838 2550 973 2613 mores,
998 2538 1034 2597 ei
1046 2525 1179 2595 decedit
1196 2540 1257 2597 dui
1271 2530 1479 2621 desperatio,
1530 2536 1747 2611 Praefectum
1764 2538 1942 2630 praetorio
1957 2535 2086 2607 Letum
2101 2548 2136 2607 et
2156 2534 2392 2606 concubinam
2406 2530 2511 2601 Mar.

501 2648 564 2704 aut
577 2633 615 2701 in
630 2636 761 2706 securis
779 2628 1001 2704 confidentia.
1052 2625 1092 2697 si
1112 2626 1192 2719 quis
1207 2628 1354 2721 cogitat,
1379 2654 1417 2700 se
1431 2632 1489 2701 ab'
1527 2643 1614 2712 tiam
1633 2640 1869 2731 strangulatus
1882 2653 1946 2711 eet,

499 2729 810 2827 illiil⁰f¹¹¹¹1¹t⁵⁸²2
835 2725 1344 2826 ss⁰sse¹i²⁹fil⁰⁰¹¹vef⁸i⁰ssm
1631 2739 1767 2811 interea
1801 2754 1920 2808 tamen
1949 2738 2060 2807 crevit
2085 2731 2256 2809 Ecclesia.
2314 2732 2405 2803 Nam
2440 2736 2509 2802 sub

603 2833 651 2906 Ut
686 2849 803 2906 autem
836 2846 871 2901 et
902 2831 1032 2920 species
1062 2827 1248 2898 inusitatae
1285 2832 1478 2904 sanctitatis
1527 2838 1725 2913 commodo
1754 2839 1915 2910 scribunt
1943 2859 2106 2927 magnam
2135 2833 2371 2927 frequentiam
2398 2834 2509 2903 [uisse

501 2934 744 3005 offunderetur
758 2932 942 3005 homiuum
957 2928 1086 3013 oculis,
1113 2926 1276 2999 Marcion
1293 2927 1478 3024 prohibuit
1527 2940 1665 3028 collegii
1680 2935 1931 3009 Alexandrini:
1964 2950 1998 3007 et
2019 2935 2181 3006 floruisse
2202 2957 2244 3003 eo
2269 2946 2427 3023 tempora
2449 2933 2508 3003 in.

500 3037 719 3124 coniugium:
746 3048 911 3108 ettamen
931 3031 1005 3122 ipse
1022 3029 1172 3101 Diaconi
1195 3029 1233 3100 in
1250 3031 1368 3127 Cypro
1391 3058 1478 3104 con·
1528 3051 1696 3133 terpretcs
1728 3040 1909 3109 doctrinae
1944 3032 2169 3128 propheticae
2209 3046 2243 3104 et
2284 3033 2509 3125 apostolicae,
2549 3073 2552 3082 ·

500 3135 617 3225 iugem
637 3137 798 3220 ibdffl‘ih
822 3156 912 3226 (1⁰³⁹
934 3144 1052 3223 ΡΟδιεῧ
1078 3153 1215 3200 “imit
1240 3137 1283 3202 td
1310 3136 1476 3206 maritum
1527 3136 1780 3223 Pantaenum,
1806 3152 1840 3209 et
1855 3130 2091 3221 Clementem,
2116 3135 2178 3230 qui
2193 3147 2315 3205 narrat
2338 3127 2509 3203 sciuisse

500 3238 657 3307 narravit
676 3259 836 3326 magnam
855 3232 1111 3324 turpitudinem
1127 3232 1229 3301 istius
1242 3248 1366 3306 sectae.
1430 3267 1432 3271 ⁴
1527 3245 1724 3314 auditorem
1747 3239 1932 3311 Pantaeni.
1996 3237 2137 3308 Dicitur
2165 3231 2281 3306 autem
2305 3232 2508 3304 Pantaenus

602 3336 704 3407 Talia
721 3339 863 3408 luerunt
878 3333 1069 3405 certamina
1089 3331 1127 3400 in
1153 3333 1214 3401 illa
1239 3358 1342 3405 aurea
1364 3348 1476 3408 aetate
1528 3357 1646 3436 postea
1668 3337 1902 3432 Evangelium
1923 3339 2083 3411 docuisse
2107 3337 2146 3408 iu
2171 3334 2296 3420 ludia,
2330 3358 2370 3405 ac
2387 3334 2509 3406 luisse

498 3436 632 3528 Primae
647 3436 842 3517 Ecclesiae,
865 3459 946 3504 mox
965 3448 1041 3525 post
1059 3432 1259 3524 Apostolos.
1309 3435 1476 3529 Polycar·
1526 3447 1647 3536 plures
1662 3457 1763 3528 tnnc,
1789 3441 1852 3535 qni
1866 3441 2146 3511 nominabantur
2154 3432 2442 3531 Evangelistae,
2469 3437 2507 3503 id

498 3560 566 3628 put
586 3541 758 3628 supplicio
780 3540 925 3608 allectus
942 3550 995 3605 tal
1016 3533 1207 3628 Smyrnae.
1242 3549 1399 3628 tempore
1423 3536 1476 3609 M.
1526 3558 1597 3628 est,
1630 3568 1782 3636 quorum
1809 3542 1940 3632 singuli
1957 3538 2191 3631 Evangelium
2212 3539 2250 3606 in
2274 3536 2397 3607 multis
2420 3560 2507 3627 pro·
2539 3620 2546 3634 ἱ

499 3638 698 3722 Antonini,
734 3663 830 3709 anno
853 3635 1065 3727 sexagesimo
1086 3646 1165 3726 post
1186 3631 1356 3731 Iohannis
1376 3634 1476 3727 Apo·
1526 3646 1654 3713 vinciis
1685 3645 1871 3716 docebant,
1937 3640 2041 3713 Unde
2072 3638 2224 3728 intelligi
2254 3650 2388 3729 potest,
2420 3638 2508 3729 quid

498 3738 579 3807 ⁸1⁰1?
596 3753 764 3822 mrim,
788 3763 868 3809 tum
884 3738 1026 3832 quidem
1042 3736 1192 3821 diceret,
1215 3759 1253 3807 *θ
1275 3741 1475 3829 octuaginta
1526 3745 1658 3816 Paulus
1680 3743 1919 3834 nominaverit
1939 3739 2201 3833 Evangelistas,
2234 3760 2315 3808 cnm
2338 3737 2509 3807 discernit

499 3860 557 3905 sex
573 3862 687 3908 anuos
701 3837 777 3909 Deo
792 3839 934 3911 servire.
985 3835 1134 3907 Audiuit
1157 3837 1265 3929 igitur
1279 3834 1475 3909 Iohannem
1526 3871 1586 3917 eos
1608 3841 1850 3939 aProphctis,
1876 3841 2075 3936 Apostolis,
2101 3839 2308 3930 Pastoribus
2328 3850 2362 3907 et
2375 3837 2508 3909 Doctu-

498 3961 594 4009 anuo
626 3941 765 4009 decimo
797 3956 893 4008 sexto
924 3938 1045 4008 aetatis
1082 3961 1182 4026 suae,
1232 3956 1294 4011 aut
1327 3941 1476 4012 circiter.
1525 3949 1640 4018 ribus,

496 4034 703 4110 Doctrinam
730 4040 838 4110 inisse
859 4039 1045 4132 Polycarpi
1070 4063 1165 4121 eam,
1196 4067 1286 4135 quae
1309 4043 1476 4113 recitatur
1627 4038 1826 4118 Clementis
1843 4042 1927 4110 libri
1948 4054 2085 4121 extant,
2109 4039 2148 4106 iu
2170 4039 2300 4131 quibus
2323 4037 2508 4108 refutatio·
2576 4041 2579 4047 ’

496 4138 536 4206 in
552 4137 715 4225 lrenaeo,
741 4164 817 4210 uon
833 4141 982 4210 dubium
997 4153 1066 4224 est,
1100 4164 1164 4212 nec
1178 4144 1246 4213 alia
1262 4145 1329 4214 init
1343 4140 1476 4213 lohan-
1526 4172 1590 4218 nes
1610 4160 1692 4217 suut
1712 4139 1968 4225 Ethuicorom,
2002 4139 2231 4220 ludaeorum,
2257 4153 2293 4210 et
2312 4138 2507 4227 multorum

495 4237 570 4308 nis:
595 4243 791 4335 etquidem
813 4265 893 4311 cum
912 4264 997 4310 voce
1011 4239 1250 4313 Ecclesiarum
1272 4257 1475 4314 nostrarum
1525 4247 1806 4328 Haereticorurn,
1831 4265 1982 4337 quorum
1999 4239 2181 4333 plaeriqne
2193 4238 2391 4309 doctrinam
2404 4236 2506 4307 simi-

498 4338 602 4427 Plane
616 4343 779 4431 congruit
795 4340 970 4413 irenaeus·
1408 4409 1411 4414 .
1528 4352 1597 4420 lem
1631 4346 1903 4437 anabaptisticae
1944 4353 2174 4435 sparserunt,
2222 4353 2257 4410 et
2292 4338 2509 4408 addiderunt

679 4436 684 4447 '
1527 4451 1664 4520 sorores
1691 4447 1937 4538 superiorum,
1951 4448 1955 4460 '
1971 4445 2016 4513 de
2040 4444 2183 4513 duobus
2205 4438 2392 4532 principiis
2420 4461 2507 4509 con-

549 4543 657 4608 Auuo
695 4542 819 4610 muudi
857 4556 984 4638 quater
1021 4538 1227 4630 millesimo,
1275 4546 1477 4633 centesimo,
1527 4551 1664 4629 trariis,
1690 4561 1723 4619 et
1741 4549 1871 4640 pariter
1885 4544 2049 4630 aeternis,
2073 4543 2176 4612 Bono
2190 4537 2346 4620 etMalo,
2371 4552 2405 4609 et
2417 4562 2518 4608 con·.
2576 4624 2580 4629 .

700 4641 963 4732 ‘l¹¹⁸(¹¹³¹8⁸²⁸imo
980 4642 1098 4714 ῖθῑῑῗθ·
1528 4653 1718 4725 tenderunt
1732 4649 1771 4734 iu
1787 4645 1932 4722 Christo
1949 4657 2086 4716 tantum
2101 4665 2174 4713 esse
2191 4638 2386 4712 humanam
2401 4651 2507 4708 natu-

547 4736 655 4812 Anno
670 4737 807 4812 Rornae
821 4745 1086 4833 nongentesimo
1104 4743 1282 4814 tricesimo
1298 4747 1427 4840 primo.
1528 4776 1622 4822 ram:
1647 4745 1907 4843 prohibuerunt
1923 4760 2035 4817 certos
2050 4744 2165 4815 cibos:
2191 4744 2369 4813 iusserunt
2385 4740 2507 4821 omnia

452 4914 454 4919 ,
548 4840 654 4910 Anno
669 4837 803 4913 Christi
820 4845 1007 4916 centesimo
1024 4846 1262 4935 octuagesimo
1278 4850 1445 4922 secundo.
1529 4855 1778 4923 incommune
1807 4847 1976 4921 conferri:
2017 4844 2094 4916 Alii
2124 4843 2289 4932 coniugia
2314 4835 2508 4933 prohihue-

1527 4968 1628 5025 ruut:
1654 4953 1714 5021 alii
1732 4952 1952 5042 promiscuos
1964 4945 2176 5016 concubitus
2186 4944 2484 5035 approbaverunt.

1628 5052 1758 5122 Narrat
1785 5053 1831 5119 de
1859 5043 2101 5140 prohibitione
2132 5043 2289 5133 coniugii
2312 5037 2508 5112 haereticos

596 5132 820 5214 Commodus
849 5144 1014 5215 successit
1045 5150 1156 5238 patri,
1203 5147 1258 5220 M.
1289 5146 1476 5222 Antonino
1526 5156 1649 5225 citasse
1669 5150 1886 5244 colloquium
1904 5135 2053 5217 Chresti
2070 5159 2104 5216 et
2122 5141 2313 5225 Salutares,
2336 5145 2432 5237 quod
2457 5143 2507 5211 ait

494 5240 725 5336 Philosopho.
764 5242 954 5336 ‚Regnavit
970 5268 1082 5315 anrros
1105 5250 1292 5321 duodecim
1318 5264 1352 5321 et
1375 5276 1476 5322 men·
1527 5255 1565 5322 in
1581 5249 2043 5344 EvangelioAcgyptiorum
2061 5246 2233 5337 scriptum
2247 5265 2332 5315 esse.
2390 5243 2508 5314 lnter-

495 5368 548 5416 ses
561 5369 711 5429 novem,
737 5346 888 5435 aprima
903 5345 1022 5415 statim
1038 5351 1188 5443 pueritia
1203 5351 1317 5443 turpis
1338 5365 1372 5424 et
1394 5376 1477 5424 cru·
1525 5353 1665 5445 roganti
1683 5353 1843 5437 Salome,
1865 5351 2011 5442 qurando
2030 5361 2220 5417 venturum
2243 5359 2332 5416 esset
2356 5364 2506 5432 regnum

821 4993 1147 5071 Commodus.

493 5446 594 5516 delia}
644 5443 872 5540 videturque
886 5444 1071 5517 Romanae
1087 5447 1313 5522 monarchiae
1335 5468 1477 5545 tempus
1526 5453 1612 5534 Dei,
1657 5455 1846 5544 respondet
1876 5446 2058 5520 Christus:
2100 5435 2197 5517 Cum
2231 5441 2385 5517 eessabe't
2415 5463 2508 5536 opus

493 5571 513 5616 a
531 5544 622 5642 lulio
639 5549 810 5638 usquead
828 5546 880 5617 Μ.
897 5546 1123 5616 Antoninum
1140 5543 1396 5645 Philosophum
1413 5579 1474 5623 ve-
1499 5626 1502 5647 ,
1526 5551 1706 5624 mulieris.
1756 5552 1845 5623 lnde
1858 5551 1907 5622 ait
1919 5548 2084 5621 Clemens
2108 5544 2303 5619 haereticos
2317 5564 2508 5630 argumen-

493 5649 546 5717 lut
567 5641 668 5737 ἀκμὴ
688 5649 805 5718 luisse.
871 5647 995 5718 Postea
1022 5646 1175 5738 plurima
1205 5660 1291 5718 tetra
1315 5669 1471 5726 monstra
1526 5670 1619 5726 tatus
1641 5676 1735 5738 esse,
1772 5652 1926 5722 desitura
1952 5649 2116 5739 coniugia
2138 5665 2322 5739 postquam
2346 5638 2509 5713 Christus

492 5759 705 5836 regnarunt,
729 5764 897 5842 sequutae
910 5761 994 5818 sunt
1015 5747 1178 5818 assiduae
1200 5749 1409 5840 seditiones,
1435 5770 1469 5827 et
1526 5769 1632 5827 natus
1652 5755 1718 5842 sit,
1755 5752 1796 5825 et
1817 5754 1889 5824 iam
1906 5747 2072 5822 inchoata
2093 5750 2139 5822 sit
2159 5743 2345 5833 Evangelii
2368 5743 2511 5835 praedi.-
