6025 6775
495 660 591 787 roes
735 693 940 779 senum
962 696 1043 773 ru.
1067 693 1184 769 nur..
1211 694 1279 770 an
1303 688 1432 763 tnsr,
1456 684 1603 764 enon
1629 686 1696 762 nr
1722 687 1917 769 runos.
1940 689 2256 773 senercurte
2399 699 2500 771 1084

490 883 608 954 foelix.
660 871 712 947 Ac
725 874 918 944 multarum
934 870 966 939 ei
991 868 1228 938 calamitatum
1246 889 1370 937 causae
1387 868 1467 935 fue·
1518 859 1706 953 imperinm
1725 885 1838 933 annos
1863 864 1973 950 duos,
2006 866 2135 936 delevit
2159 867 2325 958 imagines
2348 870 2386 938 in
2405 883 2499 939 tem-

486 999 575 1055 runt
593 984 663 1049 dno
682 976 757 1046 eins
771 971 953 1044 domestici
974 982 1203 1040 assentatores
1220 982 1254 1038 et
1269 963 1468 1062 sycophan-
1519 962 1600 1053 plis.
1650 961 1773 1033 Sextae
1786 963 1923 1058 Synodi
1943 970 2082 1037 decreta
2102 970 2338 1059 oppugnavit,
2362 983 2394 1038 et
2410 970 2497 1040 Μο-

493 1101 547 1155 tae
573 1081 633 1173 qui
663 1077 808 1145 nimiam
842 1073 1036 1164 potentiam
1058 1070 1128 1140 sibi
1154 1081 1398 1160 sumpserunt,
1427 1080 1469 1137 ut
1521 1057 1717 1133 notheletas
1733 1086 1853 1134 rursus
1866 1067 2043 1152 defendit,
2069 1071 2130 1137 sed
2146 1065 2298 1141 Artemii
2319 1072 2499 1141 secretarii

492 1187 584 1273 apud
596 1176 838 1248 Theodosium
856 1176 1031 1242 iuniorem
1039 1168 1244 1260 Eutropius,
1259 1194 1364 1263 quem
1372 1168 1468 1239 Gor·
1521 1164 1682 1233 consiliis
1699 1166 1810 1235 oculis
1824 1165 1978 1256 privatus
1992 1168 2030 1237 iu
2046 1192 2224 1240 carcerem
2244 1172 2423 1242 coniectus
2436 1183 2501 1239 est.

495 1305 620 1371 gonem
651 1278 958 1365 cognominarunt.
1009 1271 1147 1340 Horum
1172 1268 1467 1364 sycophantarum

495 1386 584 1454 alter
606 1382 719 1450 iuerat
743 1370 937 1444 monachus
962 1374 1105 1441 nomine
1133 1366 1171 1440 T
1170 1365 1386 1456 heodosius,
1411 1369 1469 1438 cui
1571 1367 1680 1436 Anno
1696 1366 1821 1436 mundi
1838 1381 1961 1461 quater
1976 1367 2160 1440 millesimo
2174 1374 2429 1444 sexcentesimo
2444 1396 2502 1443 se-

496 1506 575 1552 cum
597 1501 771 1548 summam
794 1476 1016 1545 autoritatem
1038 1473 1228 1553 tribueret,
1271 1470 1471 1541 nominavit
1730 1469 1947 1560 ptuagesimo
1963 1470 2122 1559 septimo.

497 1606 577 1653 eum
595 1578 825 1649 Generalcm:
856 1576 946 1644 alter
960 1567 1174 1668 Stephanus
1189 1570 1469 1643 nominatana·
1573 1566 1681 1639 Anno
1690 1565 1827 1638 Romae
1841 1569 2028 1640 millesimo
2045 1570 2388 1663 quadringentesimo
2402 1597 2503 1644 sexa·

497 1682 685 1763 cellarius,
719 1678 781 1771 qui
804 1678 892 1745 rexit
914 1676 1058 1744 consilia
1079 1675 1123 1741 de
1145 1675 1333 1763 religione,
1365 1674 1469 1742 etiam
1725 1670 1857 1756 gesimo
1872 1684 2007 1744 octavo.

496 1767 885 1869 matrem'imperatoris
903 1777 1084 1844 verberare
1099 1797 1203 1843 ausus
1221 1787 1284 1844 est.
1332 1771 1382 1841 Hi
1399 1775 1469 1842 duo
1573 1771 1681 1840 Anno
1695 1766 1829 1841 Christi
1845 1772 2154 1862 septingentesimo
2169 1773 2304 1843 decimo
2322 1775 2466 1865 quinto·

496 1887 738 1954 adsentatores
768 1878 1009 1947 crudelitatem
1043 1877 1080 1943 in
1113 1877 1218 1944 duces
1246 1876 1470 1944 exercebant:

497 1978 696 2053 leontium
718 1982 841 2047 ducem
867 1978 1011 2046 biennio
1032 1978 1220 2044 incarcere
1236 1976 1471 2057 retinuerunt,

498 2086 560 2177 qui
579 2107 659 2152 cum
679 2080 840 2148 evasisset
855 2102 897 2146 cx
910 2102 1047 2147 carcere
1059 2077 1248 2148 adiuvante
1256 2072 1472 2155 Patriarcha,
1626 2069 1822 2159 Artemius,
1840 2075 1902 2168 qui
1911 2078 2119 2149 nominatur
2129 2074 2359 2148 Anastasius
2367 2078 2504 2150 Secun-

497 2189 610 2253 factus
633 2195 685 2251 cst
708 2182 908 2270 imperator.
960 2177 1028 2247 Hic
1046 2176 1240 2246 Iustiniano
1256 2200 1359 2245 nares
1372 2200 1473 2266 prae·
1525 2177 1602 2244 dus.
1655 2173 1790 2245 Tenuit
1819 2174 2006 2266 imperium
2037 2203 2173 2250 annum
2200 2204 2328 2260 tinum,
2369 2196 2403 2252 et
2433 2196 2504 2252 tres

499 2286 602 2367 cidit,
631 2305 782 2374 eumque
806 2276 1023 2348 Chersoncm
1047 2279 1232 2364 relegavit,
1257 2301 1335 2346 cum
1360 2301 1473 2346 annos
1525 2299 1680 2360 menses,
1705 2276 1761 2343 vir
1784 2278 1954 2350 eruditus.
2004 2278 2134 2351 Fuerat
2157 2280 2252 2350 enim
2273 2283 2366 2350 inter
2383 2306 2504 2352 scere-

498 2390 618 2453 deccm
647 2381 834 2473 imperium
869 2380 1049 2452 tenuisset.
1109 2378 1207 2447 Duos
1239 2373 1473 2469 sycophantas
1526 2379 1632 2447 tarios
1647 2378 1866 2467 praecipuus,
1892 2402 2043 2469 cumque
2057 2405 2179 2450 amans
2190 2394 2278 2453 essct
2292 2384 2506 2451 concordiae

498 2486 631 2554 aulicos
646 2478 887 2550 Theodosium
905 2493 938 2549 et
953 2476 1171 2570 Stephanum
1187 2480 1333 2549 funibus
1352 2481 1394 2547 ad
1413 2503 1475 2569 pe·
1527 2479 1565 2546 in
1589 2475 1764 2556 Ecclesia,
1789 2481 1954 2569 repressit
1977 2502 2054 2565 eos,
2080 2482 2142 2574 qui
2162 2497 2291 2553 sextam
2312 2481 2504 2575 Synodum

499 2590 561 2654 des
583 2582 734 2669 alligatis
753 2603 816 2670 per
838 2580 961 2649 urbem
985 2580 1109 2664 traxit,
1135 2594 1252 2671 postea
1269 2580 1474 2652 combussit.
1527 2580 1795 2671 oppugnabant,
1836 2581 1896 2647 sed
1926 2580 1963 2647 in
1995 2583 2089 2650 hello
2118 2583 2262 2653 infoelix
2287 2583 2375 2666 fuit,
2418 2586 2506 2676 quia

499 2684 568 2753 Hic
586 2683 697 2750 exitus
712 2681 907 2749 aulicorum
923 2679 1219 2773 sycophantarum
1232 2681 1300 2749 fuit
1314 2703 1388 2748 non
1404 2680 1474 2748 mi·
1527 2682 1698 2749 exercitus
1713 2680 1871 2768 corrupti
1884 2682 2119 2754 seditionibus
2133 2685 2372 2774 proximorum
2389 2685 2507 2774 impe-

499 2786 570 2852 tior
585 2806 689 2874 quam
704 2780 822 2851 Seiani
844 2783 936 2870 apud
953 2780 1158 2865 Tiberium,
1191 2783 1284 2870 apud
1303 2779 1474 2851 Severum
1528 2793 1706 2859 ratetum,
1749 2803 1829 2848 cnm
1857 2779 2038 2853 licentiam
2069 2785 2200 2853 frenari
2231 2807 2332 2875 aegre
2358 2784 2506 2865 ferrent,

498 2883 698 2967 Plautiani,
722 2883 816 2973 apud
833 2879 1076 2951 Theodosium
1096 2882 1274 2952 iuniorem
1300 2879 1477 2971 Eutropii.
1528 2875 1777 2951 Theodosium·
1806 2874 2102 2952 Adramittenum
2130 2884 2377 2975 imperatorem
2411 2887 2509 2970 fecit,

499 2983 572 3053 Nec
592 2982 727 3053 diutius
750 2982 903 3051 triennio
925 2980 1096 3068 Leontius
1126 2982 1316 3074 imperium
1347 2984 1476 3053 tenuit.
1529 2982 1591 3076 qui
1614 2982 1889 3073 pulsoArtemio
1910 2984 2000 3054 etin
2015 2986 2270 3055 monasterium
2292 2986 2429 3054 incluso
2454 3001 2507 3056 te-

499 3083 589 3154 Nam
604 3076 777 3151 Tiberius
793 3076 1024 3175 Apsimarus,
1049 3084 1109 3176 qui
1126 3086 1266 3153 rediens
1281 3106 1360 3149 cnm
1377 3097 1480 3152 ener-¹
1530 3084 1609 3154 nuit
1624 3082 1813 3174 imperium
1829 3107 1901 3152 non
1916 3085 2067 3176 amplius
2081 3110 2154 3156 uno
2177 3110 2293 3171 anno,
2318 3085 2427 3179 idque
2442 3113 2509 3154 vo-

500 3187 572 3256 citn
595 3208 635 3252 ex
652 3181 770 3252 Africa
787 3183 941 3274 pulsusa
958 3180 1157 3267 Saracenis,
1183 3197 1343 3251 metucns
1358 3182 1477 3254 Leon·
1529 3186 1606 3252 lens
1631 3183 1733 3253 cessit
1745 3174 1872 3252 Leoni
1882 3180 2040 3266 Istrum,
2066 3188 2127 3256 sed
2142 3186 2323 3258 Artemius
2347 3201 2427 3277 post
2442 3212 2508 3257 an-

500 3289 605 3369 tium,
637 3308 740 3353 asuo
765 3284 918 3353 exercitu
945 3285 1060 3355 dictus
1080 3298 1131 3355 est
1152 3281 1356 3372 Imperator.
1407 3281 1478 3351 Hic
1530 3307 1595 3352 nos
1616 3284 1753 3377 aliquot
1772 3284 1919 3355 collecto
1940 3310 1982 3355 ex
1995 3284 2160 3377 Bulgaris
2181 3289 2331 3358 exercitu
2357 3311 2507 3379 recupe-

499 3387 688 3457 Leontium
698 3385 868 3456 truncatis
883 3385 1030 3455 naribus
1046 3388 1082 3454 in
1099 3385 1349 3454 monasterium
1361 3384 1477 3454 inclu·
1529 3409 1607 3455 rare
1622 3385 1810 3476 imperium
1820 3401 1966 3458 conatus
1981 3402 2052 3474 est,
2077 3412 2201 3460 verum
2216 3391 2378 3481 proditus
2393 3388 2510 3461 Leoni

501 3489 556 3558 sit.
607 3484 740 3556 Contra
763 3486 955 3558 Saracenos
976 3487 1015 3554 in
1040 3485 1178 3580 Syriam
1207 3487 1304 3557 misit
1331 3486 1475 3555 fratrem
1530 3487 1806 3562 interfectnsest.

500 3583 723 3666 Heraclium,
750 3589 809 3676 qui
826 3587 1081 3679 aliquantisper
1101 3610 1160 3658 eos
1176 3587 1352 3677 repressit.
1405 3586 1476 3655 Te-

501 3685 582 3753 nuit
603 3685 790 3772 imperium
814 3710 927 3754 annos
949 3702 1093 3775 septem.
1142 3686 1266 3759 Rediit
1283 3685 1476 3758 autemlu·
1578 3686 1685 3756 Anno
1727 3688 1854 3758 mundi
1886 3703 2011 3780 quater
2030 3691 2221 3763 millesimo
2256 3694 2510 3765 sexcentesimo

500 3784 674 3853 stinianus
703 3783 844 3853 adiutus
874 3807 895 3853 a
925 3783 1108 3873 Bulgaris,
1146 3790 1207 3881 qui
1230 3788 1418 3858 Leontium
1442 3801 1477 3858 ct
1730 3790 1976 3879 octuagesimo.

501 3886 728 3976 Apsimarum
747 3886 944 3976 pectorum
961 3887 1097 3957 vinctos
1113 3887 1194 3956 duci
1210 3889 1322 3972 iussit,
1341 3904 1377 3961 ct
1392 3913 1475 3980 pro·
1577 3885 1685 3958 Anno
1708 3886 1846 3961 Romae
1864 3890 2054 3962 millesimo
2084 3894 2428 3987 quadringentesimo
2452 3918 2517 3964 se-

501 3989 617 4056 stratis
633 4011 748 4054 coram
764 3986 839 4076 ipso
855 3986 1126 4070 colla'calcavit,
1152 3987 1281 4058 deinde
1295 3990 1345 4059 eis
1361 3991 1474 4080 capita
1732 3992 1949 4081 ptuagesimo
1964 3994 2095 4085 primo.

501 4088 692 4177 praecidit,
731 4084 904 4156 Callinico
934 4086 1159 4159 Patriarchae
1189 4090 1311 4160 oculos
1341 4091 1475 4175 effodit,
1580 4084 1688 4160 Anno
1702 4087 1837 4162 Christi
1853 4095 2166 4184 septingentesimo
2182 4092 2310 4164 decimo
2325 4102 2476 4161 octavo.

501 4185 706 4255 Heraclium
722 4188 865 4256 fratrem
881 4187 1061 4279 Apsimari
1081 4212 1287 4278 suspensum
1310 4205 1474 4282 strangu-

501 4286 599 4356 lavit.
648 4283 739 4356 Cum
761 4302 878 4357 autem
901 4291 1067 4359 adversus
1093 4285 1309 4361 Chersonem
1331 4293 1474 4362 classem
1858 4262 1949 4335 ¹¹⁰⁰
1976 4255 2181 4338 Teum·

501 4387 671 4472 misisset,
693 4389 862 4460 exercitus
885 4381 1135 4486 Philr'ppr'cum
1160 4385 1377 4461 Bardonem
1407 4394 1476 4462 im·
1629 4381 1708 4457 Leo
1735 4383 1885 4462 Tertius
1902 4384 1976 4465 'boc
1998 4397 2157 4479 nomine,
2181 4388 2346 4463 Isauros
2375 4385 2519 4465 Conon

501 4503 698 4579 peratorem
715 4489 815 4574 lecit,
833 4490 894 4581 qui
910 4514 1102 4581 properans
1115 4491 1159 4560 ad
1177 4489 1477 4586 Constantinopo-
1529 4503 1630 4560 antea
1643 4490 1864 4577 nominatus,
1888 4510 2021 4567 rexerat
2034 4492 2180 4566 Alanos.
2231 4492 2356 4564 Postea
2373 4496 2421 4564 ab
2439 4492 2517 4565 Ar-

503 4590 554 4658 lin
577 4588 985 4660 iustinianumethlium
1004 4589 1477 4665 eiusTiberinmabstractos
1529 4592 1637 4662 ternio
1660 4603 1780 4661 contra
1801 4592 1993 4665 Saracenos
2014 4596 2164 4677 missus,
2200 4619 2280 4665 cnm
2313 4596 2518 4666 audivisset

504 4692 549 4755 ab
564 4715 624 4759 ara
640 4690 779 4760 occidit.
822 4688 874 4759 lta
888 4703 957 4760 tres
973 4691 1203 4783 imperatores
1217 4694 1349 4785 exiguis
1366 4696 1477 4767 inter·
1530 4707 1651 4762 contra
1676 4692 1875 4763 Artemium
1902 4698 2030 4767 factum
2062 4697 2310 4788 imperatorem
2334 4691 2520 4766 Theodo-

505 4789 607 4858 vallis
623 4791 729 4860 occisi
752 4803 846 4865 sunt.
1071 4834 1073 4837 -
1442 4808 1461 4829 ‘
1531 4793 1641 4878 sium,
1674 4792 1748 4883 ipse
1768 4807 1936 4888 tanquam
1961 4797 2171 4869 defensurus
2193 4792 2392 4869 Artemium
2415 4799 2518 4866 redit

1534 4892 1797 4980 Nicomediam,
1822 4909 1857 4966 et
1882 4910 1984 4988 capto
2006 4899 2082 4968 filio
2099 4895 2294 4969 Theodosii
2317 4897 2518 4988 paciscitur

557 4990 663 5061 Axino
676 4992 801 5063 mundi
819 5005 944 5085 quater
956 4990 1143 5064 millesimo
1160 4993 1409 5064 sexcentesimo
1424 5020 1480 5068 se·
1532 5017 1611 5064 cum
1637 5008 1752 5084 patre,
1791 5009 1830 5066 ut
1852 4996 2000 5086 imperio
2033 5001 2143 5072 cedat.
2192 5002 2245 5071 lta
2269 4997 2344 5069 Leo
2366 4994 2518 5069 Isauros

709 5095 926 5182 ptuagesimo
942 5096 1078 5186 quinto.
1533 5095 1601 5164 sibi
1624 5096 1730 5166 duces
1751 5111 1785 5168 ct
1808 5098 1979 5169 exercitus
2003 5123 2128 5169 omnes
2142 5100 2259 5169 iurare
2275 5098 2387 5172 iubet.
2443 5098 2518 5170 Te-

555 5183 804 5264 AnnoRomae
818 5194 1005 5264 millesimo
1023 5195 1367 5288 quadringentesimo
1382 5221 1481 5269 sexa·
1532 5196 1612 5266 nuit
1627 5196 1814 5288 imperium
1830 5221 1943 5268 annos
1959 5200 2086 5289 viginti
2105 5201 2275 5294 quinque.

712 5295 843 5377 gesimo
859 5307 968 5364 texto·
1632 5295 1847 5385 Dignissima
1870 5323 1954 5370 vero
1978 5302 2263 5372 consideratione
2291 5312 2377 5369 sunt
2406 5294 2520 5371 huius

1885 1940 2140 2016 Artemius.

555 5386 663 5457 Anno
681 5384 814 5460 Christi
829 5368 1141 5487 septingentesimo
1154 5393 1291 5465 decimo
1314 5397 1430 5469 tertio.
1533 5395 1663 5467 Leonis
1679 5395 1791 5466 Isauri
1811 5410 1969 5490 tempore
1991 5402 2083 5472 bella
2101 5401 2327 5483 Saracenica,
2356 5424 2457 5493 quae
2471 5404 2522 5471 le-

1532 5510 1653 5586 gentes
1669 5509 1824 5586 tempora
1841 5501 2065 5572 considerent
2078 5528 2184 5597 quam
2209 5501 2373 5573 celeriter
2390 5518 2525 5596 poten·

1532 5597 1580 5668 tis
1596 5595 1801 5667 Saracenica
1823 5603 1989 5688 creverit,
2015 5616 2049 5673 et
2073 5628 2180 5695 qnam
2196 5605 2295 5676 triste
2309 5609 2527 5699 exemplum

605 5684 840 5788 Philippicas
860 5685 1060 5762 Bardones
1082 5696 1192 5768 sactus
1223 5698 1415 5788 imperator
1435 5699 1480 5767 ab
1532 5695 1595 5778 sit,
1620 5707 1671 5765 tot
1695 5712 1813 5787 gentes
1833 5701 2020 5774 fascinatas
2039 5701 2236 5776 aDiabolis
2257 5705 2382 5778 subita
2397 5732 2529 5780 amen·

506 5791 676 5876 exercitu,
721 5797 782 5887 qui
812 5818 833 5866 a
864 5789 1061 5866 iustiniano
1089 5800 1276 5869 defecerat.
1342 5797 1479 5867 Tenuit
1532 5795 1580 5864 tia
1598 5796 1778 5869 deficeres
1796 5800 1869 5872 filio
1884 5800 1965 5879 Dei.
2012 5802 2118 5877 Clare
2130 5806 2228 5878 enim
2246 5806 2287 5878 iu
2316 5804 2392 5883 hac
2410 5805 2530 5886 histo-

689 5552 992 5647 Philippe‘cue
1029 5557 1292 5634 cardones.
