6025 6775
1050 782 1211 863 naen
1239 784 1314 863 DE
1352 782 1609 862 EBASMO
1649 781 1960 867 aoraton.
2443 794 2523 870 268

597 973 772 1047 Processit
792 961 1106 1060 itaquecfoeliciter
1129 961 1169 1029 in
1192 961 1383 1041 discendo,
1415 979 1483 1030 nec
1536 957 1663 1029 missus
1686 970 1771 1045 est,
1788 956 2032 1029 ubiMedicos
2056 960 2197 1053 saepius
2220 962 2375 1048 audivit,
2412 989 2519 1058 quam

497 1074 663 1151 inchoata
692 1071 809 1146 studia
836 1088 932 1137 mors
962 1078 1151 1157 parentum
1183 1064 1337 1157 abrupit.
1390 1060 1484 1132 Sunt
1537 1055 1740 1149 Theologos
1768 1074 1830 1131 aut
1860 1058 2152 1144 iurisconsultos,
2185 1065 2251 1132 etsi
2281 1059 2347 1135 hos
2380 1089 2521 1160 quoque

499 1184 595 1253 anim
619 1182 658 1248 in
673 1170 816 1245 Batavis
838 1182 873 1239 et
895 1170 934 1237 in
950 1165 1095 1256 Belgico
1120 1166 1289 1235 sodalicia
1305 1166 1344 1233 in
1357 1186 1483 1233 mona·
1536 1161 1715 1230 audiebat.
1767 1159 1915 1231 Latinae
1930 1162 2071 1252 linguae
2086 1161 2307 1233 Professores
2332 1190 2407 1236 non
2420 1169 2520 1237 audi·

500 1282 631 1362 steriis,
655 1290 688 1345 et
704 1275 807 1366 plura
822 1284 856 1342 et
873 1269 984 1360 magis
1009 1268 1128 1338 dedita
1150 1267 1284 1350 literis,
1310 1290 1416 1359 quam
1443 1265 1483 1332 in
1536 1262 1607 1347 vit,
1638 1264 1734 1355 quod
1765 1264 1816 1332 ibi
1849 1276 1987 1354 praeter
2007 1261 2202 1354 Baptistam
2226 1263 2330 1334 Pium
2362 1268 2522 1358 ineptum

498 1379 564 1454 hac
584 1391 705 1447 nostra
729 1372 940 1453 Germania,
964 1393 1054 1464 qnae
1078 1363 1306 1440 Scholasticis
1331 1357 1484 1438 libenter
1535 1358 1741 1447 bominem,
1767 1387 1841 1433 uon
1863 1364 1954 1433 alius
1976 1363 2158 1435 Professor
2179 1378 2263 1440 erat.
2315 1364 2522 1441 Monstrosa

499 1481 736 1573 opitulantur,
1326 1543 1329 1548 ,
1536 1464 1651 1534 oratio
1668 1464 1766 1534 illius
1779 1463 1959 1557 Baptistae
1972 1466 2063 1551 fuit,
2089 1466 2257 1537 imitatrix
2268 1490 2342 1535 non
2358 1468 2434 1538 eius
2449 1495 2524 1540 ser·

599 1577 779 1680 Qrbatum
801 1575 909 1666 igitur
931 1566 1355 1665 parentibusErasmum‚
1379 1567 1493 1637 soda?
1535 1565 1673 1651 monis,
1713 1566 1778 1659 qui
1799 1567 1949 1637 usitatus
1972 1566 2042 1637 fuit
2063 1564 2219 1651 Romae,
2259 1567 2343 1636 inde
2366 1593 2524 1663 usquea

499 1685 617 1757 lesilli
638 1685 677 1752 in
692 1678 906 1750 monasterio
919 1672 1190 1756 Daventriensi,
1215 1672 1260 1739 ad
1287 1693 1360 1739 sese
1384 1669 1482 1737 invi·
1537 1665 1700 1737 Terentii
1723 1681 1882 1758 tempore
1914 1670 1959 1737 ad
1983 1664 2136 1759 Augusti
2164 1681 2329 1755 aetatem,
2365 1675 2425 1740 scd
2451 1698 2523 1765 quo

499 1802 595 1872 tant,
621 1800 655 1856 et
675 1778 836 1874 orphano
861 1802 958 1870 spem
984 1777 1137 1859 faciunt,
1163 1798 1199 1843 se
1221 1771 1392 1841 missuros
1409 1792 1481 1838 esse
1535 1782 1618 1839 ante
1633 1766 1866 1839 Decemviros
1882 1766 2093 1842 Volscorum
2112 1770 2235 1842 rustici
2251 1770 2413 1845 usisunt.
2449 1771 2523 1844 De·

500 1915 579 1959 eum
597 1885 796 1967 Lutetiam,
816 1881 912 1973 quod
928 1895 962 1950 et
978 1879 1160 1970 aliquanto
1176 1887 1256 1966 post
1275 1874 1484 1944 factumest.
1534 1869 1627 1939 risus
1644 1883 1696 1940 est
1711 1870 1820 1959 igitur
1831 1870 1927 1941 ludis
1942 1872 2102 1942 scenicis.

501 1990 544 2061 ln
559 2014 598 2059 ed
617 1985 808 2058 Academia
821 1977 896 2051 iton
913 1981 1028 2049 Solum
1044 1978 1187 2055 didicit,
1214 1978 1273 2044 sed
1299 1999 1379 2046 cum
1395 1973 1500 2086 scri-.
1637 1986 1744 2059 Hunc
1760 1985 1957 2081 dellSlitm
1975 2013 2057 2061 cum
2073 1989 2181 2059 geme}
2196 1989 2397 2074 dulelSSPl,
2412 1991 2524 2063 inger,
2552 2040 2554 2043 ,

499 2106 560 2185 pta
582 2091 614 2160 ei
634 2089 769 2160 aditum
789 2087 834 2154 ad
852 2083 947 2152 Vlr⁰⁸
967 2084 1089 2199 (10οῑοξ
1106 2091 1140 2149 θῑ
1160 2078 1298 2196 While}
1313 2076 1486 2193 Palefffffl
1536 2106 1679 2180 rogatus
1700 2089 1872 2161 Erasmus
1894 2092 1940 2161 ab
1969 2092 2082 2160 amico
2088 2142 2101 2175 ,
2137 2092 2224 2184 quid
2247 2090 2433 2175 indicaret,
2467 2120 2525 2165 re·

500 2208 599 2274 rent,
626 2204 660 2261 et
674 2209 789 2258 mores
804 2197 917 2254 essent
939 2184 1110 2260 modesta,
1137 2193 1172 2249 et
1198 2193 1344 2251 comitas
1360 2175 1492 2245 martiis
1522 2193 1698 2281 ‚sponditg
1725 2193 1831 2283 longe
1846 2191 1933 2262 vicit
1955 2193 2164 2284 opinionem
2184 2216 2312 2267 meam,
2364 2191 2524 2281 Quinam

490 729 566 883 m

501 2320 552 2379 ca,
578 2290 802 2364 familiariter
816 2310 896 2356 eum
912 2285 1050 2354 nobiles
1066 2282 1211 2376 quidam
1229 2280 1298 2351 sibi
1311 2280 1485 2350 adiunxe-

501 2409 606 2479 runt,
631 2415 720 2487 quos
737 2388 878 2459 erudiit.

599 2512 729 2581 Narrat
748 2508 823 2600 ipse
847 2506 887 2575 in
911 2504 1063 2596 quadam
1087 2501 1272 2597 epistola,
1288 2497 1485 2568 adsiduita-

500 2628 570 2683 tem
593 2614 700 2683 fnisse
723 2623 857 2681 tautam
879 2604 1109 2687 discentium,
1139 2615 1179 2673 ut
1203 2602 1242 2670 in
1263 2601 1423 2693 prandiis
1450 2613 1484 2669 et

501 2709 621 2787 coenis
642 2714 748 2784 etiam
770 2710 867 2781 soliti
889 2708 960 2777 sint
981 2701 1144 2774 adhiberi
1166 2705 1314 2774 lectores
1337 2701 1485 2774 Latino-

500 2842 581 2889 rum
607 2815 851 2908 scriptorum„
870 2810 908 2878 in
935 2808 1168 2902 quibuscum
1192 2807 1290 2875 locus
1313 2805 1484 2874 obscurus

500 2919 674 2999 occurrit,
699 2912 1026 3006 interpretationem
1044 2920 1079 2977 et
1094 2908 1254 3000 poposcit
1273 2907 1318 2975 ab
1335 2904 1426 2990 aliis,
1451 2916 1484 2974 et

500 3047 581 3093 cum
595 3043 686 3114 opus
698 3018 768 3090 fuit
781 3017 856 3107 ipse
870 3013 1008 3084 adiecit.
1022 3106 1026 3116 ‚

601 3136 777 3209 Exercitia
801 3136 905 3204 etiam
933 3131 1015 3224 styli
1039 3128 1123 3198 talia
1151 3128 1315 3205 fuerunt,
1342 3149 1416 3194 non
1444 3137 1485 3196 ut

500 3243 608 3311 verba
624 3263 735 3330 pauca
754 3246 907 3304 mutaret
923 3234 958 3299 in
974 3231 1091 3299 alieno
1110 3231 1261 3322 scripto,
1287 3229 1348 3298 sed
1371 3241 1412 3298 ut
1428 3227 1484 3295 in-

503 3357 616 3430 tegras
632 3337 809 3407 orationes
824 3345 1012 3411 retexeret,
1039 3346 1079 3402 ut
1095 3333 1268 3403 discentes
1291 3343 1486 3413 cernerent,

501 3445 542 3512 in
558 3453 633 3510 toto
649 3437 808 3507 aedificio
824 3434 909 3527 quid
935 3433 1112 3505 defuisset.
1164 3431 1217 3501 Ac
1236 3434 1328 3500 fama
1352 3432 1485 3521 ingenii

502 3557 537 3616 et
552 3539 740 3613 facundiae
755 3537 866 3628 ipsius
881 3535 951 3604 cito
969 3534 1013 3601 ad
1031 3533 1148 3602 aulam
1165 3529 1343 3623 Belgicam
1359 3557 1485 3623 perve-

501 3646 568 3716 nit.
619 3642 692 3715 Ubi
707 3665 785 3711 cum
802 3633 1080 3709 lacobusBattus
1098 3657 1177 3702 eum
1193 3635 1486 3722 gubernatoribus

449 3787 456 3793 ·
502 3743 800 3826 commendasset,
825 3741 969 3810 adiutus
986 3749 1037 3806 cst
1050 3736 1151 3805 aulae
1164 3737 1385 3817 liberalitate.

540 3938 547 3944 ,
606 3867 675 3937 Sed
690 3862 801 3952 Angli
823 3883 904 3931 eum
927 3882 968 3927 ex
994 3854 1113 3926 Gallia
1134 3879 1253 3927 secum
1277 3857 1315 3924 in
1337 3854 1485 3947 patriam

503 3973 748 4045 adduxerunt,
776 3987 847 4058 quo
863 3975 899 4032 et
913 3975 1059 4052 propter
1074 3957 1294 4030 Graecorum
1309 3957 1486 4029 librorum

464 4080 467 4086 ⁴
504 4073 659 4164 copiam,
694 4092 783 4161 quae
804 4065 857 4135 ibi
878 4087 1004 4154 magna
1026 4063 1095 4131 iam
1119 4063 1205 4132 olim
1228 4062 1313 4131 fuit:
1347 4073 1380 4128 et
1404 4058 1487 4151 quia
1551 4069 1553 4072 ’

502 4191 588 4247 tunc
604 4170 749 4263 plurimi
774 4181 874 4238 crant
889 4162 1058 4273 Episcopi
1076 4164 1115 4232 in
1133 4161 1268 4255 Anglia'
1278 4161 1489 4231 excellenter

503 4276 657 4360 eruditi,
681 4275 834 4343 libenter
851 4271 1027 4360 profectus
1048 4280 1109 4335 est.

603 4393 765 4486 Cumque
790 4405 826 4461 et
847 4389 900 4455 vis
923 4383 1057 4473 ingenii
1079 4405 1206 4470 magna
1223 4395 1330 4461 esset,
1357 4393 1390 4448 et
1408 4403 1488 4448 eru-

504 4495 593 4564 ditio
607 4496 733 4563 eximia
748 4496 785 4560 in
794 4491 923 4561 Latina
940 4501 973 4556 et
983 4483 1117 4554 Graeca
1127 4485 1260 4570 lingua,
1276 4482 1369 4551 docti
1383 4495 1417 4550 et
1433 4505 1490 4548 sa-

503 4594 640 4683 pientes
657 4592 842 4684 Episcopi,
868 4585 1134 4659 Cantuariensis
1148 4598 1182 4652 et
1198 4584 1269 4666 alii,
1292 4583 1411 4653 statim
1428 4606 1489 4650 or-

504 4718 589 4762 nare
614 4717 693 4761 eum
725 4692 919 4761 liberaliter
949 4697 1137 4775 ceperunt,
1170 4684 1378 4775 praesertim
1408 4708 1488 4753 cum

504 4798 575 4866 iam
590 4808 685 4866 aetas
702 4794 816 4861 virilis
832 4788 969 4882 aliquid
987 4788 1133 4857 adderet
1149 4784 1360 4855 autoritatis.

607 4913 662 4984 lbi
678 4915 767 4984 duas
782 4906 976 4999 tragoedias
994 4901 1179 4996 Euripidis
1197 4903 1322 5000 uertit,
1351 4902 1394 4970 de
1408 4902 1490 4993 qui·

504 5020 571 5119 bus
588 5019 662 5105 ipse
678 5017 762 5110 quid
780 5013 949 5095 senserit,
975 5009 1059 5079 inde
1075 5005 1227 5095 intelligi
1242 5015 1365 5095 potest,
1393 5005 1487 5096 quod

504 5142 583 5187 cum
602 5118 797 5206 Longolius
819 5139 937 5185 coram
961 5112 1124 5193 dixisset,
1156 5106 1354 5179 orationem
1378 5105 1489 5195 ipsius

504 5216 677 5289 humilem
693 5233 726 5286 et
741 5218 961 5286 summissam
978 5236 1065 5295 esse,
1086 5236 1126 5280 ac
1142 5213 1261 5279 deesse
1275 5209 1308 5276 ei
1322 5207 1490 5295 splendo-

504 5346 581 5392 rem
598 5332 632 5389 et
647 5315 1008 5408 grandiloquentiam,
1035 5312 1139 5381 iussit
1155 5335 1236 5380 eum
1255 5308 1419 5400 experiri,
1443 5333 1489 5377 an

503 5437 620 5517 posset
638 5418 746 5489 simili
762 5417 970 5508 splendore,
996 5411 1214 5501 tragoediam
1231 5407 1416 5501 Euripidis
1428 5422 1490 5478 aut

503 5523 693 5619 Sophoclis
713 5518 880 5592 Latinam
902 5516 1027 5584 facere.

557 5708 568 5721 .
604 5643 717 5716 Datus
750 5651 802 5709 est
831 5635 940 5727 igitur
972 5632 1006 5701 ei
1036 5631 1133 5700 locus
1166 5622 1490 5718 publicedocendi

504 5747 639 5818 Graece
650 5740 862 5816 etLatinein
873 5735 1062 5808 Academia
1073 5721 1368 5819 Cantabrigiensi‚
1383 5752 1488 5821 quem
1549 5754 1555 5760 ·

1538 2293 1659 2387 iuquit
1681 2294 1767 2362 ille?
1792 2294 1940 2365 subiecit
1954 2290 2135 2375 Erasmus,
2151 2307 2253 2363 antea
2269 2293 2428 2386 ineptum
2446 2322 2522 2369 esse

1537 2394 1713 2480 iudicavi,
1738 2418 1835 2464 nunc
1852 2418 1997 2486 prorsus
2013 2395 2174 2466 insanire
2198 2419 2280 2465 eum
2305 2400 2473 2488 comperi.

1638 2510 1731 2583 Cum
1753 2511 1863 2602 igitur
1884 2511 2067 2584 Bononiae
2090 2513 2271 2584 librorum
2299 2514 2400 2604 copia
2424 2532 2527 2602 esset,

1536 2613 1694 2684 instituit
1738 2638 1829 2705 opus
1872 2613 2148 2685 Proverbiorum
2193 2615 2382 2704 grandius,
2429 2622 2525 2710 quod

1537 2728 1659 2807 postea
1681 2713 1841 2785 Venetiis
1864 2730 1898 2787 et
1918 2731 2061 2797 auctum
2088 2727 2123 2786 et
2144 2730 2309 2787 ornatum
2330 2715 2370 2785 in
2387 2719 2527 2792 officina

1537 2813 1624 2886 Aldi
1639 2817 1762 2890 edidit.
1879 2841 1883 2854 ¹

1640 2933 1824 3006 Bononiae
1841 2923 2100 3006 consuetudine
2117 2930 2275 3005 hominis
2292 2937 2412 3006 diserti
2422 2937 2527 3011 Pauli

1537 3034 1721 3107 Bombasii
1744 3040 1937 3107 delectatus
1958 3050 2021 3106 est.
2057 3030 2235 3108 ''Venetiis
2265 3063 2343 3107 cum
2373 3039 2410 3106 in
2435 3040 2524 3111 Aldi

1539 3142 1646 3209 domo
1677 3139 1833 3224 viveret,
1866 3138 2034 3208 omnibus
2065 3140 2235 3222 eruditis,
2267 3153 2302 3209 et
2333 3153 2462 3226 notus,
2491 3158 2527 3215 et

1539 3237 1667 3310 charus
1682 3242 1763 3322 fnit,
1778 3243 1838 3310 sed
1856 3240 2045 3332 praecipue
2061 3237 2185 3310 Marco
2200 3234 2352 3313 Musurb
2365 3238 2526 3314 Cretensi

1539 3342 1743 3414 doctissimo
1769 3343 1869 3429 viro,
1895 3364 2001 3436 quem
2028 3355 2148 3432 postea
2166 3340 2239 3413 Leo
2264 3341 2427 3413 Pontifex
2448 3343 2525 3418 Ro·

1540 3469 1633 3563 mam
1665 3446 1864 3530 accersivit,
1916 3446 1959 3512 ad
1993 3440 2151 3514 Graecae
2181 3443 2320 3532 linguae
2351 3467 2526 3537 propaga-

1540 3560 1686 3615 taonem.

1639 3663 1684 3730 ln
1699 3656 1890 3728 Academia
1907 3658 2058 3728 Senensi
2074 3659 2179 3729 etiam
2196 3664 2309 3734 filium
2326 3665 2528 3755 regisScot-

1538 3778 1656 3835 torum
1679 3759 1797 3830 lacobi
1819 3754 2061 3828 Alexahdrum
2086 3760 2225 3843 docuit,
2252 3766 2353 3833 cuius
2377 3784 2527 3840 mortem

1541 3865 1704 3957 deplorat
1725 3863 1765 3931 in
1788 3858 1993 3952 proverbio:
2017 3859 2181 3951 Spartam
2203 3876 2327 3932 nactus
2351 3888 2407 3948 es,
2435 3865 2529 3941 hanc

1540 3992 1639 4040 orna.

1641 4081 1749 4153 Edito
1767 4079 2157 4173 opercProverbiorum
2174 4081 2211 4150 in
2222 4079 2389 4171 Angliam
2407 4090 2527 4162 rediit.

1541 4184 1702 4278 Cumque
1725 4197 1871 4275 propter
1894 4206 1971 4250 eam
2000 4182 2191 4252 editionem
2219 4185 2323 4255 multi
2350 4188 2529 4277 sapientes

1540 4303 1575 4358 et
1603 4288 1697 4358 docti
1731 4285 1800 4354 viri
1835 4309 1917 4354 eum
1949 4284 2061 4373 magis
2090 4286 2367 4371 admirarentur,
2414 4294 2527 4382 magis

1541 4389 1786 4480 expetiverunt
1804 4388 1880 4455 eius
1892 4386 2169 4457 familiaritatem
2184 4386 2367 4480 Principes
2389 4405 2423 4461 et
2440 4389 2529 4485 Epi·

1541 4494 1649 4581 scopi.
1689 4490 1760 4560 Sed
1778 4513 1916 4579 semper
1930 4488 2029 4556 aulas
2044 4490 2222 4579 sapienter
2234 4491 2336 4579 fugit.
2376 4488 2423 4562 Et
2440 4519 2527 4564 con·

1543 4607 1660 4662 tentus
1676 4590 1848 4660 Warami
1870 4603 1904 4659 et
1920 4587 2091 4657 Montioii
2112 4562 2343 4675 liberalitate,
2376 4618 2527 4684 quorum

1542 4693 1714 4786 sapientia
1732 4705 1766 4762 et
1782 4693 1896 4764 virtus
1909 4689 1979 4759 fuit
1995 4690 2179 4775 excellens,
2200 4693 2307 4761 rediit
2322 4694 2360 4759 in
2379 4691 2528 4781 ltaliam,

1542 4811 1582 4867 ut
1596 4793 1734 4867 Romae
1750 4795 1935 4862 doctorum
1949 4792 2157 4859 consuetudi
2162 4815 2205 4858 ne
2217 4792 2405 4865 frueretur.
2458 4797 2527 4869 Ubi

1541 4896 1725 4990 Cardinali
1748 4892 1921 4964 Grimano
1944 4889 2080 4960 Veneto
2103 4892 2289 4962 familiaris
2311 4895 2402 4980 fuit,
2428 4899 2525 4969 cuius

1542 5002 1669 5069 domus
1684 4994 1895 5068 Academiae
1910 4993 2037 5064 similis
2053 5008 2147 5077 erat,
2172 4994 2256 5087 quia
2271 5012 2305 5068 et
2320 4997 2393 5088 ipse
2407 5003 2529 5070 erudi·

1540 5103 1638 5173 tione
1663 5124 1703 5169 ac
1728 5096 1901 5167 modestia
1918 5095 2064 5165 caeteris
2076 5093 2329 5168 Cardinalibus
2341 5104 2529 5173 antecelle-

1541 5205 1611 5275 bat.

1642 5300 1697 5372 Eo
1711 5315 1890 5393 tempore,
1918 5298 2002 5391 quia
2019 5298 2157 5370 viderat
2174 5298 2309 5380 ltaliae,
2336 5310 2369 5365 et
2387 5296 2530 5375 Galliae

1541 5405 1776 5489 calamitates,
1802 5414 1897 5473 ortas
1923 5402 1968 5470 ab
1994 5396 2165 5482 cobello,
2190 5399 2284 5490 quod
2302 5396 2416 5469 lulius
2433 5403 2530 5476 Pon·

1540 5507 1626 5576 tifex
1640 5508 1814 5575 adversus
1824 5502 2049 5575 Ludovicum
2064 5497 2244 5569 Gallicum
2268 5522 2387 5589 regem
2404 5526 2529 5578 accen·

1541 5608 1662 5689 derat,
1687 5608 1828 5699 scripsit
1842 5605 2022 5699 querelam
2046 5600 2150 5692 pacis.

1641 5721 1744 5793 Hanc
1760 5749 1841 5796 cum
1856 5717 2037 5815 praecipui
2050 5716 2121 5786 viri
2145 5718 2331 5810 legissent,
2357 5724 2421 5816 qni
2437 5726 2530 5796 bella

502 5847 697 5919 ntGraccis
714 5841 885 5916 librisuti
902 5851 1028 5931 posset,
1045 5832 1215 5905 libentius
1232 5830 1375 5921 accepit.
1409 5827 1490 5902 Ali·
1540 5851 1615 5898 non
1636 5825 1833 5896 necessaria
1858 5818 1996 5894 moveri
2016 5821 2206 5907 dolebant,
2233 5846 2413 5895 sermones
2436 5829 2557 5898 etd‘e'

500 5965 634 6042 quanto
667 5963 746 6041 post
774 5969 854 6019 cum
880 5941 985 6034 Regii
1013 5936 1141 6012 medici
1165 5933 1247 6006 filiis
1277 5932 1316 6003 in
1348 5930 1488 6007 ltaliam
1538 5927 1709 6021 Erasmo,
1733 5940 1769 5998 et
1782 5928 1828 5998 de
1844 5920 2034 5998 hominnm
2047 5923 2191 5996 iudiciis
2206 5927 2250 5998 ad
2267 5922 2398 5999 lulium
2414 5931 2528 6020 perfe-
