6025 6775
551 694 600 766 st
715 679 718 684 ¹

557 862 781 936 intuendum.
831 858 965 951 inipso
979 857 1208 930 mansuetudo
1222 879 1359 929 summa
1375 873 1444 931 est:
1468 855 1544 928 Ne-

560 962 647 1032 mini
667 962 797 1032 iniuste
818 961 991 1032 irascitur.
1041 955 1089 1028 Et
1112 957 1175 1044 iis,
1199 959 1329 1051 quibus
1352 959 1545 1030 iustissime
1593 972 1766 1046 nominat,
1818 975 1933 1051 Filia,
1957 985 2087 1055 dicim,

559 1037 629 1133 fnit
644 1062 765 1143 iratus,
786 1086 867 1133 cum
882 1073 1004 1153 petunt
1015 1056 1168 1137 veniam,
1189 1071 1225 1130 et
1239 1060 1362 1130 dolent
1376 1082 1413 1130 se
1427 1062 1545 1151 lapsos
1593 1094 1614 1142 a
1642 1086 1741 1164 patre
1768 1090 1805 1147 et
1833 1079 1907 1151 lilio
1935 1087 2094 1174 procedit

561 1187 656 1248 esse,
679 1163 791 1256 parcit
807 1177 841 1236 et
855 1184 915 1233 eos
929 1161 1118 1230 clementer
1131 1159 1275 1252 recipit,
1296 1175 1332 1233 et
1347 1174 1480 1248 servat,
1504 1185 1546 1232 ac

562 1287 695 1357 poenas
711 1276 907 1357 praesentes
922 1259 1069 1348 mitigat.

665 1380 738 1450 Nec
758 1378 823 1447 sibi
845 1375 915 1468 ipsi
936 1372 1119 1443 dissimilis
1140 1387 1211 1458 est,
1252 1375 1328 1446 sine
1348 1398 1545 1472 npoowno·

566 1474 681 1575 ληψία
697 1478 854 1560 omnium
867 1474 1057 1546 sceleribus
1069 1473 1243 1547 irascitur.
1276 1474 1416 1549 Rursus
1428 1477 1547 1548 omni-

566 1582 632 1649 bns
647 1578 928 1668 confugientibus
949 1578 994 1646 ad
1014 1576 1129 1667 ipsum
1146 1575 1185 1647 fit
1202 1578 1388 1669 propitius.
1441 1579 1494 1649 lta
1514 1592 1546 1696 et

565 1679 677 1749 iustus
698 1693 769 1767 est,
802 1690 837 1748 et
859 1677 1069 1747 misericors.
1134 1673 1168 1745 A
1196 1679 1360 1769 superbia
1387 1704 1470 1750 vero
1497 1702 1547 1748 nc
1598 1707 1608 1725 ·

565 1778 683 1858 abest,
709 1792 750 1848 ut
764 1799 843 1847 cum
861 1778 988 1847 missus
1003 1778 1066 1862 sit,
1091 1789 1131 1848 ut
1151 1777 1211 1848 fiat
1231 1779 1373 1849 victima
1397 1804 1463 1896 pro
1486 1801 1548 1867 ge·
1598 1807 1608 1825 ·

564 1899 649 1949 nere
676 1875 854 1963 humano,
892 1901 968 1947 non
999 1891 1162 1969 erumpat
1195 1891 1292 1948 extra
1325 1895 1547 1984 vocattonem

565 1997 686 2062 suam,
711 2003 786 2050 non
803 1982 942 2070 adpetat
957 1979 1124 2069 imperia,
1149 1979 1354 2069 potentiam,
1380 1981 1548 2072 splendo-

564 2100 661 2163 rem,
686 2103 761 2149 non
776 2079 928 2171 depellat
948 2078 1116 2158 iniurias,
1140 2102 1221 2147 cum
1245 2079 1281 2148 id
1306 2080 1472 2150 facillime
1495 2081 1548 2149 fa·

565 2201 643 2249 cere
658 2193 793 2273 posset,
812 2181 872 2249 sed
887 2179 1128 2270 pasicratem,
1153 2179 1235 2271 quis
1253 2181 1318 2251 scit
1331 2204 1367 2250 se
1383 2205 1457 2300 non
1472 2203 1547 2251 esse

565 2293 740 2352 armatum
757 2280 927 2371 imperiis,
952 2281 1011 2349 sed
1030 2279 1176 2348 missum
1193 2302 1277 2364 esse,
1294 2296 1334 2351 ut
1351 2282 1396 2353 sit
1410 2286 1549 2376 λυτρου

564 2401 630 2469 pro
648 2403 774 2471 genere
788 2376 956 2452 humano.
1008 2376 1050 2448 ln
1065 2375 1132 2449 hoc
1143 2401 1207 2448 suo
1222 2403 1368 2451 munere
1383 2406 1549 2451 reveren·

564 2493 621 2551 ter
634 2485 853 2572 obtemperat
867 2492 1010 2550 aeterno
1025 2478 1137 2569 patri,
1160 2503 1201 2548 ac
1214 2479 1264 2551 ita
1288 2503 1325 2552 se
1347 2483 1469 2552 abiicit
1491 2484 1547 2550 in-

565 2581 620 2650 fra
640 2605 763 2651 omnes
778 2576 962 2663 homines,
993 2593 1033 2650 ut
1055 2579 1144 2649 iram
1169 2580 1207 2649 in
1231 2603 1305 2652 sese
1326 2584 1462 2654 derivet
1481 2585 1547 2652 ad·

565 2703 688 2752 versus
703 2682 922 2770 singulorum
939 2680 1082 2753 scelera.
1131 2678 1215 2750 Meo
1231 2695 1267 2752 et
1279 2696 1341 2756 tuo
1361 2686 1440 2754 loco
1461 2707 1546 2774 poe-

565 2804 651 2857 nam
666 2783 832 2861 sustinet,
856 2794 897 2851 ut
917 2775 1006 2848 mihi
1025 2792 1060 2850 et
1077 2779 1142 2850 tibi
1159 2797 1339 2871 parcatur,
1364 2798 1405 2856 nt
1424 2783 1548 2853 abiicit

451 2867 459 2888 ⁸
566 2904 603 2951 se
625 2881 754 2952 ancilla
775 2881 868 2950 infra
891 2876 1106 2965 Dominam,
1141 2881 1294 2950 offerens
1315 2909 1350 2952 se
1371 2884 1546 2976 supplicio

555 2967 630 3075 'pro
646 3007 697 3053 ea.
730 2979 783 3052 Ac
797 2981 867 3051 fuit
881 2976 1007 3050 harum
1023 2980 1195 3050 virtutum
1209 2981 1373 3069 perfectio
1388 2986 1426 3052 in
1441 2986 1546 3053 corde

564 3081 631 3152 lilii
639 3078 726 3168 Dei,
749 3078 817 3152 boc
831 3093 899 3165 est,
918 3079 1086 3169 flagrabat
1094 3078 1249 3169 Spiritus
1263 3095 1404 3153 sanctus
1417 3085 1454 3152 in
1471 3098 1545 3153 toto

482 3177 501 3188 ”
563 3184 680 3265 corde,
704 3180 897 3273 permixtus
910 3200 1044 3248 massae
1058 3192 1092 3249 ct
1106 3173 1276 3251 balitibus
1288 3184 1426 3266 cordis,
1448 3185 1545 3277 quod

563 3271 640 3352 sine
656 3283 737 3351 labe
754 3295 790 3352 et
802 3280 879 3349 sine
895 3279 1115 3349 contumacia
1132 3294 1218 3351 erat.

666 3396 720 3469 Ac
740 3397 780 3465 in
800 3396 879 3467 aliis
893 3391 1116 3477 hominibus,
1146 3396 1251 3464 etiam
1272 3395 1303 3463 si
1323 3400 1385 3490 qni
1407 3403 1547 3474 frenant

564 3500 733 3569 iniustam
748 3496 858 3581 iram,
881 3509 998 3566 tamen
1014 3495 1053 3562 in
1075 3497 1181 3564 corde
1203 3508 1286 3564 sunt
1307 3496 1468 3566 incendia
1489 3500 1547 3567 in-

562 3602 665 3673 iusta.
715 3596 787 3669 Sed
799 3597 889 3667 alius
904 3608 954 3666 est
969 3596 1110 3666 additus
1132 3595 1236 3665 nobis
1257 3612 1390 3683 custos,
1415 3599 1546 3689 cogita·

563 3702 616 3774 tio
638 3722 727 3794 quae
748 3699 787 3768 in
808 3698 951 3768 cerebro
977 3709 1046 3781 est,
1077 3695 1250 3787 imperare
1277 3711 1390 3788 potest
1417 3700 1546 3786 nervis,

563 3824 627 3873 seu
639 3799 815 3893 potentiae
829 3821 919 3891 quae
934 3797 1024 3887 regit
1035 3810 1153 3868 motus
1176 3796 1322 3878 locales,
1348 3812 1389 3870 ut
1404 3815 1547 3872 esterna

428 3958 433 3967 ,
563 3903 723 3972 membra
747 3895 941 3970 coherceat.
993 3896 1040 3969 Ut
1056 3892 1233 3979 'Achillem
1256 3894 1404 3970 retrahit
1416 3898 1545 3985 Pallas,

563 4001 602 4070 id
628 4014 701 4086 est,
740 3996 922 4090 cogitatio,
959 4019 1005 4065 ne
1030 4020 1156 4069 manus
1180 3999 1337 4088 gladium
1360 4001 1545 4090 stringant.

563 4100 704 4175 Interea
719 4113 837 4172 tamen
851 4121 914 4168 cor
935 4097 1010 4168 eius
1032 4097 1168 4188 ingenti
1190 4099 1243 4169 ira
1264 4102 1431 4170 adversus
1447 4103 1546 4191 Aga-

561 4225 787 4273 memnonem
810 4201 929 4284 ardet,
960 4211 996 4270 et
1017 4213 1233 4271 aestuantem
1258 4202 1464 4291 sanguinem
1487 4204 1546 4272 in-

562 4304 682 4376 cendit
696 4328 736 4373 ac
751 4300 898 4394 spargit.

665 4418 707 4491 ln
723 4417 780 4490 bis
794 4417 1107 4510 descriptionibus,
1132 4440 1212 4485 cum
1231 4430 1317 4487 nota
1333 4432 1416 4487 sunt
1431 4443 1546 4488 mem·

561 4524 709 4592 brorum
738 4520 961 4604 discrimina,
1005 4519 1045 4588 bt
1070 4515 1246 4588 illustrior
1272 4519 1467 4608 enarratio,
1509 4535 1546 4592 ct

1235 685 1395 768 unct.
1433 685 1509 762 DE
1539 686 1876 786 ΑΝΑΤΟΜΙΑ.

2522 743 2574 813 82

1594 869 1767 959 facerent,
1806 888 1842 945 et
1862 882 2042 954 vocabulis
2069 890 2200 959 nostris
2222 895 2356 979 utitur,
2393 926 2475 974 cnm
2502 929 2576 980 sese

2107 982 2216 1087 λόγος
2237 1000 2373 1069 aeterni
2390 1008 2515 1092 patris,
2542 1025 2577 1084 et

2122 1088 2276 1181 Spiritus
2304 1116 2457 1174 sanctus.
2508 1106 2573 1180 His

1594 1174 1868 1248 vocabuliscum
1883 1184 1996 1280 utitur
2009 1211 2078 1257 vox
2091 1190 2234 1280 divina,
2257 1204 2429 1272 sumenda
2449 1219 2501 1277 est
2520 1208 2579 1277 in·

1596 1278 1799 1365 terpretatio
1823 1303 1865 1351 ex
1885 1288 2127 1359 membrorum
2149 1310 2354 1371 nostrorum
2375 1306 2579 1380 considera-

1597 1375 1704 1447 tione.

1697 1503 1744 1578 ln
1769 1515 1913 1584 cerebro
1944 1516 2146 1594 formantur
2177 1526 2347 1618 imagines
2380 1538 2578 1628 cogitando.
2606 1550 2608 1554 '

1597 1603 1650 1677 lta
1665 1622 1828 1682 aeternus
1843 1629 1943 1705 pater
1958 1641 2032 1689 sese
2046 1622 2205 1712 intuens,
2229 1643 2262 1699 et
2275 1633 2442 1722 cogitans,
2465 1640 2579 1731 gignit

1596 1710 1787 1798 imaginem
1811 1715 1849 1781 in
1863 1741 1933 1808 qua
1947 1720 2074 1811 fulget,
2099 1750 2189 1818 quac
2210 1744 2261 1799 est
2277 1726 2394 1830 λόγος.
2445 1736 2494 1810 Ει
2516 1738 2575 1811 hic

1597 1832 1671 1898 rpse
1687 1804 1795 1907 λόγος
1811 1831 1930 1906 postea
1945 1844 2011 1891 nos
2024 1826 2211 1919 alloquens
2225 1845 2359 1919 patrem
2374 1840 2540 1912 ostendit.

1687 1959 1780 2034 Sunt
1792 1981 1908 2039 autem
1926 1969 1964 2039 in
1980 1966 2125 2046 homine
2141 1979 2284 2069 spiritns
2298 1985 2499 2060 flammulae
2514 2014 2586 2064 na-

1597 2074 1653 2129 tae
1667 2074 1702 2131 et
1716 2065 1879 2136 accensae
1893 2068 1933 2139 in
1950 2077 2067 2160 corde,
2087 2079 2218 2169 quibus
2232 2095 2265 2152 et
2280 2084 2443 2159 calefiunt
2459 2094 2579 2163 omnia

1597 2163 1774 2249 membra,
1798 2182 1834 2237 et
1847 2169 1987 2241 cientur
2007 2176 2163 2249 adfectus
2178 2194 2213 2250 et
2225 2197 2352 2255 motus.
2411 2186 2499 2262 lnde
2515 2219 2579 2263 vo-

1597 2257 1761 2333 cabulum
1776 2265 1950 2361 Spiritus,
1975 2286 2154 2370 utcunque
2169 2283 2365 2357 declaretur
2376 2285 2579 2363 inEcclesia

1597 2355 1706 2459 λόγος
1719 2369 1877 2441 accendit
1890 2374 2078 2457 noticiam,
2103 2378 2258 2471 Spiritus
2273 2401 2413 2460 sanctus
2434 2392 2577 2463 flamma

1598 2478 1648 2532 εει
1670 2464 1792 2536 divina
1814 2467 1852 2537 in
1873 2475 2040 2546 cordibus
2053 2482 2248 2553 exuscitans
2262 2485 2454 2575 laeticiam,
2479 2516 2578 2564 amo-

1597 2586 1672 2631 rem
1693 2563 1779 2647 Dei,
1818 2568 2063 2647 fortitudinem
2096 2580 2134 2649 in
2165 2584 2334 2655 faciendis
2355 2592 2522 2664 omnibus
2543 2609 2578 2675 et

1597 2664 1833 2753 perferendis,
1860 2698 1950 2765 quae
1966 2674 2062 2749 Deus
2082 2683 2157 2754 vult
2173 2684 2247 2753 fieri
2262 2700 2325 2757 aut
2339 2690 2493 2766 tolerari.

1697 2815 1768 2887 Hic
1785 2819 1858 2909 ipse
1874 2820 2030 2913 Spiritus
2047 2827 2190 2901 divinus
2214 2835 2399 2925 permiscet
2421 2862 2457 2909 εε
2473 2842 2578 2911 flam-

1597 2919 1663 2986 mis
1679 2918 1717 2986 in
1735 2931 1796 2989 tuo
1812 2922 1917 2990 corde
1932 2927 2036 3010 natis,
2058 2940 2092 2998 et
2106 2931 2208 3003 addit
2224 2935 2274 3005 eis
2289 2937 2467 3010 vivificum
2482 2943 2579 3013 calo·

1597 3042 1670 3086 rent
1687 3031 1721 3086 et
1736 3019 1905 3089 salutares
1920 3038 2048 3098 motus.

1699 3142 1794 3213 Haec
1814 3145 1982 3221 beneficia
1995 3148 2063 3223 Dei
2083 3161 2302 3246 agnoscenda
2324 3178 2426 3251 sunt,
2449 3182 2484 3240 et
2499 3192 2579 3261 gra-

1598 3244 1740 3315 tissimis
1755 3248 1956 3337 pectoribus
1972 3254 2198 3344 celebranda,
2224 3273 2258 3336 et
2274 3284 2410 3337 summa
2423 3292 2506 3341 cura
2520 3295 2579 3342 rc-
2673 3328 2675 3330 -

1596 3346 1765 3433 tinenda‚
1790 3350 1976 3446 dequibus
1992 3379 2073 3428 cum
2097 3360 2306 3450 cogitamus,
2335 3381 2427 3438 certe
2445 3373 2580 3463 adspici

1596 3463 1716 3520 nostra
1733 3451 1890 3521 membra
1906 3470 2056 3543 oportet.
2105 3455 2155 3533 Et
2170 3464 2280 3537 multa
2294 3488 2360 3536 nos
2377 3470 2478 3540 docet
2492 3467 2578 3544 haec

1596 3545 1849 3636 qualiscuuqne
1865 3552 2112 3627 consideratio.
2383 3576 2385 3581 '

1697 3672 1790 3745 Sunt
1805 3690 1839 3746 et
1855 3677 1944 3747 aliae
1959 3681 2129 3754 utilitates
2144 3685 2325 3761 doctrinae
2349 3707 2576 3780 anatomicae.

1596 3770 1700 3845 Ordo
1713 3775 1753 3844 in
1768 3789 1841 3847 tota
1859 3790 1984 3851 natura
1998 3806 2137 3869 rerum,
2171 3788 2261 3856 coeli
2275 3804 2311 3862 et
2325 3806 2436 3866 terrae
2450 3801 2576 3886 forma,

1596 3889 1631 3947 ει
1645 3877 1798 3967 positus,
1820 3876 1913 3949 vices
1926 3895 2087 3953 motuum
2103 3898 2139 3955 et
2153 3900 2366 3980 temporum,
2390 3898 2576 3973 foecundi·

1596 3990 1649 4047 tas
1664 3991 1776 4048 terrae
1783 4028 1796 4063 ,
1822 3982 2015 4054 ostendunt
2030 3979 2128 4058 bunc
2144 3994 2318 4063 mundum
2334 4020 2409 4067 non
2429 4023 2511 4073 casu
2533 4030 2575 4075 ex

1596 4074 1793 4150 Democriti
1821 4081 1948 4151 atomis
1976 4086 2206 4175 confluxisse,
2245 4097 2306 4164 sed
2327 4121 2400 4168 esse
2423 4116 2576 4175 mentem
2677 4118 2680 4127 '

1595 4174 1931 4264 arcltitectatriccm,
1964 4209 2055 4277 quac
2075 4192 2236 4263 consulto
2257 4208 2293 4265 et
2313 4213 2387 4269 arte
2411 4201 2575 4278 formavit

1595 4280 1715 4348 omnia
1740 4303 1857 4370 opera.
1914 4280 2145 4360 Manifestum
2171 4306 2222 4363 est
2246 4309 2362 4367 antem
2384 4299 2576 4393 plurimum

1595 4400 1668 4448 esse
1691 4379 1777 4449 artis
1798 4380 1839 4451 in
1862 4385 2022 4459 aedificio
2046 4384 2195 4462 humani
2214 4400 2381 4488 corporis.
2439 4400 2576 4494 Deinde

1594 4472 1681 4549 baec
1707 4495 1791 4550 sunt
1818 4483 1970 4555 maxime
1998 4491 2180 4582 perspicua
2202 4497 2402 4572 testimonia
2422 4508 2466 4575 de
2486 4504 2576 4593 Deo,

479 4630 484 4642 '
560 4622 728 4691 discimus
744 4643 833 4711 qnae
847 4632 981 4709 partes,
1006 4618 1186 4710 quomodo
1201 4631 1236 4688 et
1252 4618 1406 4707 possint,
1431 4636 1466 4691 et
1480 4620 1542 4690 de-
1594 4580 2461 4775 ἔξωἐέῑὲῑῗΐξζοάῗξιῑι’ἰξὲῗϊέἓὲἒέῗὲἲεξξἪεἰ
2476 4609 2575 4726 ‘3¹⁶³‘

558 4722 667 4793 beant
678 4718 760 4809 regi.
794 4718 888 4791 Sunt
902 4718 998 4788 enim
1013 4720 1104 4787 duae
1117 4716 1250 4786 formae
1265 4718 1544 4804 gubernationis.
1660 4734 1671 4765 ⁹
2421 4730 2576 4798 urptum,

559 4819 684 4893 Altera
704 4815 869 4911 πολιτικὴ
889 4840 979 4912 quae
999 4816 1179 4886 suadendo
1201 4815 1311 4888 flectit
1332 4819 1544 4910 voluntates,
1594 4793 1630 4851 οἱ
1644 4780 1683 4899 ὴῖ
1696 4786 1802 4854 ‘md‘
1818 4786 2050 4862 immuabiffi
2067 4793 2197 4866 ”indu
2213 4811 2247 4868 ‘i
2262 4803 2436 4886 “misus
2470 4810 2575 4882 dolor

558 4923 669 4992 altera
683 4898 898 5012 darnestal,
924 4939 1015 5011 quae
1029 4914 1122 5007 cogit
1145 4916 1251 4989 etiam
1272 4917 1405 4991 invitos
1427 4935 1463 4995 ει
1482 4947 1542 4994 re-
1593 4905 1746 4973 pum‘m
1759 4886 1897 4957 'celem‘
1951 4886 2048 4962 Hm
2070 4917 2144 4964 ”⁰¹¹
2165 4911 2249 4968 ³⁰⁰²
2270 4924 2352 4975 ⁰²⁸⁰
2373 4919 2471 4994 “¹³2
2509 4935 2574 4983 ¹¹0⁶

458 5078 463 5087 .
556 5035 763 5113 pugnantes.
799 5017 877 5089 Hae
889 5018 1003 5088 forma
1016 5011 1233 5111 δεσποτικῇ,
1259 5033 1439 5115 utcunque
1453 5025 1543 5115 regit
1592 4983 2324 5174 aeffiiffioe‘gengtuimiffiiffiffizg
2336 5005 2454 5175 11])ῗῦ
2479 5026 2573 5163 ortt-s

556 5122 721 5212 cogitatio
752 5144 897 5204 nervos,
930 5118 1068 5190 etiamsi
1091 5118 1208 5191 cordis
1234 5134 1351 5196 aestus
1379 5126 1542 5197 nondum
1973 5114 1995 5182 H
2390 5132 2451 5179 um
2470 5132 2551 5181 men

1591 5195 1664 5253 tem
1679 5187 1912 5259 conditricem
1935 5217 2076 5281 rerum,
2102 5210 2137 5268 et
2158 5220 2233 5270 esse
2253 5205 2378 5291 talem,
2401 5229 2569 5292 veracem,

1590 5285 1803 5373 beneficum,
1841 5289 1992 5374 iustum,
2034 5311 2187 5381 castum,
2225 5304 2365 5393 qualem
2387 5305 2570 5378 transfusis

655 5338 759 5411 Hanc
780 5362 899 5408 veram
920 5351 955 5409 et
977 5337 1247 5412 vetustissimam
1269 5343 1468 5417 doctrinam
1494 5348 1542 5417 de
1591 5385 1601 5401 ·

1080 5439 1088 5456 .
1256 5441 1266 5459 .
1528 5448 1538 5466 ,
1590 5408 1628 5452 tn
1649 5409 1715 5456 nos
1735 5387 1906 5462 virtutum
1930 5396 2089 5482 noticiis,
2114 5421 2188 5469 esse
2201 5423 2239 5471 se
2251 5403 2412 5473 ostendit.
2462 5401 2571 5497 Cogi.

553 5441 701 5514 diversis
715 5441 959 5511 membrorum
971 5452 1119 5526 naturts,
1132 5435 1308 5512 Ecclesrae
1317 5456 1351 5514 et
1358 5469 1540 5518 commum
1589 5496 1660 5555 ,m
1671 5510 1803 5579 quaeso
1817 5491 1862 5560 de
1878 5496 2019 5585 qumis
2039 5499 2146 5569 rebus
2167 5500 2291 5571 iusim
2308 5501 2379 5571 'int
2399 5504 2504 5575 nohis
2522 5506 2570 5577 ss.

523 5536 648 5639 ..Vim
662 5541 894 5613 ”emilam
908 5561 1002 5625 ‘⁸⁸⁰⁹
1025 5563 1148 5611 ΜΘ*
1161 5541 1265 5613 Μ
1279 5559 1468 5633 ‘mmm’
1588 5583 1716 5656 lustres
1730 5593 2103 5684 commonefactiones‚
2121 5623 2211 5693 quae
2231 5622 2268 5669 εε
2288 5600 2443 5675 offerunt
2456 5608 2569 5678 oculis

655 5674 729 5747 lam
744 5690 779 5749 ει
794 5671 880 5745 haec
893 5673 1090 5746 considera.
1143 5670 1385 5750 lndiditDeus
1398 5677 1537 5759 bomini
1587 5686 1737 5784 nostris,
1775 5714 1858 5765 cnm
1883 5697 2042 5770 membra
2071 5713 2106 5773 et
2132 5721 2255 5773 eorum
2274 5701 2391 5777 officie
2409 5719 2569 5780 contem.

553 5777 741 5849 'simulacra
755 5777 954 5870 quaedam,
971 5796 1061 5870 quac
1081 5796 1150 5847 nos
1170 5777 1216 5847 de
1237 5775 1315 5869 ipso
1333 5800 1538 5854 comumne-
1587 5785 1738 5891 plamur.

527 5278 532 5285 .
556 5224 738 5294 suadendo
751 5222 896 5296 sedavit.
