6025 6775
494 786 571 859 stu

496 970 530 1026 et
563 975 701 1023 moram
724 950 764 1020 in
785 944 852 1020 hoc
882 948 1048 1019 incendio
1069 950 1304 1042 perniciosam
1325 971 1399 1018 esse
1421 971 1481 1017 co·

494 1052 636 1148 gitate.”

600 1151 699 1223 Haec
719 1175 795 1221 cum
819 1149 965 1222 dixisset
985 1149 1170 1238 Pontifex,
1202 1153 1302 1223 iubet
1320 1149 1482 1235 Carolus,

498 1258 585 1353 quia
619 1256 817 1325 decreverat
850 1278 924 1324 nou
960 1253 1140 1323 discedere
1165 1279 1185 1323 a
1208 1278 1269 1324 sua
1294 1251 1482 1335 sententia,

497 1356 745 1431 Mercurinum
769 1353 920 1425 refutate
937 1354 1119 1425 Pontificis
1145 1356 1357 1428 orationem.
1409 1352 1480 1425 Sed

498 1484 577 1531 cum
593 1458 709 1526 dicere
723 1453 953 1527 Mercurinus
969 1457 1149 1549 caepisset,
1175 1453 1481 1549 interpellatPou-

495 1562 598 1643 tifex,
625 1556 792 1628 torvitate
807 1559 927 1627 vultus
949 1573 983 1628 et
998 1559 1094 1629 vocis
1116 1560 1342 1652 tyrannidem
1361 1570 1482 1627 osten-

494 1665 600 1745 deus,
628 1676 662 1731 et
688 1654 745 1728 his
769 1659 855 1749 ipsis
884 1660 1003 1730 verbis
1029 1662 1194 1751 obiurgat
1216 1660 1480 1732 Mercurinum:

494 1763 646 1853 „Quare
672 1776 711 1832 tu
737 1755 828 1828 mihi
849 1762 1029 1832 adversari
1054 1767 1183 1848 audes,
1226 1778 1261 1835 et
1284 1762 1479 1835 Dominum

495 1879 617 1937 contra
635 1888 689 1934 me
705 1860 881 1932 incitas?’¹

598 1963 668 2035 Hic
690 1963 804 2053 surgit
824 1967 868 2032 ad
891 1964 1081 2035 dicendum
1100 1961 1252 2035 Carolus
1268 1964 1354 2056 ipse.
1406 1961 1483 2034 Mi-

495 2082 621 2141 rantur
642 2066 845 2155 Principes,
882 2065 968 2160 quid
1003 2065 1144 2137 iuvenis
1165 2069 1327 2137 dicturus
1350 2067 1414 2144 sit,
1448 2078 1483 2135 et

495 2169 622 2242 attenti
646 2168 797 2238 audiunt
818 2190 958 2254 omues,
988 2168 1125 2261 fuitque
1146 2164 1232 2239 haec
1254 2166 1481 2257 gravissimae

496 2271 671 2343 orationis
697 2291 845 2343 summa,

599 2368 763 2461 Agnosco
779 2395 834 2439 me
850 2370 1014 2441 iuvenem
1031 2393 1126 2453 esse,
1152 2381 1186 2438 et
1210 2364 1316 2438 huius
1335 2363 1480 2436 Mercu-

495 2477 590 2560 rini,
612 2488 645 2542 et
661 2472 808 2541 aliorum
825 2474 1023 2564 sapientum
1044 2469 1201 2538 consiliis
1217 2468 1271 2539 uti
1285 2489 1341 2535 me
1356 2468 1479 2549 fateor,

497 2592 533 2648 et
550 2578 678 2645 debere
694 2598 748 2644 me
763 2575 997 2666 sapientiores
1011 2572 1135 2640 audire
1150 2570 1280 2651 iudico,
1306 2583 1340 2639 et
1353 2564 1479 2668 dehac

496 2680 572 2769 ipsa
597 2676 869 2753 deliberatione,
905 2697 1010 2765 quam
1034 2672 1104 2740 scio
1127 2673 1302 2762 pertinere
1325 2674 1369 2741 ad
1402 2673 1479 2762 glo-

498 2780 586 2849 riam
605 2778 690 2862 Dei,
715 2792 748 2848 et
766 2780 810 2846 ad
828 2776 976 2842 salutem
993 2773 1150 2844 universi
1168 2775 1306 2864 generis
1321 2768 1480 2856 humani,

497 2905 575 2951 cum
593 2881 716 2950 multis
734 2876 930 2945 collocutus
943 2898 1041 2957 sum,
1068 2879 1127 2970 qui
1146 2876 1323 2946 excellunt
1337 2873 1478 2963 sapien-

496 2982 565 3067 tia,
598 2982 732 3050 virtute
759 2991 793 3047 ct
814 2976 898 3064 fide,
930 2980 993 3071 qui
1013 2979 1172 3050 sentiunt
1191 2975 1370 3049 Ecclesiae
1390 2999 1479 3064 opus

495 3107 568 3153 esse
582 3080 740 3176 Synodo·
791 3075 865 3149 Nec
880 3095 920 3152 tu
936 3082 1078 3169 ignoras
1094 3082 1295 3151 voluntates
1316 3074 1478 3147 omnium

493 3184 694 3271 sapientum
721 3190 756 3246 et
777 3179 954 3249 bonorum
977 3182 1016 3249 in
1043 3192 1113 3249 tota
1130 3176 1296 3270 Europa,
1333 3179 1396 3270 qui
1422 3200 1479 3246 as·

494 3280 609 3352 siduis
631 3277 819 3367 gemitibus
843 3280 1028 3373 Synodum
1051 3281 1212 3368 flagitant
1232 3279 1355 3361 talem,
1390 3300 1480 3370 quae

495 3395 592 3452 recte
612 3380 840 3469 gubernetur.
893 3379 1013 3471 Quare
1036 3405 1117 3452 cum
1142 3405 1180 3451 re
1194 3380 1257 3450 diu
1274 3378 1480 3464 deliberata,

492 3496 527 3553 et
542 3481 586 3550 iis
601 3482 837 3567 argumentis,
862 3507 951 3574 quae
968 3497 1006 3553 tu
1021 3483 1191 3575 opponis,
1215 3482 1406 3571 diligenter
1419 3507 1479 3552 co-

492 3582 611 3674 gitatis
627 3582 734 3649 velim
751 3585 938 3652 convocari
955 3584 1158 3677 Synodum,
1184 3585 1271 3653 scito
1286 3596 1321 3653 et
1335 3581 1477 3654 Mercu-

494 3686 633 3769 rinum,
659 3706 748 3775 quac
763 3684 871 3773 dixit,
899 3684 986 3753 meis
1001 3685 1176 3753 mandatis
1192 3684 1340 3768 dixisse,
1366 3698 1400 3753 et
1421 3708 1479 3752 me

496 3780 622 3857 abbae
641 3778 833 3865 sententia,
859 3786 973 3853 donec
992 3783 1124 3869 vivam,
1149 3809 1224 3854 non
1242 3785 1477 3855 discessurum

496 3911 583 3958 esse.
635 3884 757 3955 Tuum
782 3886 973 3956 consilium
996 3887 1195 3977 speciosum
1226 3900 1260 3956 et
1290 3885 1478 3975 plausibile

496 3986 651 4081 profanis
675 3989 789 4058 videri
813 4001 946 4078 potest,
982 3990 1043 4057 sed
1066 4012 1183 4058 meum
1211 4002 1245 4057 et
1267 3987 1400 4056 iustum
1427 4000 1478 4058 est

495 4105 528 4162 et
543 4088 720 4162 Ecclesiae
735 4090 1021 4175 convenientius,
1046 4088 1125 4159 etsi
1142 4113 1198 4156 me
1213 4113 1286 4158 non
1305 4088 1477 4179 impedie-

495 4193 590 4274 ritis,
615 4189 691 4261 Deo
710 4192 872 4272 iuvante,
899 4215 1002 4282 spero
1018 4190 1139 4281 generi
1154 4187 1310 4260 humano
1326 4191 1479 4259 salutare

494 4295 653 4366 futurum
678 4318 763 4365 esse.
815 4292 888 4362 Nec
906 4295 968 4363 illa
993 4292 1145 4362 terribili
1162 4292 1322 4361 oratione
1336 4304 1396 4362 tua
1411 4293 1478 4361 ab·

493 4398 605 4467 ducor
622 4421 640 4464 a
657 4395 841 4481 sententia,
865 4397 961 4489 quod
978 4419 1051 4464 non
1068 4394 1114 4463 sit
1129 4394 1304 4463 audienda
1320 4393 1480 4484 disputa-

494 4498 543 4569 tio
576 4500 620 4569 de
649 4499 812 4568 absurdis
843 4511 878 4567 et
912 4496 1230 4569 inextricabilibus.
1289 4493 1381 4564 Nam
1413 4519 1479 4565 nec

971 774 1133 851 orec.
1176 775 1249 851 or
1280 751 1630 851 conueassu
1663 771 2044 852 Bononiensi.

2450 780 2526 854 814

1533 947 1697 1042 requirit,
1720 947 1781 1017 sed
1797 947 1983 1017 universae
1997 949 2181 1021 doctrinae
2194 951 2372 1043 integrum
2389 978 2520 1048 corpus

1533 1049 1772 1138 colligendum
1788 1061 1859 1134 est,
1884 1051 1980 1141 quod
1997 1073 2071 1121 una
2091 1076 2177 1121 voce
2192 1061 2316 1125 omnes
2337 1071 2457 1147 gentes
2479 1058 2519 1128 in

1532 1152 1700 1222 omnibus
1714 1150 1856 1241 templis
1872 1163 2010 1225 sonent.
2050 1152 2128 1225 Scis
2143 1154 2237 1225 euim
2252 1179 2349 1228 nunc
2363 1160 2409 1228 de
2424 1160 2520 1230 mul·

1533 1254 1578 1324 tis
1595 1253 1731 1343 magnis
1746 1254 1864 1337 rebus,
1877 1253 1982 1322 etiam
1997 1252 2035 1321 in
2050 1255 2120 1325 tuis
2131 1258 2253 1328 castris
2267 1261 2428 1331 dissonos
2444 1262 2519 1332 cla·

1532 1379 1650 1425 mores
1673 1378 1757 1424 esse.
1808 1352 1900 1425 Cum
1929 1356 2096 1444 sparserit
2119 1354 2204 1428 haec
2226 1373 2320 1431 aetas
2343 1347 2516 1455 quaedam

1533 1460 1705 1542 absurda,
1727 1469 1884 1548 opponat
1897 1453 2064 1547 Synodus
2077 1458 2229 1530 illustria
2245 1476 2279 1533 et
2296 1464 2395 1534 firma
2418 1466 2518 1534 testi-

1533 1560 1671 1643 monia,
1695 1573 1736 1629 ut
1761 1573 1797 1630 et
1820 1553 1889 1627 hoc
1909 1570 2067 1650 tempore
2093 1561 2182 1631 etin
2204 1576 2381 1651 posterum
2397 1565 2518 1636 miuus

1533 1661 1756 1751 decipiantur
1771 1654 1945 1743 homines,
1972 1661 2099 1731 moniti
2114 1650 2328 1752 argumentis
2340 1664 2516 1760 aSynodo

1533 1762 1694 1833 ostensis.

1636 1860 1701 1931 llla
1726 1875 1842 1931 autem
1864 1886 1931 1930 vox
1953 1859 2124 1930 Pontifice
2146 1862 2294 1953 indigna
2318 1877 2389 1947 est,
2420 1867 2517 1958 qnod

1536 1964 1609 2049 ais,
1635 1965 1807 2057 quaedam
1824 1962 2082 2032 inextricabilia
2100 1986 2184 2037 esse.
2235 1962 2332 2035 Deus
2345 1966 2517 2037 immensa

1535 2068 1692 2136 bonitate
1707 2089 1744 2135 se
1761 2063 1943 2157 patefecit,
1968 2078 2002 2134 et
2016 2063 2095 2133 vult
2111 2088 2177 2134 nos
2201 2065 2366 2159 amplecti
2383 2068 2517 2139 doctri-

1534 2191 1638 2252 nam,
1664 2192 1768 2260 quam
1783 2164 1949 2251 tradidit,
1970 2189 2060 2259 quae
2079 2164 2108 2232 si
2125 2180 2214 2237 esset
2227 2168 2415 2255 ambigua,
2437 2170 2517 2239 ina·

1536 2270 1592 2337 nis
1608 2291 1716 2340 sonus
1728 2281 1828 2362 esset.
1878 2264 1999 2337 Placet
2014 2262 2103 2335 mihi
2121 2282 2238 2338 autem
2260 2282 2296 2339 et
2316 2265 2515 2346 Theodosii

1533 2370 1740 2450 consilium,
1766 2369 1828 2462 qui
1850 2369 1952 2440 iussit
1974 2370 2012 2438 in
2037 2367 2183 2462 Synodo
2208 2369 2349 2464 quaeri,
2376 2384 2411 2441 et
2432 2375 2517 2463 pro-

1533 2474 1625 2541 ferre
1644 2471 1845 2543 testimonia
1868 2470 2025 2541 sincerae
2046 2473 2239 2545 vetustatis.
2290 2468 2395 2542 Certe
2419 2474 2516 2541 enim

1531 2572 1724 2643 Ecclesiam
1749 2572 1938 2642 doctricem
1965 2572 2119 2644 libenter
2139 2573 2267 2659 audio,
2304 2586 2350 2643 ut
2365 2571 2515 2644 Samson

1532 2676 1690 2745 monuit:
1718 2672 1787 2761 „Si
1806 2699 1880 2743 non
1896 2674 2059 2743 arassetis
2078 2674 2189 2746 vitula
2204 2701 2301 2762 mea,
2326 2698 2400 2744 uon
2415 2676 2517 2746 iuve-
2568 2690 2574 2701 '

1532 2774 1714 2846 nissetis.”
2487 2789 2496 2795 “

1635 2875 1687 2945 De
1704 2875 1988 2963 dispensatione,
2009 2900 2115 2969 quam
2129 2875 2255 2959 offers,
2279 2891 2413 2970 quanto
2430 2872 2517 2943 haec

1531 2976 1590 3048 fiet
1606 2975 1829 3045 commodius
1845 2973 1884 3040 in
1899 2973 2073 3065 Synodo?
2098 2974 2218 3044 Maior
2237 2977 2332 3043 euim
2351 2974 2417 3045 erit
2430 2997 2518 3063 gen·

1532 3079 1621 3149 tium
1637 3076 1846 3155 concordia,
1871 3074 1900 3143 si
1917 3074 2025 3142 simul
2048 3097 2172 3144 omnes
2195 3076 2300 3145 talem
2322 3069 2518 3148 ἐπιείκειαν

1531 3179 1714 3268 recipient.
1766 3176 1815 3248 Et
1837 3176 1902 3245 illo
1925 3176 2020 3244 dicto
2049 3171 2196 3245 heroico
2232 3176 2405 3246 delector:
2440 3174 2517 3262 „ln

1532 3278 1713 3350 communi
1730 3278 1884 3369 pericula
1900 3277 1946 3347 sit
1959 3276 2159 3345 communis
2173 3277 2413 3350 deliberatio.”
2445 3276 2518 3350 Nec

1531 3382 1718 3452 defuturus
1731 3405 1808 3450 sum
1824 3404 1904 3450 meo
1921 3378 2038 3450 officio
2065 3379 2172 3449 rebus
2195 3377 2357 3470 cognitis.
2406 3377 2456 3453 Et
2476 3393 2518 3452 ut

1531 3482 1687 3572 cognitio
1705 3482 1815 3574 possit
1828 3482 1954 3553 ordine
1969 3481 2062 3566 fieri,
2086 3495 2247 3553 veterum
2258 3480 2517 3574 lmperatorum
2567 3562 2569 3565 ¹

1530 3585 1690 3676 exemplo
1705 3584 1999 3667 adfuturussum,
2025 3596 2061 3654 et
2075 3598 2249 3676 quantum
2272 3598 2396 3676 potero
2410 3583 2517 3675 perfi-

1530 3687 1640 3776 ciam,
1668 3698 1708 3756 ut
1724 3681 1790 3755 hae
1805 3686 1898 3775 leges
1913 3684 2126 3755 iustissimae
2141 3700 2345 3756 serventur:
2378 3682 2515 3770 „Utra-

1530 3811 1599 3882 que
1611 3811 1693 3880 pars
1707 3787 1841 3879 pariter
1857 3786 2056 3858 audiatur.'’
2100 3783 2163 3856 Et:
2188 3785 2423 3871 „Sententiae
2440 3808 2515 3855 non

1530 3889 1726 3984 tyrannicis
1744 3890 1902 3960 arbitriis
1917 3891 2096 3972 ferantur,
2114 3891 2173 3958 sed
2192 3890 2288 3958 iuxta
2304 3886 2438 3979 leges”,
2461 3887 2517 3973 vi·

1530 3993 1658 4061 delicet
1680 3991 1777 4060 iuxta
1800 3990 2020 4069 doctrinam,
2046 4014 2151 4082 quam
2178 4004 2312 4059 certum
2336 4004 2421 4061 esta
2437 3986 2515 4059 Deo

1529 4091 1694 4162 traditam
1717 4115 1802 4161 esse.

1631 4190 1736 4261 Nunc
1753 4191 1847 4284 quod
1866 4189 1982 4274 iubes,
2008 4203 2049 4260 ut
2063 4190 2139 4260 sine
2151 4190 2409 4263 diiudicatione
2422 4191 2516 4259 bona

1531 4307 1565 4364 et
1585 4294 1677 4362 mala
1702 4293 1834 4383 pariter
1862 4291 2016 4376 deleam,
2050 4291 2085 4361 id
2120 4316 2343 4385 nequaquam
2376 4290 2516 4361 faciam.

1529 4394 1623 4465 Nolo
1638 4394 1732 4463 euim
1750 4418 1791 4463 ex
1805 4388 1961 4463 Ecclesia
1977 4393 2101 4463 tollere
2124 4395 2278 4484 legitima
2303 4391 2456 4475 iudicia,
2482 4404 2517 4461 et

1530 4496 1745 4567 constituere
1763 4495 2003 4590 tyrannidem,
2063 4493 2245 4565 Declaravi
2267 4509 2385 4565 autem
2412 4504 2515 4563 autea

494 4602 634 4684 omnia,
662 4623 752 4692 quae
781 4623 878 4669 nunc
910 4600 1158 4690 disputantur,
1197 4598 1350 4667 absurda
1383 4611 1479 4683 sunt,
1530 4623 1604 4670 non
1624 4600 1773 4668 obscure
1795 4598 1833 4666 in
1856 4597 1972 4681 bello,
2004 4620 2120 4666 meam
2150 4595 2411 4667 observantiam
2435 4615 2516 4683 erga

492 4725 558 4773 nec
574 4714 656 4772 sunt
673 4702 766 4770 ullae
783 4701 1043 4772 inextricabiles
1059 4699 1284 4792 quaestiones
1300 4699 1338 4767 in
1353 4694 1480 4769 Eccle·
1529 4699 1724 4771 Ecclesiam
1752 4712 1786 4768 et
1808 4720 1888 4787 erga
1913 4700 2031 4767 sedem
2053 4695 2275 4784 Romanam,
2307 4713 2341 4771 et
2367 4719 2447 4786 erga
2471 4689 2518 4779 t'e,

491 4805 546 4874 sia
563 4805 608 4871 de
622 4805 728 4872 rebus
743 4805 957 4877 necessariis.
991 4801 1125 4873 Audivi
1142 4815 1175 4871 et
1191 4824 1254 4891 ego
1270 4796 1360 4869 mibi
1377 4824 1479 4894 saepe
1532 4827 1638 4896 quam
1656 4816 1697 4874 ut
1712 4802 1876 4890 deinceps
1893 4800 2089 4891 praestabo.

490 4902 720 4975 Platonicum
746 4905 837 4975 illud
858 4906 945 4976 dici:
971 4902 1053 4996 „Ut
1075 4916 1264 4994 parentum
1287 4902 1412 4972 deliria
1427 4905 1479 4972 fe·
1631 4901 1709 4973 Hac
1733 4903 1896 4973 oratione
1917 4901 2055 4986 audita,
2091 4914 2126 4972 et
2146 4899 2311 4970 Pontifex
2338 4917 2373 4973 et
2393 4922 2518 4973 omnes

493 5004 607 5075 reuda
626 5015 726 5085 suut,
748 5003 799 5074 ita
815 5007 853 5072 iu
867 5006 1070 5078 civitatibus
1086 5020 1119 5076 ct
1142 5004 1375 5095 religionibus
1394 5005 1479 5075 vitia
1530 5005 1713 5097 Principes
1730 5003 1913 5093 ingenium
1930 5015 1965 5071 et
1981 5003 2261 5092 magnitudinem
2273 5002 2382 5071 animi
2401 5005 2437 5072 in
2449 5001 2518 5073 Ca·

493 5105 668 5201 quaedam
683 5103 936 5177 dissimulanda
949 5105 1060 5180 esse.''
1111 5105 1245 5178 Modus
1258 5118 1309 5176 est
1324 5106 1398 5176 eins
1415 5107 1481 5191 rei,
1532 5108 1610 5177 rolo
1624 5106 1743 5177 mirati
1759 5118 1853 5175 sunt.
1908 5102 1993 5173 ldeo
2010 5101 2519 5191 nemagisincendereturCa-

495 5222 530 5279 et
560 5208 601 5276 in
631 5203 791 5296 imperiis
824 5219 858 5276 et
888 5208 926 5276 in
958 5204 1129 5280 Ecclesia.
1191 5207 1479 5279 Fundamentum
1533 5209 1642 5290 rolus,
1668 5206 1808 5299 placide
1821 5206 2012 5296 respondet
2027 5201 2204 5289 Pontifex,
2227 5228 2263 5274 se
2279 5230 2359 5277 cum
2372 5203 2516 5277 ssroSe·

495 5323 587 5382 certe
609 5306 648 5378 in
670 5302 830 5377 Ecclesia
860 5308 1004 5378 retineri
1034 5325 1185 5399 oportet,
1235 5307 1284 5381 Et
1297 5306 1364 5380 bae
1388 5310 1481 5399 leges
1532 5323 1619 5380 natu
1634 5332 1757 5379 narsus
1773 5309 2051 5384 deliberaturum
2072 5327 2156 5375 esse.
2230 5373 2235 5382 ,
2331 5323 2335 5330 ·

494 5425 657 5483 aeternae
678 5409 717 5478 in
743 5408 905 5502 imperiis
929 5421 963 5478 et
981 5407 1137 5483 Ecclesia
1160 5413 1364 5483 retinendae
1388 5424 1482 5495 sunt,
1632 5408 1729 5481 Haec
1738 5407 1977 5481 Bononiensis
1990 5407 2082 5477 actio
2096 5406 2253 5479 ostendit
2270 5419 2354 5477 tunc
2373 5410 2516 5503 quidem

496 5538 584 5607 quae
607 5505 804 5613 prqhibent
832 5511 1012 5581 idolorum
1035 5511 1275 5586 invocationes
1302 5529 1336 5586 et
1358 5512 1482 5584 libidi-
1533 5509 1651 5583 Caroli
1667 5514 1886 5583 moderatam
1902 5510 2010 5580 fuisse
2027 5510 2260 5590 voluntatem,
2284 5509 2340 5578 cui
2355 5507 2519 5596 congruit

494 5639 580 5686 nom
608 5614 843 5689 confusiones.
897 5611 1120 5704 Irrepserunt
1151 5630 1268 5686 autem
1295 5617 1335 5685 in
1356 5613 1483 5686 Eccle·
1533 5629 1567 5686 et
1582 5610 1670 5698 boc,
1695 5616 1790 5709 quod
1809 5626 1927 5704 postea
1945 5612 1982 5680 in
2007 5626 2187 5682 conventu
2204 5609 2413 5696 Augustano
2429 5629 2518 5675 con-

493 5719 581 5788 siam
606 5717 779 5809 quaedam
804 5715 1340 5790 invocationescontumeliosae
1358 5732 1481 5788 contra
1532 5718 1719 5787 sessionem
1750 5712 1989 5787 Ecclesiamm
2021 5724 2226 5781 nostrarum
2256 5706 2326 5776 sibi
2357 5701 2519 5778 exbiberi

492 5815 624 5891 Deum.
674 5812 923 5909 Etturpitudo
940 5816 1138 5889 libidinum
1153 5815 1192 5887 in
1205 5835 1393 5910 conspectu
1419 5834 1482 5892 est.
1533 5819 1651 5906 ins'sit,
1674 5843 1765 5913 quoe
1786 5818 1907 5890 omnia
1928 5813 2123 5902 cogitemus
2145 5811 2192 5879 ita
2205 5808 2426 5897 gubernante
2439 5807 2518 5883 Deo

490 5918 564 5992 Nec
577 5931 719 5991 tautum
733 5912 863 5993 mrum
878 5920 1056 5993 malorum
1074 5918 1480 6016 emendatio-synodum
1531 5922 1621 5995 facta
1644 5945 1736 6007 esse,
1766 5936 1809 5993 ut
1823 5913 2011 6006 Evangelii
2035 5902 2196 5982 doctriua
2221 5908 2461 5986 illustraretur
2484 5925 2522 5986 et
