6025 6775
1277 491 1776 584 rnorostmouus.
2419 461 2423 468 ¹
2458 524 2535 600 na

522 527 596 601 415

529 709 710 767 cernemus
733 707 800 755 nos
821 708 895 755 non
917 681 1070 753 accusari
1093 692 1288 770 apertam,
1314 693 1349 750 et
1363 702 1434 749 esse
1451 679 1507 746 iu·
1555 681 1651 751 tibus
1681 679 1772 747 votis
1798 679 1837 745 io
1866 678 2073 770 quotidiana
2109 682 2330 757 invocatione
2360 704 2531 781 pmaruus.

528 810 620 876 stos,
647 813 720 859 non
744 788 840 877 lege,
869 788 928 855 sed
954 781 1143 872 sapientia,
1175 780 1312 848 iusticia
1335 781 1508 849 divinitus
1557 780 1659 849 Hanc
1679 778 1937 848 invocationem
1961 781 2183 870 experiemur
2203 809 2241 854 re
2263 787 2339 877 ipsa
2364 812 2438 860 non
2458 816 2532 864 esse

527 901 565 966 in
579 893 685 968 nobis
700 913 852 969 accensa,
867 881 1093 954 sicutPaulus
1106 880 1222 969 inquit
1238 875 1506 949 2.Coribth.3.:
1556 881 1712 957 irritam,
1741 892 1776 949 et
1797 878 1836 947 in
1858 874 1914 947 bis
1935 879 2109 951 exercitiis
2130 899 2288 957 crescant
2308 890 2437 977 agnitio
2453 891 2532 976 Dei,

534 989 797 1065 Translormnri
814 1001 981 1077 tanquam
997 978 1179 1050 aDomino
1194 980 1332 1069 spiritu.
1383 980 1453 1051 Sed
1470 979 1508 1044 in
1557 983 1617 1049 lux
1639 978 1739 1064 lidei,
1764 1001 1842 1069 spes
1865 992 1900 1051 et
1913 978 2001 1048 aliae
2015 980 2182 1069 virtutes,
2207 987 2299 1058 sicut
2314 989 2445 1061 dicitur
2458 991 2531 1063 Lu·

532 1094 598 1166 bac
622 1094 691 1159 vita
714 1087 921 1155 durantibus
945 1079 1104 1171 reliquiis
1126 1082 1274 1170 peccati,
1299 1078 1384 1151 baec
1398 1081 1509 1148 liber·
1557 1104 1616 1148 cae
1634 1080 1710 1150 19.:
1743 1076 1902 1148 Habenti
1915 1080 2067 1154 dabitur,

533 1213 588 1266 tas
604 1196 739 1260 incoata
754 1201 823 1269 est,
844 1197 878 1253 et
894 1185 1027 1251 interea
1042 1181 1225 1248 retinenda
1250 1196 1299 1249 est
1315 1179 1507 1249 consolatio
1632 1177 1729 1248 Haec
1743 1181 1787 1248 de
1802 1179 2034 1269 possibilitate
2046 1180 2200 1250 breviter
2213 1184 2306 1252 dicta
2324 1189 2408 1262 sint.
2435 1186 2536 1260 Alibi

532 1312 677 1386 prorsus
700 1284 908 1366 necessaria,
942 1304 1142 1374 quanquam
1168 1281 1205 1347 in
1230 1282 1334 1349 nobis
1357 1280 1507 1347 multum
1557 1302 1659 1369 saepe
1673 1280 1818 1371 repetita
1832 1292 1883 1349 est
1899 1279 2079 1350 distinctio
2094 1283 2137 1348 de
2152 1280 2265 1350 libero
2281 1286 2451 1370 arbitrio,
2478 1285 2537 1360 bic

531 1410 583 1463 est
608 1389 765 1477 caliginis
788 1398 822 1453 et
841 1382 1021 1466 sordium,
1061 1382 1151 1450 sicut
1184 1381 1300 1471 inquit
1323 1375 1509 1461 lohannes,
1559 1379 1771 1451 locomotiva
1785 1379 1904 1472 aliquo
1920 1379 2027 1454 modo
2044 1380 2188 1468 regitur,
2212 1381 2315 1451 etiam
2329 1385 2368 1451 in
2386 1408 2460 1455 non
2479 1414 2537 1457 re,

535 1488 777 1567 1.10han.1.:
811 1483 850 1553 Si
877 1483 1028 1551 dicimus
1049 1483 1144 1572 quod
1161 1496 1338 1569 peecatum
1355 1504 1431 1548 non
1445 1474 1510 1546 ba·
1558 1481 1669 1564 natis,
1696 1492 1736 1549 nt
1748 1480 1917 1570 regebant
1929 1493 2090 1551 externos
2108 1492 2223 1570 gestus
2236 1479 2429 1569 Aristides,
2455 1486 2534 1558 Sci.

530 1598 670 1672 befflffl,
701 1607 767 1669 ¹¹⁰.ss
792 1586 886 1675 59503
909 1582 1125 1663 Sedssclmu⁸2
1159 1593 1224 1653 etc.
1271 1579 1441 1651 Conversi
1465 1581 1507 1647 ad
1557 1580 1618 1671 pio
1639 1593 1674 1650 ct
1696 1580 1839 1649 similes.
1891 1579 1963 1651 Sed
1985 1581 2061 1650 sine
2083 1603 2167 1651 voce
2187 1578 2373 1670 Evangelii
2396 1599 2431 1655 et
2456 1587 2532 1657 sine

530 1692 645 1762 Deum
668 1688 830 1777 placeant
852 1684 926 1753 ⁸⁰¹⁸
948 1682 1036 1766 fide,
1073 1682 1326 1770 pergratiam,
1367 1691 1511 1772 propter
1558 1679 1694 1770 Spiritu
1708 1693 1828 1750 sancto
1843 1702 1917 1751 non
1932 1680 1972 1750 fit
1983 1682 2138 1751 incoatio
2152 1681 2238 1769 legis
2253 1675 2323 1751 Dei
2335 1684 2373 1753 in
2390 1689 2504 1759 corde.

530 1792 758 1861 mediatorem
773 1783 888 1855 Deum
905 1795 941 1853 et
955 1777 1148 1864 bominem,
1170 1782 1265 1852 iuxta
1278 1778 1346 1851 hoc
1360 1783 1509 1850 dictum:
1657 1778 1754 1850 Ltv.
1780 1777 1971 1868 Quomodo
1988 1783 2123 1873 placeat
2137 1782 2175 1849 in
2189 1776 2255 1850 hac
2269 1794 2368 1854 tanta
2386 1785 2533 1856 infirmi-

530 1894 610 1962 Non
627 1891 708 1958 estis
724 1885 900 1974 sublege,
927 1885 986 1952 sed
1005 1882 1071 1951 sub
1086 1881 1207 1969 gratia.
1558 1893 1628 1949 tate
1651 1873 1839 1949 hominum
1865 1880 1904 1948 in
1930 1875 1997 1951 hac
2020 1882 2114 1967 vita,
2153 1894 2188 1951 et
2212 1883 2307 1951 inter
2328 1879 2393 1952 has
2418 1887 2536 1955 sorde,

636 1985 731 2059 blll,
755 1985 862 2055 Plura
880 1986 924 2052 de
939 1981 1184 2052 liberationea
1210 1980 1302 2066 lege,
1328 1983 1513 2049 s'umantur
1559 2002 1652 2049 nova
1677 1979 1898 2073 obedientia,
1918 2004 1992 2051 seu
2015 1982 2182 2052 renatus?
2231 1978 2310 2051 Hac
2333 1985 2538 2077 quaestione

506 2107 509 2112 '
532 2118 573 2161 ex
590 2092 668 2159 aliis
688 2087 826 2176 scriptis
842 2084 1077 2170 longioribus.
1126 2080 1230 2149 Nunc
1245 2080 1406 2172 ,breviter
1431 2102 1513 2170 per·
1560 2078 1662 2148 anxie
1676 2083 1920 2149 excruciantur
1932 2075 2096 2150 homines
2104 2119 2117 2165 ,·
2139 2098 2178 2154 ut
2193 2105 2316 2153 omnes
2328 2085 2536 2174 experimur,

531 2191 679 2262 texenda
702 2202 804 2270 sunt,
830 2207 918 2278 quae
937 2183 983 2251 de
1007 2181 1237 2250 renovatione
1261 2180 1378 2247 dicere
1393 2179 1513 2271 coepi·
1562 2192 1595 2249 et
1613 2181 1746 2252 multae
1767 2203 1888 2250 causae
1912 2195 1995 2250 sunt
2015 2183 2298 2267 dubitationum,
2327 2184 2531 2272 magnitudo

531 2315 629 2373 snus,
654 2314 693 2358 ac
718 2288 916 2378 plerunque
938 2282 1089 2350 docendi
1114 2303 1216 2350 causa
1230 2280 1404 2349 distribuo
1420 2275 1513 2350 hanc
1561 2282 1830 2372 praeteritorum
1847 2281 2021 2371 lapsuum,
2037 2296 2073 2353 et
2084 2295 2289 2375 conspectus
2300 2286 2533 2372 praesentium

533 2390 713 2462 materiam
731 2389 770 2454 in
787 2380 852 2453 hos
868 2383 1026 2476 quinque
1043 2381 1181 2450 titulos:

585 2506 619 2597 l)
646 2490 753 2593 Quod
779 2496 973 2568 necessaria
988 2498 1033 2565 sit
1049 2494 1149 2566 Nova
1166 2495 1377 2566 obedientia.

585 2622 638 2705 Il)
661 2618 849 2708 Quomodo
871 2611 947 2681 ficri
968 2613 1078 2702 possit
1099 2612 1138 2678 in
1157 2605 1223 2679 hac
1246 2624 1344 2682 tanta
1361 2611 1512 2682 infirmi-

633 2735 707 2792 tate
727 2713 902 2785 humanae
924 2726 1079 2782 naturae.

584 2834 673 2931 lll)¹
688 2833 878 2922 Quomodo
895 2830 1027 2921 placeat
1046 2825 1133 2897 Deo.

582 2952 653 3045 IV)
678 2951 731 3021 De
745 2946 920 3039 praemiis.
933 3028 938 3045 1

583 3070 637 3165 V)
670 3065 723 3137 De
737 3063 941 3135 discrimine
963 3075 1201 3152 peccatorum,
1229 3083 1318 3150 quae
1343 3086 1416 3131 non
1432 3077 1515 3132 sunt

634 3174 672 3238 in
691 3168 840 3250 renatis,
864 3179 899 3234 et
916 3186 1004 3256 quae
1022 3173 1188 3230 maneant
1213 3160 1327 3235 ineis.

534 3289 588 3365 De
601 3286 802 3358 necessitate
815 3280 947 3350 dictum
961 3292 1030 3347 est:
1054 3272 1102 3347 Et
1112 3277 1290 3368 quomodo
1306 3276 1380 3345 fieri
1394 3275 1515 3367 possit,

535 3417 595 3464 seu
612 3385 746 3459 incoari
763 3407 855 3452 nova
873 3377 1093 3457 obedientia,
1120 3379 1313 3447 ostendunt
1334 3378 1438 3448 etiam
1455 3399 1516 3447 su·

534 3516 598 3584 pra
621 3491 731 3556 dicta:
765 3481 850 3550 ldeo
874 3480 969 3546 filius
991 3474 1058 3545 Dei
1081 3479 1261 3567 apparuit,
1296 3491 1336 3546 ut
1357 3481 1514 3548 destruat

536 3611 642 3681 opera
659 3581 819 3664 Diaboli,
844 3591 1022 3669 peccatum
1038 3590 1073 3646 ct
1087 3591 1247 3648 mortem.
1288 3577 1433 3666 Colligit
1449 3579 1516 3666 igi-

536 3708 596 3761 tur
610 3683 801 3757 Ecclesiam
818 3702 901 3747 voce
920 3675 1126 3766 Evangelii,
1152 3692 1185 3747 et
1200 3676 1337 3767 Spiritu
1351 3701 1414 3747 suo
1430 3701 1515 3746 san·

537 3805 592 3860 cto
607 3783 763 3857 accendit
778 3782 816 3850 in
831 3779 934 3848 nobis
954 3777 1066 3846 lucem
1090 3778 1190 3861 fidei,
1216 3790 1251 3845 et
1270 3790 1388 3847 motus
1404 3800 1516 3846 novos

527 3894 577 3963 ‚in
594 3884 779 3963 cordibus,
805 3880 867 3973 qui
882 3879 1119 3966 suntlincoata
1134 3877 1352 3961 obedientia,
1378 3890 1412 3945 et
1438 3900 1516 3945 sus-

1562 2381 1736 2453 sordium.
1813 2382 1932 2451 David
1958 2382 2116 2454 intuetur
2139 2382 2363 2473 praeteritum
2386 2385 2535 2477 lapsum,

1563 2481 1691 2549 deinde
1704 2504 1853 2571 poenas,
1880 2486 1920 2551 in
1934 2483 2064 2574 quibus
2077 2484 2236 2554 accidunt
2263 2496 2316 2555 tot
2329 2496 2416 2555 tetra
2434 2509 2535 2556 scan-

1563 2581 1661 2664 dala,
1691 2584 1832 2665 caedes,
1865 2581 1996 2652 incesta
2009 2585 2264 2655 'contaminatio
2285 2584 2477 2675 coniugum
2505 2601 2539 2656 et

1562 2681 1651 2750 aliae
1666 2681 1906 2760 confusiones,
1931 2697 2025 2754 retro
2042 2686 2147 2754 etiam
2166 2685 2362 2755 considerat
2379 2688 2538 2776 exempla

1564 2781 1764 2872 superiora,
1785 2780 1902 2852 Saulis
1923 2784 2072 2867 exitum,
2099 2798 2133 2854 et
2155 2787 2348 2858 multorum
2375 2786 2540 2858 aliorum.

1564 2880 1659 2950 Haec
1674 2882 1809 2951 obiecta
1824 2895 1856 2951 et
1872 2881 1940 2950 alia
1962 2884 2073 2951 multa
2098 2886 2305 2956 concutiunt
2327 2908 2408 2955 eum
2432 2888 2540 2957 dubi·

1563 2982 1775 3065 tationibus,
1807 3005 2009 3073 quanquam
2032 2996 2084 3053 est
2105 2984 2144 3050 in
2165 3008 2207 3054 eo
2231 2986 2370 3055 incoata
2391 2987 2539 3057 novitas.

1564 3079 1607 3148 ln
1620 3076 1685 3149 bac
1696 3082 1900 3171 quaestione
1910 3095 2100 3176 utmmqne
2113 3085 2368 3172 consideretur,
2380 3086 2538 3157 Primum

1488 3181 1491 3186 ’
1563 3202 1791 3269 agnoscamus
1803 3195 1961 3252 nostram
1980 3183 2252 3258 immunditiem.
2303 3184 2467 3257 Secundo
2487 3201 2540 3258 te·

1563 3302 1711 3350 neamus
1725 3303 1844 3350 veram
1859 3283 2137 3355 consolationem
2154 3284 2192 3353 in
2200 3281 2394 3376 Evangelio
2408 3312 2542 3379 propo·

1564 3382 1679 3453 sitam·

1617 3540 1622 3553 .
1666 3483 1867 3553 Fatendum
1882 3487 1986 3555 estin
2004 3490 2183 3557 conversis
2205 3491 2249 3559 ad
2262 3486 2394 3570 Deum,
2416 3488 2453 3554 id
2477 3503 2539 3570 est,

1566 3584 1698 3653 renatis
1719 3584 1759 3651 in
1779 3577 1845 3653 bac
1866 3586 1957 3670 vita,
1982 3589 2159 3680 reliquum
2183 3612 2254 3658 esse
2267 3590 2420 3671 malum,
2443 3592 2540 3680 quod

1565 3684 1750 3754 nobiscum
1776 3685 1953 3768 nascitur,
1984 3709 2145 3773 pugnans
2172 3709 2251 3754 cum
2282 3690 2376 3775 lege,
2410 3688 2544 3758 scilicet

1565 3804 1724 3871 magnam
1738 3781 1920 3867 caliginem
1939 3794 1973 3849 et
1987 3803 2111 3870 pravas
2126 3782 2385 3866 inclinationes,
2408 3800 2442 3854 et
2456 3783 2542 3856 binc

1566 3883 1732 3952 oriuntur
1752 3880 1884 3949 multae
1911 3881 2073 3949 flammae
2101 3881 2312 3951 viciosornm
2340 3883 2539 3966 affectuum,

534 4002 646 4061 tentat
670 3980 881 4064 Ecclesiam,
907 3992 942 4048 et
965 3980 1109 4068 depellit
1135 3977 1304 4048 Diabolos
1328 3973 1515 4048 horribili-

539 4108 593 4161 ter
609 4097 802 4178 grassantes
819 4104 881 4172 per
898 4104 934 4148 se
951 4091 984 4148 et
998 4104 1061 4171 per
1076 4102 1136 4148 sua
1153 4102 1294 4168 organa.

1566 3982 1671 4052 multi
1686 4002 1833 4063 errores,
1846 3981 1951 4050 multi
1965 3980 2085 4070 lapsus
2098 3982 2316 4070 ignorantiae
2331 3997 2364 4053 ct
2376 3983 2539 4053 omissio·

1566 4083 1636 4150 nis.
1686 4078 1784 4150 Haec
1806 4080 1926 4150 omnia
1948 4094 2029 4151 sunt
2053 4105 2134 4150 vere
2153 4096 2289 4172 peccata
2311 4107 2373 4153 suo
2405 4107 2540 4172 genere.

636 4185 837 4272 Cogitemus
853 4180 960 4269 igitur
974 4181 1224 4270 promissiones
1239 4182 1378 4250 divinas
1393 4182 1436 4249 de
1452 4204 1513 4250 au·
1568 4183 1652 4252 ldeo
1664 4181 1795 4251 dicitur
1811 4179 1849 4246 in
1858 4177 1998 4250 Psalmo
2019 4179 2115 4251 tls:
2141 4181 2224 4251 Non
2241 4183 2488 4255 iustificabitur
2503 4187 2542 4253 in

535 4294 641 4374 xilio,
668 4280 797 4356 Mattb.
821 4283 893 4351 tt:
929 4280 1056 4349 Venite
1071 4282 1115 4348 ad
1130 4306 1186 4349 me
1212 4307 1353 4367 omnes,
1379 4281 1441 4375 qui
1464 4283 1518 4349 la·
1568 4293 1755 4372 conspectu
1770 4294 1832 4349 tuo
1848 4280 1965 4348 omnis
1982 4282 2115 4354 vivens.
2142 4278 2191 4352 Et
2203 4281 2465 4377 MoysesErod.
2483 4286 2544 4355 34.

536 4391 670 4462 boratis
698 4401 731 4457 et
757 4382 893 4455 onerati
916 4381 1016 4463 estis,
1042 4404 1105 4467 ego
1131 4384 1282 4451 reficiam
1304 4406 1377 4453 vos.
1429 4380 1516 4452 ltem
1568 4409 1608 4454 ac
1618 4381 1682 4452 lob
1693 4379 1727 4451 9.
1743 4381 1872 4471 capite:
1887 4378 1968 4449 Non
1984 4380 2231 4454 iustificabitur
2244 4409 2361 4454 coram
2375 4398 2408 4454 te
2424 4383 2542 4454 homo.

537 4487 765 4565 loban.10.:
805 4484 917 4554 Nemo
940 4482 1053 4570 rapiet
1071 4502 1154 4548 oves
1173 4505 1268 4549 meas
1292 4506 1333 4549 ex
1354 4482 1518 4550 manibus
1569 4482 1617 4554 Et
1637 4481 1768 4552 Paulus
1790 4479 1917 4553 Roma.
1941 4482 1993 4554 la:
2028 4480 2077 4554 Ut
2096 4507 2178 4554 reus
2199 4485 2244 4553 sit
2268 4497 2362 4554 totus
2390 4491 2544 4554 mundns

537 4594 635 4664 meis.
687 4589 775 4658 ltem
800 4577 1016 4656 loban.15.:
1049 4579 1151 4650 Dabo
1176 4581 1277 4649 vobis
1292 4579 1519 4670 paracletum,
1569 4582 1663 4665 Deo,
1690 4595 1724 4650 ct
1747 4585 1949 4651 obstruatur
1973 4606 2078 4652 omne
2099 4607 2149 4656 os.
2198 4581 2287 4654 Cum
2306 4584 2543 4673 igiturmani-

538 4688 600 4777 qui
614 4687 807 4776 procedite
824 4696 931 4771 patre.
984 4680 1070 4751 Item
1089 4675 1300 4748 lohan.14.:
1328 4678 1518 4746 Veniemus
1570 4685 1697 4751 festum
1720 4680 1784 4760 sit,
1812 4682 1986 4774 reliquum
2011 4704 2083 4751 esse
2106 4699 2285 4775 peccatum
2309 4688 2347 4754 in
2361 4710 2442 4755 vere
2459 4713 2545 4756 corr·

537 4790 581 4856 ad
603 4808 703 4866 cum,
729 4798 762 4850 et
781 4783 998 4847 mansionem
1021 4782 1114 4871 apud
1140 4801 1219 4845 eum
1245 4777 1420 4847 faciemus.
1471 4775 1519 4847 Et
1571 4781 1681 4848 versis
1701 4781 1739 4846 in
1762 4775 1827 4848 bac
1850 4782 1939 4866 vita,
1968 4779 2111 4854 etDeus
2139 4807 2203 4854 nos
2226 4785 2261 4854 id
2278 4787 2364 4855 velit
2379 4810 2461 4855 vero
2478 4788 2543 4853 do-

538 4888 632 4977 apnd
648 4880 790 4952 Esaiam
818 4879 927 4963 capite
943 4877 977 4946 7.
1003 4878 1207 4944 nominatur
1223 4876 1316 4945 tilius
1332 4872 1518 4961 Emanuel,
1572 4883 1648 4949 lore
1662 4901 1868 4966 agnoscere,
1894 4895 1928 4951 et
1944 4885 2104 4954 ostendat
2119 4886 2383 4964 consolationes,
2407 4911 2547 4956 necesse

537 4989 575 5055 id
592 5000 661 5067 est,
688 4981 874 5051 nobiscum
889 4973 1004 5058 Deus,
1029 4998 1110 5043 vere
1129 4977 1244 5058 adest,
1272 4978 1433 5061 exaudit,
1462 4980 1521 5047 iu·
1572 4993 1624 5050 cst
1638 4974 1798 5048 homines
1815 4982 1859 5049 de
1873 4976 1939 5050 bac
1953 4997 2048 5053 tanta
2064 5010 2102 5054 re
2117 5001 2208 5057 recte
2223 4988 2351 5058 doceri.

538 5088 682 5169 stificat,
710 5080 880 5174 protegit,
912 5076 1104 5167 gubernat,
1131 5078 1302 5163 vivificat,
1327 5080 1456 5151 liberat
1479 5103 1519 5148 ex
1672 5078 1741 5150 Hic
1753 5083 1907 5170 primum
1925 5078 1992 5151 hoc
2005 5086 2208 5173 planissime
2221 5087 2453 5173 affirmamus,
2469 5114 2545 5158 cum

537 5200 651 5258 morte
669 5199 702 5253 et
719 5183 858 5258 inferis,
884 5180 974 5249 sicut
989 5179 1125 5274 inquit:
1152 5175 1188 5250 Ο
1208 5205 1320 5262 mors,
1347 5205 1407 5250 ero
1424 5203 1520 5250 mors
1572 5181 1611 5253 in
1626 5183 1854 5252 conversione
1872 5177 1978 5250 bomo
1994 5185 2119 5274 accipit
2133 5186 2375 5255 remissionem
2390 5201 2544 5278 peccato-

539 5306 610 5361 tua.
662 5282 938 5356 Consideremus
958 5281 1197 5350 infirmitatem
1221 5298 1255 5353 et
1279 5282 1433 5373 pericula
1452 5306 1520 5350 no·
1572 5308 1651 5351 rum
1670 5285 1755 5366 fide,
1794 5295 1828 5352 et
1849 5283 1956 5350 sentit
1984 5305 2020 5351 se
2046 5286 2264 5377 acquiescere
2284 5287 2322 5353 in
2348 5288 2546 5369 mediatore,

538 5406 622 5459 stra.
676 5383 836 5454 Sciamus
849 5377 965 5446 Deum
988 5380 1158 5447 immensa
1182 5381 1342 5450 bonitate
1366 5384 1519 5451 voluisse
1572 5395 1658 5452 tunc
1674 5385 1714 5451 in
1730 5378 1874 5451 bomine
1890 5383 1960 5461 iam
1987 5378 2121 5454 habitat
2136 5383 2311 5465 Deus,¹ct
2326 5384 2544 5454 verissimum

537 5489 594 5560 bis
611 5487 713 5556 malis
736 5500 915 5572 opponere
938 5472 1024 5544 baec
1048 5501 1112 5547 sua
1134 5478 1319 5559 beneficia,
1346 5504 1436 5570 quae
1458 5505 1520 5570 per
1572 5494 1624 5551 est
1652 5484 1802 5552 dictum:
1827 5480 2021 5575 Accepistis
2035 5484 2208 5575 Spiritum
2232 5484 2429 5573 adoptionis
2452 5483 2544 5557 filio-

539 5593 650 5661 lilium
668 5596 837 5679 praestat,
865 5592 897 5647 et
913 5575 944 5644 ei
961 5577 1090 5661 gratias
1102 5597 1262 5663 agamus,
1286 5593 1320 5645 et
1336 5602 1374 5646 ea
1391 5583 1519 5650 arden·
1572 5602 1670 5663 rum,
1694 5606 1765 5672 quo
1780 5583 1970 5683 clarpamus
1988 5584 2088 5677 Abba
2102 5599 2226 5676 pater,
2250 5584 2375 5656 Roma.
2391 5584 2424 5653 8.
2477 5582 2547 5652 Hic
