6025 6775
408 707 479 779 sot
553 714 556 725 '
599 689 601 694 ¹
666 738 669 744 ·
973 694 1130 786 DECL.
1171 694 1245 773 DE
1278 694 1422 770 VITA
1453 689 1843 770 BUGENHAGII.
2015 788 2019 806 ,
2361 699 2436 774 802

409 866 719 969 ἀριστοκρατίαν,
742 870 947 965 praesertim
962 870 1001 938 in
1022 892 1091 963 qua
1106 870 1215 964 possit
1230 870 1304 940 beri
1322 871 1397 939 col·
1445 872 1555 941 ditate
1581 867 1754 937 vindictae
1775 880 1836 937 aut
1860 867 2050 959 pecuniae,
2083 892 2187 940 nemo
2211 867 2287 940 sine
2303 869 2436 943 auxilio

407 977 492 1048 latio
508 976 725 1045 iudiciorum
741 998 821 1044 cum
837 972 940 1042 bonis
957 985 990 1042 et
1004 973 1117 1041 doctis
1132 972 1228 1042 viris.
1445 970 1513 1041 Dei
1531 983 1644 1050 tantas
1659 967 1880 1038 difficultates
1894 991 2059 1060 superare
2075 984 2200 1061 potest.

510 1075 586 1146 Nec
615 1091 730 1145 tamen
755 1074 866 1144 defuit
893 1072 973 1142 aliis
1000 1074 1174 1162 gentibus.
1234 1073 1325 1159 Sed,
1356 1087 1397 1144 ut
1549 1065 1632 1140 Fuit
1657 1085 1774 1139 autem
1799 1093 1921 1139 cursus
1939 1069 2094 1142 Pastoris
2115 1074 2229 1144 nostri
2250 1075 2327 1143 sine
2348 1074 2441 1155 labe,

407 1180 495 1250 olim
515 1178 790 1246 nominabantur
804 1172 1068 1264 Evangelistae,
1097 1176 1159 1267 qui
1174 1175 1213 1243 in
1234 1177 1397 1266 pluribus
1448 1175 1624 1245 etioelix.
1676 1170 1795 1260 Quare
1816 1171 1989 1242 divinitus
2012 1174 2245 1263 gubernatum
2270 1198 2361 1260 esse,
2386 1176 2441 1245 ia·

392 1281 499 1373 ⁸locis
523 1280 712 1361 docebant,
742 1289 776 1346 et
798 1272 974 1345 Ecclesiae
1002 1278 1284 1363 constituebant,
1318 1276 1396 1346 talis
1447 1277 1594 1349 tendum
1612 1286 1682 1357 est,
1707 1274 1845 1343 illustre
1862 1274 2101 1345 testimonium
2119 1278 2164 1344 de
2179 1277 2439 1363 eiusmoribus,

407 1382 478 1451 fuit
495 1380 616 1469 etipse
634 1374 877 1467 Evangelista,
903 1375 1254 1464 vocatusLubecam,
1276 1376 1397 1447 Brun·
1448 1392 1481 1449 et
1504 1372 1660 1458 horest,
1685 1376 1783 1466 quod
1804 1398 1864 1443 rex
1887 1372 2042 1444 Dauicus
2063 1372 2287 1472 Christianus
2312 1391 2346 1447 et
2371 1402 2430 1448 re-

409 1483 559 1570 svigam,
609 1474 873 1569 Hamburgam,
928 1480 967 1547 in
1000 1476 1247 1550 Pomeraniam
1289 1494 1322 1550 et
1357 1480 1396 1548 in
1447 1481 1528 1570 gina
1547 1477 1704 1558 Danica,
1732 1500 1811 1545 cum
1827 1476 1970 1568 quidem
1986 1477 2156 1548 encellant
2169 1479 2310 1568 pietate,
2335 1479 2439 1549 iusti-

408 1604 554 1671 regnum
578 1575 776 1665 Danicum,
803 1580 1043 1674 incorruptam
1061 1576 1247 1672 Evangelii
1264 1582 1396 1651 doctri·
1447 1583 1520 1665 cia,
1546 1580 1701 1650 castitate
1717 1590 1750 1647 et
1774 1577 1941 1646 omnibus
1959 1577 2169 1660 virtutibus,
2195 1580 2436 1650 voluerintab
2555 1588 2558 1605 ¹

407 1708 487 1752 nam
504 1680 556 1750 ibi
570 1681 711 1766 docuit,
737 1682 867 1753 delevit
882 1683 977 1751 idola
993 1697 1028 1751 ει
1041 1706 1177 1753 errores
1198 1684 1397 1775 papisticus,
1447 1708 1488 1751 eo
1503 1685 1540 1750 in
1556 1678 1757 1773 precatione
1774 1679 1914 1770 publica
1929 1678 2110 1759 coronari,
2137 1682 2181 1747 ad
2197 1705 2301 1773 quarn
2321 1682 2436 1750 nemi-

407 1799 441 1856 et
455 1783 532 1857 Deo
548 1784 693 1855 iuvante
710 1780 883 1852 Ecclesias
900 1784 956 1875 pie
982 1785 1180 1871 constituit,
1207 1810 1296 1878 quae
1315 1786 1395 1878 qui·
1448 1808 1529 1853 nem
1544 1797 1636 1852 certe
1654 1775 1851 1851 adhibituri
1871 1793 1990 1864 erant,
2017 1780 2086 1847 nisi
2104 1804 2207 1873 quem
2225 1782 2438 1852 iudicassent

408 1889 489 1956 dem
505 1885 766 1954 annoscireiter
780 1884 923 1973 triginta
938 1879 1106 1974 hactenus
1120 1887 1266 1957 eandem
1275 1883 1396 1957 Evan-
1447 1883 1564 1955 Deum
1589 1894 1680 1951 recte
1704 1905 1821 1951 secum
1844 1882 2027 1965 invocare,
2057 1893 2091 1950 et
2112 1882 2317 1952 ardentibus
2343 1885 2436 1953 votis

407 1987 492 2078 gelii
510 2010 627 2055 vocem
643 1986 702 2077 pio
719 2008 892 2056 consensu
911 1986 1077 2059 retinent.
1448 1988 1597 2057 salutem
1621 2005 1730 2072 reguo
1755 1995 1892 2074 petere,
1924 1996 1958 2051 et
1976 1976 2107 2052 habere
2128 1997 2257 2054 castam
2279 1996 2433 2054 mentem

508 2086 677 2177 Legimus
693 2090 738 2157 ab
753 2081 900 2159 Othone
913 2086 1166 2180 Bombergensi
1188 2090 1293 2161 initio
1310 2112 1396 2158 con·
1448 2103 1482 2161 et
1492 2103 1607 2160 castas
1627 2108 1769 2155 manus.

409 2190 546 2262 stitutas
559 2212 633 2258 esse
650 2185 825 2259 Ecclesias
841 2188 1107 2277 Pomeranieas,
1140 2217 1243 2286 quem
1261 2203 1397 2262 constat
1548 2173 1728 2260 Hactenus
1750 2186 1957 2259 brevissime
1986 2186 2060 2259 diri
2082 2192 2126 2262 de
2155 2213 2260 2262 cursu
2281 2184 2436 2263 Pastoris
2657 2275 2663 2289 ¹

408 2291 513 2360 luisse
537 2290 654 2359 vimm
675 2292 850 2377 nobilem,
876 2294 1041 2363 comitem
1068 2289 1330 2376 Audecensem,
1356 2315 1397 2361 ex
1447 2294 1579 2379 nostri,
1605 2292 1668 2387 qui
1691 2292 1760 2361 fuit
1782 2304 1815 2361 et
1838 2291 1928 2362 vitae
1945 2291 2056 2384 ipsius
2072 2305 2106 2362 et
2125 2287 2232 2363 huius
2251 2294 2365 2364 nostri
2381 2317 2437 2363 se·
2565 2287 2567 2292 ’

407 2393 541 2461 familia
562 2390 701 2462 Ducum
719 2391 918 2481 Meraniae,
944 2395 1006 2487 qui
1025 2407 1216 2464 tenuerunt
1234 2392 1398 2464 Voitlan-
1447 2397 1518 2466 tuli
1537 2396 1634 2465 velut
1655 2417 1760 2496 aurea
1782 2406 1895 2477 aetas,
1920 2417 2000 2463 cum
2017 2394 2181 2464 videlicet
2205 2408 2285 2465 ante
2301 2396 2436 2466 bellum

407 2494 521 2576 diam,
555 2507 591 2564 et
612 2510 798 2584 cognatum
822 2493 1009 2584 Hedvvigis
1029 2494 1222 2582 Slesiacae,
1257 2508 1292 2566 et
1317 2492 1396 2565 Eli·
1445 2497 1565 2569 Caroli
1590 2496 1844 2565 Germanicum
1866 2492 2044 2565 Ecclesiae
2068 2496 2264 2567 floruerunt
2282 2509 2316 2566 et
2339 2511 2438 2567 tran-

406 2594 550 2663 zabetae
572 2594 796 2687 Tt'rriugicae.
849 2596 932 2666 Non
954 2607 1089 2666 constat
1114 2598 1200 2691 quid
1223 2599 1396 2684 docuerit,
1446 2600 1578 2693 quillae
1598 2600 1754 2672 luerunt.
1813 2596 1939 2667 Secuta
1970 2612 2021 2666 est
2049 2598 2177 2668 deinde
2198 2600 2308 2667 ferrea
2332 2612 2438 2681 aetas,

407 2698 502 2787 quod
527 2696 670 2788 quidem
697 2702 848 2772 maxime
877 2696 959 2765 sciri
981 2698 1181 2788 oportebat,
1212 2702 1273 2770 sed
1299 2701 1395 2793 quod
1445 2702 1484 2769 in
1503 2727 1572 2795 qua
1590 2700 1721 2770 multae
1743 2699 1966 2768 confusiones
1980 2723 2020 2768 ex
2036 2697 2243 2792 Principum
2267 2713 2299 2771 et
2314 2694 2436 2769 Theu-

407 2797 453 2866 sit
476 2798 657 2869 doctrinae
680 2821 807 2888 genus,
842 2800 936 2891 quod
961 2823 1072 2869 unum
1098 2816 1132 2873 et
1149 2803 1395 2892 incorruptum
1446 2803 1607 2890 logomm
1624 2802 1727 2869 bellis
1742 2813 1839 2869 ortae
1855 2813 1949 2873 sunt.
2002 2798 2043 2869 ln
2060 2796 2311 2893 hiscaptivitas
2328 2799 2434 2871 Prin-

406 2896 444 2965 in
460 2900 626 2970 omnibus
647 2901 734 2968 locis
759 2900 905 2971 tradidit
921 2900 1044 2973 Pastor
1060 2898 1238 2973 Ecclesiae
1255 2915 1397 2971 nostrae
1446 2903 1576 2991 cipum,
1601 2896 1709 2968 huius
1722 2901 1845 2990 oppidi
1862 2902 2014 2984 obsidio,
2040 2914 2074 2970 et
2088 2918 2223 2973 caetera
2238 2903 2326 2996 belli
2343 2903 2435 2971 mala

407 2996 556 3069 loannes
571 2994 839 3089 Bugenhagius,
866 3016 990 3074 notum
1008 3018 1059 3074 est
1077 3019 1111 3075 et
1129 3031 1170 3075 ex
1190 3004 1288 3074 illins
1309 3004 1395 3072 scri·
1444 3002 1623 3092 ingentem
1649 2999 1808 3096 dolorem
1834 3001 1911 3068 viro
1928 3002 2063 3090 optimo
2081 3002 2120 3068 in
2142 2997 2209 3070 bac
2224 3014 2362 3071 senecta
2377 3015 2436 3070 at-

403 3101 486 3189 ptis,
509 3115 601 3169 etex
615 3106 855 3174 monumentis
869 3105 1009 3174 illarum
1027 3103 1283 3190 Ecclesiarum,
1308 3131 1396 3198 qua·
1446 3104 1624 3186 tulerunt,
1648 3112 1689 3169 ut
1711 3092 1909 3190 Prophetae
1935 3098 2123 3183 letemiae,
2149 3102 2264 3171 clades
2282 3116 2317 3171 et
2340 3124 2435 3170 mors

402 3224 486 3268 rum
508 3200 577 3268 fuit
607 3194 782 3294 οῖκίστης,
817 3206 1012 3296 inquibus
1041 3208 1207 3276 omnibus
1237 3230 1396 3297 expresse
1445 3206 1574 3297 optimi
1589 3202 1680 3291 regis
1699 3200 1820 3269 losiae.

376 3323 381 3330 ·
404 3294 475 3364 hoc
496 3293 674 3383 ¹adbrmat,
707 3324 743 3369 se
770 3304 933 3393 amplecti
961 3306 1217 3374 confessionem
1246 3329 1279 3377 a.
1297 3305 1395 3374 Duce
1545 3304 1618 3372 Nee
1636 3317 1753 3371 tamen
1770 3302 1817 3371 ita
1833 3301 1964 3370 fractus
1980 3314 2031 3372 εει
2045 3300 2184 3387 animo,
2207 3315 2249 3372 ut
2262 3315 2321 3372 aut
2335 3302 2435 3392 suge·

401 3396 579 3467 Saxoniae
593 3395 759 3472 Electore
773 3401 967 3475 exhibitam
984 3403 1193 3495 lmperatori
1211 3406 1339 3475 Carolo
1357 3406 1394 3474 in
1445 3422 1517 3491 ret,
1542 3419 1603 3475 aut
1616 3404 1811 3498 quidquam
1828 3404 1866 3470 in
1881 3398 2038 3474 Ecclesia
2053 3416 2223 3487 mutaret,
2245 3405 2306 3472 sed
2326 3405 2436 3474 erexit

401 3493 591 3568 Conventu
608 3501 815 3589 Augustano
832 3503 930 3575 Anni
947 3505 1057 3580 1530.
1108 3505 1186 3577 Hoc
1201 3520 1313 3577 totum
1330 3509 1396 3576 do·
1445 3533 1481 3578 εε
1495 3508 1642 3577 adsidua
1662 3506 1875 3595 precatione,
1900 3507 1934 3574 'et
1949 3501 2014 3576 hac
2031 3504 2274 3576 consolatione
2289 3506 2435 3576 moesti·

403 3598 539 3668 ctrinae
554 3622 663 3689 genus
680 3618 803 3676 notum
820 3624 871 3677 est
887 3631 929 3676 ex
944 3609 1162 3678 consessione
1183 3633 1274 3702 quae
1291 3623 1396 3694 extat,
1445 3612 1533 3680 ciam
1556 3607 1674 3688 leniit,
1699 3608 1796 3698 quod
1819 3606 1909 3688 vidit
1925 3620 2042 3677 tamen
2059 3609 2153 3676 inter
2175 3614 2293 3677 tantos
2307 3607 2436 3691 fluctus
2464 3628 2467 3633 ·
2574 3666 2584 3675 .

404 3713 435 3769 et
458 3696 536 3769 Deo
567 3703 710 3774 iuvante
739 3708 782 3775 ad
815 3730 955 3775 omnem
980 3710 1219 3798 posteritatem
1245 3734 1394 3799 perven-
1443 3709 1614 3806 Cymbam
1630 3703 1764 3779 Christi
1781 3707 1992 3782 mirabiliter
2012 3707 2125 3780 aDeo
2143 3709 2294 3793 servari,
2315 3708 2372 3779 cui
2389 3708 2436 3777 sit

404 3813 481 3871 tura
505 3814 567 3876 est.
1444 3814 1520 3882 laus
1535 3826 1569 3881 et
1584 3809 1776 3901 gratiarum
1792 3809 1897 3881 actio.

502 3902 583 3973 Non
606 3903 755 3978 instituo
778 3909 1005 3994 collationes,
1031 3924 1071 3981 ut
1095 3911 1133 3983 fit
1156 3912 1194 3980 in
1208 3908 1394 3982 Declama-
1543 3909 1682 3983 Deinde
1704 3924 1801 3980 moto
1824 3910 1972 3981 dissidio
1996 3906 2136 3984 Placieo
2157 3912 2227 3985 fuit
2248 3913 2287 3981 in
2310 3912 2436 3983 dolore

404 4003 580 4092 tionibus,
605 4028 772 4098 magnum
795 4013 901 4081 decus
916 4012 1140 4083 estinbonis
1155 4010 1394 4104 Principibus,
1442 4039 1519 4085 non
1552 4028 1625 4084 tam
1659 4037 1721 4082 sua
1753 4035 1876 4099 causa,
1916 4034 2023 4104 quam
2053 4027 2199 4107 propter
2229 4011 2436 4088 Ecclesiam.

403 4098 586 4178 honestam
609 4110 761 4182 formam
782 4112 944 4204 politiae,
976 4114 1069 4203 leges
1095 4127 1130 4184 et
1155 4112 1286 4183 iudicia
1311 4115 1393 4181 red·
1442 4114 1669 4188 Conscientia
1686 4094 1780 4181 enim
1799 4111 1911 4201 ipsius
1933 4134 2006 4182 uon
2023 4127 2099 4183 erat
2113 4115 2289 4200 sauciata,
2316 4128 2351 4186 et
2366 4115 2436 4184 im-

402 4207 485 4277 dere
509 4209 676 4298 urbibus,
700 4227 741 4285 ut
761 4214 866 4284 multi
886 4210 1026 4285 honesti
1049 4212 1199 4286 victores
1222 4216 1392 4288 fecerunt.
1442 4218 1620 4305 pudenter
1642 4226 1844 4303 sparserant
1869 4212 2016 4304 quidam
2037 4216 2222 4288 manifesta
2240 4215 2437 4295 mendacia,

401 4303 511 4379 Aliud
533 4313 703 4403 quiddam
724 4329 795 4401 est,
828 4328 864 4386 et
882 4317 995 4386 maius
1011 4313 1079 4386 Dei
1103 4317 1311 4387 beneficium
1329 4330 1393 4396 εει,
1443 4340 1533 4410 quae
1568 4317 1698 4385 sciebat
1732 4313 1879 4382 refutari
1910 4326 2079 4404 tempore.
2126 4310 2229 4388 *Nam
2258 4338 2373 4411 neque
2396 4317 2436 4386 in

398 4405 575 4482 Ecclesiae
603 4431 695 4487 recte
727 4417 915 4498 constitui,
957 4419 1091 4512 inquo
1119 4417 1392 4488 beneficiosum
1442 4419 1556 4502 bello,
1590 4441 1704 4510 neque
1727 4428 1844 4506 postea
1866 4438 1986 4485 vocem
2009 4417 2209 4503 doctrinae,
2237 4442 2302 4487 nec
2318 4417 2434 4488 ullum

399 4505 649 4604 Bugenhagius
666 4519 768 4590 fidele
789 4543 962 4609 organum
981 4517 1049 4590 Dei
1071 4521 1198 4603 fuerit,
1223 4542 1391 4608 magnum
1442 4521 1479 4588 in
1497 4515 1654 4589 Ecclesia
1678 4518 1788 4588 ritum
1804 4517 1970 4603 mutavit;
1997 4532 2032 4590 et
2046 4543 2249 4615 quanquam
2264 4521 2309 4588 ad
2324 4519 2438 4590 alium

397 4611 435 4681 id
452 4615 560 4685 decus
580 4640 670 4704 esse,
694 4635 727 4692 et
743 4620 995 4714 gratitudinem
1013 4623 1044 4691 ei
1061 4622 1311 4714 sempiternam
1329 4623 1391 4690 de·
1440 4622 1628 4709 dominum
1653 4613 1739 4689 baec
1755 4621 1853 4710 regio
1869 4619 2038 4691 translata
2060 4637 2129 4708 est,
2155 4635 2276 4693 tamen
2295 4642 2436 4711 semper

395 4711 494 4801 beri,
519 4720 744 4793 manifestum
768 4738 831 4797 est.
991 4776 995 4785 ι
1141 4721 1143 4724 ’
1440 4722 1556 4793 voluit
1577 4745 1720 4792 manere
1744 4723 1892 4793 eandem
1908 4717 2123 4809 Ecclesiam,
2150 4740 2184 4797 et
2206 4746 2310 4815 saepe
2326 4720 2435 4793 dixit:

501 4814 647 4893 Prodest
667 4838 704 4895 et
725 4820 792 4896 hoc
811 4823 1055 4897 testimonium
1082 4826 1126 4895 de
1142 4825 1218 4894 eius
1231 4823 1391 4893 moribus
1439 4821 1531 4897 Date
1543 4824 1640 4911 Deo,
1674 4848 1763 4917 quae
1776 4819 1847 4892 Dei
1865 4818 1969 4904 lunt,
2003 4838 2037 4895 et
2050 4821 2214 4910 Caesari,
2238 4848 2329 4920 quae
2353 4836 2438 4895 sunt

392 4915 615 5008 P⁰⁸l⁹¹3¹³lis
642 4929 739 5017 quod
760 4928 864 5012 sciet,
891 4925 971 4998 talis
988 4927 1055 4995 viri
1073 4951 1193 4997 vocem
1214 4919 1306 4994 banc
1324 4927 1390 4994 do·
1438 4924 1609 5001 Caesaris.
1679 4922 1867 5020 Utrunque
1897 4927 1991 4995 enim
2016 4940 2219 4998 constanter
2249 4923 2437 5019 praestitit,

395 5015 551 5088 ctrinam
577 5020 702 5108 luisse,
735 5031 834 5100 cuius
854 5052 968 5099 mores
992 5029 1133 5119 probati
1151 5021 1282 5099 suerint
1296 5027 1387 5118 opti·
1439 5028 1507 5100 fuit
1530 5026 1767 5099 alienissimus
1789 5049 1809 5095 a
1832 5027 2010 5097 seditiosis
2032 5029 2209 5111 consiliis,
2231 5040 2265 5097 et
2287 5028 2325 5096 in
2349 5026 2437 5097 reti-

394 5116 462 5187 mis
480 5111 642 5208 Regibus
656 5122 819 5213 Danicis,
845 5129 1026 5201 Friderico
1050 5144 1083 5200 et
1101 5126 1329 5211 Christiano,
1355 5141 1390 5198 et
1438 5130 1556 5201 nenda
1579 5128 1761 5199 doetrinae
1792 5129 1947 5219 puritate
1974 5128 2108 5199 firmus.
2180 5127 2302 5223 ltaque
2326 5142 2367 5200 ut
2390 5129 2436 5199 de

395 5218 543 5311 optimis
565 5218 796 5318 Principibus
815 5230 973 5303 Ducibus
998 5229 1249 5316 Pomeraniae,
1282 5243 1316 5300 ει
1329 5241 1390 5322 tot
1438 5228 1570 5301 Severo
1594 5228 1808 5320 Imperatore
1827 5229 1996 5321 scriptum
2027 5244 2098 5315 est,
2129 5231 2239 5301 fuisse
2269 5255 2350 5302 eum
2375 5230 2435 5299 in·

395 5320 540 5391 urbium
552 5321 805 5416 Senatoribus,
830 5333 999 5423 sapientia
1014 5348 1048 5405 et
1061 5335 1191 5404 virtute
1207 5345 1388 5425 praestan·
1437 5344 1575 5404 tentum
1594 5333 1700 5417 inea,
1724 5354 1815 5423 quae
1830 5331 1963 5422 agenda
1980 5345 2091 5418 erant,
2115 5347 2151 5405 et
2162 5333 2355 5425 uqlexisse
2369 5355 2435 5424 po-

396 5420 511 5509 tibus,
537 5427 601 5519 qui
625 5429 698 5499 nisi
724 5456 839 5503 mores
862 5427 967 5503 huius
991 5435 1060 5504 viri
1089 5436 1200 5508 iustos
1222 5449 1255 5505 et
1276 5447 1388 5502 castos
1436 5434 1514 5523 puli
1529 5434 1695 5518 fabellas,
1720 5427 1910 5527 Ἐπιμελὴς
1932 5427 1980 5527 ἢν
1997 5437 2077 5506 τῶν
2097 5432 2313 5529 πρακτέων,
2341 5431 2432 5524 ἆμε-

395 5544 468 5594 esse
482 5526 686 5613 scivissent,
713 5558 788 5605 non
812 5534 1057 5627 expetivissent
1079 5561 1177 5622 eum,
1203 5562 1267 5607 nee
1287 5537 1388 5606 adse
1436 5529 1499 5628 λῆς
1526 5540 1604 5610 τῶν
1632 5529 1715 5630 napi
1744 5531 1863 5607 αὐτοῦ
1895 5534 2252 5635 toyonosoopsvom
2275 5536 2326 5604 sie
2354 5536 2430 5625 ipse

395 5638 429 5696 et
450 5627 494 5696 ad
525 5652 607 5701 suos
631 5653 827 5711 vocassent.
887 5633 1050 5728 Cumque
1083 5661 1138 5709 res
1169 5639 1386 5710 difficilimae
1435 5639 1613 5708 cumillae
1632 5630 1883 5734 sycophantiae
1905 5651 2174 5729 spargerentur,
2208 5648 2353 5728 propter
2369 5657 2426 5703 eas
2467 5664 2469 5669 ·

392 5725 482 5812 sint,
516 5734 731 5808 constituere
753 5736 947 5818 Ecclesiae,
982 5739 1134 5810 refutare
1154 5741 1387 5824 adversarios,
1434 5753 1553 5810 tamen
1576 5740 1790 5811 necessarios
1814 5738 1955 5809 labores
1981 5761 2055 5808 nou
2078 5739 2208 5808 omisit.
2260 5734 2330 5804 Sed
2353 5731 2430 5805 Ec-

391 5849 467 5900 non
483 5831 614 5904 abduci
626 5838 670 5909 ab
685 5839 801 5911 officio
813 5842 1029 5928 ambitione,
1055 5840 1257 5930 iracundia,
1283 5839 1385 5932 cu‘pi-
1434 5839 1559 5914 clesiae
1582 5867 1685 5916 eausa
1706 5841 1822 5914 doluit
1844 5840 1992 5911 accendi
2007 5838 2097 5911 „odia
2122 5850 2156 5906 et
2172 5835 2368 5909 discordias
2382 5840 2428 5910 de
