6025 6775
520 543 524 552 .
642 501 714 581 139
802 579 807 592 ρ
1183 490 1343 569 naen
1381 487 1457 566 nu
1490 490 2114 579 run1cr1succnus1an
2576 514 2649 590 140

738 670 960 747 Reverenter
974 667 1195 759 agnoscimus
1212 675 1246 734 et
1259 665 1410 734 fatemur
1424 657 1523 735 hunc
1537 688 1620 759 vere
1771 665 1821 739 Ut
1841 680 1959 738 autem
1981 665 2128 741 Titanes
2156 674 2254 746 coelo
2279 678 2413 752 bellum
2436 679 2649 773 intulerunt,

637 771 755 849 Deum
779 786 813 845 ct
833 784 1025 843 creatorem
1046 792 1119 840 esse
1138 764 1227 865 coeli
1249 778 1282 835 et
1304 777 1416 834 terrae
1442 778 1477 836 et
1500 759 1619 834 homi·
1670 767 1719 839 ita
1733 768 1838 838 multi
1851 769 1918 838 feri
1934 763 2095 839 homines
2106 788 2233 859 ruunt,
2255 802 2324 870 qua
2337 806 2456 853 metae
2470 787 2649 879 cupidita-

639 901 747 958 num‚
773 875 834 968 qui
851 896 888 941 se
903 871 1065 963 patefecit
1081 869 1185 937 misso
1201 864 1274 937 filio
1292 889 1356 935 sno
1372 862 1530 934 Domino
1552 889 1619 936 no·
1670 882 1722 939 tes
1737 869 1944 959 impellunt,
1969 882 2004 939 et
2025 870 2163 959 fingunt
2185 872 2277 946 nihil
2293 902 2363 949 csse
2375 880 2508 971 Deum,
2533 890 2647 979 legem

640 992 713 1049 stro
736 975 815 1046 lesu
828 968 989 1056 Christo,
1014 983 1049 1039 et
1062 970 1140 1037 data
1155 990 1240 1036 voce
1254 963 1358 1055 Legis
1372 980 1407 1039 et
1419 962 1619 1055 Evangelii,
1670 993 1745 1039 non
1761 992 1834 1039 csse
1846 969 2054 1060 sapientiam
2071 968 2138 1039 Dei
2156 987 2190 1042 et
2207 980 2369 1048 ordinem
2383 984 2564 1073 divinum,
2589 989 2648 1056 iu-

639 1092 772 1149 etvere
794 1098 875 1146 eum
889 1073 1051 1159 colligere
1073 1080 1250 1137 aeternam
1265 1063 1479 1153 Ecclesiam,
1504 1081 1540 1138 et
1562 1068 1620 1138 iu·
1670 1070 1784 1139 dicem
1812 1094 1886 1151 nou
1916 1069 2088 1140 divinitus
2114 1073 2275 1144 additum
2303 1102 2375 1149 esse
2404 1083 2553 1172 legibus,
2583 1089 2648 1158 sed

638 1179 839 1249 dicaturum
861 1196 933 1243 esse
946 1191 1055 1259 genus
1071 1163 1280 1239 humanum.
1329 1166 1425 1237 Huic
1439 1193 1522 1237 vero
1539 1170 1618 1239 Deo
1671 1165 1889 1240 haecomnia
1905 1171 2187 1243 terriculamenta
2210 1198 2284 1245 esse
2305 1182 2496 1254 calliditate
2516 1210 2648 1277 pauco·

641 1278 790 1351 creatori
804 1274 892 1345 coeli
907 1282 941 1340 et
957 1284 1069 1340 terrae
1083 1284 1118 1340 et
1130 1264 1335 1352 hominum,
1361 1292 1431 1339 nna
1447 1293 1529 1340 com
1543 1271 1617 1338 tilio
1670 1294 1750 1340 rum
1767 1271 1974 1359 excogitata,
1998 1285 2037 1340 ut
2057 1273 2295 1345 multitudinis
2317 1284 2475 1368 potentia
2490 1280 2546 1355 his
2561 1311 2648 1380 qua-

640 1404 704 1450 suo
721 1388 903 1448 coaeterno
917 1368 1073 1441 Domino
1091 1383 1211 1440 nostro
1230 1368 1307 1440 lesu
1316 1364 1471 1455 Christo,
1487 1383 1522 1439 et
1536 1370 1619 1461 Spi-
1670 1372 1904 1464 libuscunque
1917 1371 2068 1440 vinculis
2082 1375 2304 1464 reprimatur.
2339 1377 2410 1449 Sed
2425 1399 2547 1456 contra
2563 1390 2650 1458 tales

639 1480 710 1549 ritu
723 1487 841 1545 sancto
859 1472 988 1563 gratias
1003 1472 1149 1560 agimus,
1168 1472 1264 1563 quod
1280 1464 1450 1539 hactenus
1464 1471 1619 1541 clemen·
1671 1470 1842 1542 Titanum
1866 1486 1900 1542 ct
1920 1468 2114 1565 Cyclopum
2137 1476 2322 1566 opiniones
2341 1489 2570 1555 monstranda
2598 1501 2651 1559 est

638 1591 693 1652 ter
713 1572 800 1647 haec
812 1573 994 1645 doctrinae
1017 1572 1131 1642 studia
1148 1583 1183 1640 et
1204 1571 1413 1659 gubernavit
1428 1585 1462 1641 et
1476 1574 1618 1641 coisses·
1670 1574 1797 1644 veritas
1823 1575 1866 1643 de
1889 1570 1966 1643 Deo
1990 1577 2083 1643 etde
2107 1574 2200 1662 lege,
2222 1601 2311 1669 quae
2326 1594 2377 1650 est
2391 1584 2562 1673 sapientia
2581 1586 2651 1659 Ilei

637 1676 752 1761 ravit,
779 1688 813 1745 et
837 1674 1045 1744 ardentibus
1066 1671 1157 1742 votis
1177 1694 1380 1762 precamur,
1411 1685 1453 1741 ut
1474 1686 1619 1763 propter
1670 1686 1810 1744 aeterna
1832 1689 1866 1746 et
1889 1674 2053 1754 immota,
2077 1688 2113 1744 et
2128 1676 2346 1749 defendenda
2369 1695 2420 1753 cst
2442 1684 2552 1771 gloria
2567 1684 2648 1761 Dei.

638 1801 738 1848 suam
755 1777 903 1866 gloriam
925 1796 1061 1865 semper
1082 1773 1175 1842 inter
1193 1771 1339 1845 nossibi
1354 1784 1533 1840 aeternam
1549 1770 1619 1843 Ec·
1670 1773 1893 1866 Sumpsimus
1922 1774 2029 1864 igitur
2058 1775 2299 1846 definitionem
2331 1781 2456 1853 iudicis
2485 1807 2527 1854 er
2555 1788 2649 1857 veris

638 1878 779 1950 clesiam
802 1877 961 1965 colligat,
986 1897 1051 1942 nec
1071 1873 1163 1942 sinat
1184 1872 1539 1959 extinguidoctrinae
1560 1874 1618 1943 lu·
1668 1874 1844 1960 fontibus,
1870 1898 1959 1968 quae
1975 1875 2119 1967 quidem
2135 1877 2239 1968 longa
2254 1881 2414 1951 oratione
2428 1883 2599 1954 illustrari
2613 1900 2649 1958 et

638 2002 727 2064 cem,
747 1978 837 2048 sicut
851 1978 889 2044 in
904 1973 1105 2044 dulcissima
1124 1972 1354 2062 promissione
1371 1972 1502 2065 inquit:
1529 1974 1615 2043 Pro·
1669 1975 1870 2045 confirmari
1885 1990 2011 2067 posset,
2032 1978 2093 2043 sed
2108 1995 2302 2050 cernuntur
2314 1983 2428 2052 tontes
2443 1985 2488 2054 ab
2501 1980 2569 2065 his,
2585 1988 2648 2079 qui

559 2155 564 2162 ,
638 2094 717 2173 pter
735 2103 810 2161 me,
835 2088 979 2167 propter
999 2097 1055 2143 me
1075 2073 1222 2158 faciam,
1240 2085 1369 2142 utnon
1385 2068 1616 2163 blasphemer.
1668 2098 1743 2144 non
1758 2091 1841 2146 sunt
1861 2071 1979 2147 hostes
1992 2073 2078 2159 Dei,
2104 2100 2170 2148 nec
2184 2081 2500 2155 demonstrationes
2522 2100 2557 2156 et
2572 2110 2649 2157 ma-

638 2177 675 2253 Ο
691 2180 743 2248 fili
755 2177 822 2249 Dei
837 2176 988 2248 Domine
1006 2172 1084 2243 lesu
1100 2168 1259 2257 Christe,
1280 2173 1443 2244 crucifixe
1463 2197 1530 2264 pro
1551 2199 1618 2245 no-
1668 2176 1795 2246 nilesta
1819 2174 1887 2246 Dei
1916 2176 2117 2249 testimonia
2148 2195 2391 2269 aspernantur.
2441 2184 2506 2258 Est
2529 2202 2651 2258 autem·

636 2282 749 2353 biset
776 2278 997 2359 resuscitate,
1027 2287 1144 2345 costos
1169 2270 1365 2357 Ecclesiae,
1396 2274 1458 2366 qui
1480 2275 1617 2347 dixisti:
1669 2299 1753 2347 suus
1781 2278 1879 2348 locus
1904 2277 2014 2347 iudici
2042 2277 2208 2367 politico,
2241 2296 2276 2351 et
2300 2286 2482 2375 proprium
2505 2310 2649 2373 munus,

635 2378 713 2470 Ego
730 2403 807 2449 sum
829 2378 930 2462 vitis,
954 2396 1017 2445 vos
1040 2374 1220 2465 palmites,
1252 2375 1367 2444 iacnt
1386 2376 1497 2444 simus
1517 2400 1558 2447 ex
1583 2389 1618 2448 te
1671 2399 1836 2466 magnum
1857 2380 1947 2447 illud
1962 2377 2105 2472 quidem
2127 2392 2161 2448 et
2182 2380 2346 2467 difficile,
2371 2398 2405 2454 et
2426 2387 2571 2476 plenum
2589 2389 2648 2457 in·

636 2481 819 2575 propagati
833 2478 1015 2572 palmites,
1039 2476 1207 2544 salutares
1223 2474 1327 2544 nobis
1340 2486 1374 2544 et
1389 2475 1479 2546 aliis.
1669 2478 1827 2566 gentium
1841 2480 2089 2562 certaminum,
2116 2478 2154 2547 in
2169 2482 2299 2572 quibus
2315 2485 2443 2555 veritas
2459 2501 2493 2558 et
2506 2489 2649 2578 sapien-

737 2579 835 2652 Haec
856 2590 1042 2671 postquam
1064 2575 1212 2667 praefati
1232 2596 1371 2658 sumus,
1397 2575 1560 2646 adiiciam
1576 2591 1616 2649 ut
1669 2578 1718 2648 tia
1735 2592 1858 2649 contra
1873 2579 2054 2648 mendacis
2068 2590 2102 2647 et
2116 2577 2354 2670 sophisticam,
2373 2585 2511 2658 iusticia
2524 2602 2648 2658 contra

637 2697 690 2756 est
705 2681 922 2753 consuetudo
937 2675 1308 2747 commonefactiouem
1317 2674 1440 2745 utilem
1451 2679 1496 2746 ad
1512 2691 1616 2748 tucn·
1669 2678 1905 2761 iniusticiam,
1938 2678 2134 2771 sapienter,
2160 2680 2252 2754 iuste
2281 2698 2317 2755 et
2345 2684 2484 2758 fortiter
2513 2711 2648 2780 propu-

638 2787 721 2853 dam
735 2782 916 2852 doctrinae
929 2778 1136 2871 puritatem,
1158 2788 1193 2847 et
1207 2774 1384 2847 Ecclesiae
1404 2799 1536 2867 pacem,
1562 2779 1617 2850 vi·
1668 2781 1807 2869 gnanda
1824 2793 1888 2855 est.

639 2885 765 2955 delicet
779 2884 823 2951 de
836 2879 977 2956 iudiciis
990 2878 1029 2947 in
1045 2873 1201 2947 Ecclesia
1215 2876 1431 2953 necessariis.
1769 2878 1983 2974 Quanquam
2003 2896 2121 2955 autem
2136 2883 2255 2977 aliqua
2276 2884 2470 2957 similitudo
2485 2901 2537 2957 est
2551 2887 2649 2958 iudi·

739 2981 823 3054 Non
838 2981 934 3052 enim
950 2980 1133 3076 loquimur
1146 2980 1190 3048 de
1204 2973 1373 3063 Ecclesia,
1397 2991 1437 3049 ut
1449 2979 1495 3049 de
1511 2975 1616 3049 Idaea
1668 2979 1719 3052 cis
1740 2982 1948 3071 evangelici,
1981 2995 2099 3054 tamen
2122 2985 2312 3055 discrimen
2337 2987 2487 3077 intelligi
2508 3010 2648 3059 necesse

637 3084 836 3168 Platonica,
860 3083 922 3154 sed
937 3097 1075 3152 coetum
1092 3079 1267 3150 visibilem
1280 3092 1529 3165 monstramus,
1553 3080 1616 3174 qui
1668 3093 1737 3163 est,
1763 3106 1832 3175 qua
1849 3082 1887 3151 in
1903 3106 1941 3152 re
1957 3104 2059 3175 saepe
2072 3085 2248 3157 falluntur
2263 3080 2438 3160 homines·

635 3186 740 3259 certis
769 3183 877 3275 signis
905 3182 1119 3254 discernitur
1143 3181 1188 3251 ab
1212 3179 1291 3248 aliis
1321 3174 1546 3266 hominibus,
1576 3181 1616 3250 in
1768 3183 1915 3275 Semper
1931 3182 2026 3252 enim
2043 3187 2203 3267 fuerunt,
2229 3200 2361 3259 suntet
2383 3186 2649 3274 erunt'indocti,

637 3314 708 3383 qno
730 3311 812 3357 cum
831 3286 871 3355 in
893 3278 961 3355 hae
984 3281 1056 3352 vita
1079 3280 1267 3349 dissimiles
1288 3279 1360 3350 siut
1388 3281 1498 3366 cives,
1527 3283 1616 3365 sani,
1669 3295 1704 3354 et
1714 3283 1812 3363 mali,
1835 3284 1896 3376 qui
1913 3284 1951 3352 in
1964 3278 2120 3355 Ecclesia
2133 3298 2195 3356 aut
2208 3287 2387 3356 licentiam
2403 3287 2591 3374 infinitam,
2613 3302 2649 3360 et

638 3390 791 3478 aegroti,
816 3384 968 3466 dociles,
999 3380 1142 3464 viciosi,
1176 3380 1350 3450 sanabiles
1377 3395 1412 3451 et
1435 3382 1615 3452 insanabi·
1669 3378 1855 3480 ἀναρχίαν
1887 3407 1960 3455 esse
1992 3388 2135 3469 volunt,
2170 3400 2231 3458 ant
2260 3389 2486 3482 tyrannidem
2519 3389 2650 3460 consti-

637 3491 700 3560 les.
758 3483 802 3553 ln
833 3484 897 3554 tali
929 3495 1031 3553 coetu
1061 3482 1371 3569 gubernatoribus,
1415 3483 1555 3554 iudiciis
1583 3496 1616 3552 et
1668 3499 1792 3566 ruunt,
1825 3508 2028 3579 quanquam
2051 3500 2084 3558 et
2115 3483 2294 3583 ἀναρχία,
2325 3490 2487 3582 tyrannis
2509 3489 2649 3560 infinita

638 3587 762 3681 poenis
779 3606 867 3674 opus
885 3604 976 3664 esse,
1000 3576 1093 3648 nihil
1110 3581 1257 3649 dubium
1275 3594 1336 3663 est,
1362 3595 1397 3650 et
1411 3607 1477 3651 vox
1493 3585 1615 3653 divina
1669 3597 1737 3668 est,
1761 3586 1842 3654 ideo
1858 3587 1952 3655 enim
1970 3586 2100 3657 iudicia
2117 3590 2270 3668 abolent,
2294 3612 2339 3659 ne
2353 3586 2497 3659 refutari
2512 3589 2649 3679 possint

638 3685 823 3761 constituit
851 3681 994 3752 iudicia.
1052 3678 1172 3768 Quare
1194 3683 1239 3750 de
1268 3676 1336 3750 hoc
1360 3704 1469 3752 nervo
1500 3685 1616 3774 legiti-
1667 3706 1817 3766 errores,
1839 3707 1928 3775 quos
1942 3699 2060 3771 amapt
2075 3687 2154 3774 ipsi,
2177 3701 2212 3756 et
2224 3689 2439 3769 factionibus
2452 3689 2649 3760 stabiliunt.

637 3812 715 3859 mae
754 3781 1033 3876 congregationis
1072 3803 1210 3852 necesse
1251 3797 1319 3867 est,
1356 3796 1448 3852 recte
1481 3785 1616 3855 erudiri
1769 3781 1922 3853 Protulit
1945 3795 2061 3851 autem
2084 3806 2125 3852 er
2145 3783 2227 3853 sinu
2244 3789 2380 3853 aeterni
2401 3789 2512 3876 patris
2527 3785 2649 3859 Evan.

639 3887 813 3962 homines.
1670 3885 1798 3976 gelium
1815 3883 1888 3973 ipse
1903 3881 1996 3952 filius
2010 3879 2077 3951 Dei
2091 3873 2201 3981 ’λόχος
2215 3885 2348 3955 aeterni
2362 3887 2483 3976 patris,
2504 3901 2538 3957 et
2554 3883 2648 3960 hanc

739 3987 901 4059 Primum
917 3999 1033 4057 autem
1049 3984 1197 4055 discerni
1219 3997 1357 4075 oportet
1372 3984 1503 4056 iudices
1525 3985 1618 4077 poli·
1670 4010 1767 4056 suam
1787 4008 1907 4054 vocem
1921 3984 2000 4052 vult
2025 3983 2197 4074 integram
2220 3985 2297 4055 sine
2318 3986 2545 4078 corruptelis,
2569 3987 2649 4068 siue

638 4091 726 4163 ticos
739 4092 784 4159 ab
799 4088 1019 4178 evangelicis.
1049 4085 1136 4156 Vult
1148 4084 1244 4156 Deus
1257 4087 1367 4176 legem
1381 4110 1479 4156 suam
1494 4086 1618 4167 rectri-,
1670 4087 1851 4157 additione
1877 4099 1911 4156 et
1933 4084 2010 4153 siue
2026 4086 2248 4158 mutilatione
2268 4088 2429 4180 proponi.

639 4216 716 4263 cem
737 4213 811 4260 esse
835 4189 971 4284 generis
987 4184 1153 4270 humani,
1177 4188 1255 4258 vult
1269 4188 1307 4256 in
1324 4189 1447 4278 poenis
1461 4186 1618 4276 conspici
1769 4183 1847 4256 Hac
1867 4209 1952 4256 voce
1976 4184 2051 4276 ipse
2073 4199 2125 4256 est
2147 4188 2287 4274 efficax,
2318 4201 2433 4258 servat
2454 4201 2490 4261 et
2515 4187 2650 4262 iudicat

639 4293 839 4367 testimonia
860 4289 1102 4382 providentiae
1128 4300 1162 4360 et
1186 4287 1340 4361 iustitiae
1360 4313 1462 4373 snae,
1483 4290 1562 4359 vult
1584 4300 1618 4356 ct
1670 4283 1843 4370 homines,
1864 4288 1923 4356 sed
1937 4300 2054 4358 tamen
2069 4300 2108 4358 ut
2120 4289 2159 4358 in
2174 4302 2276 4360 coetu
2289 4289 2433 4373 visibili,
2450 4289 2528 4359 vult
2541 4290 2650 4360 etiam

639 4395 837 4466 societatem
865 4387 1050 4461 hominum
1083 4391 1297 4465 conservari.
1348 4389 1396 4461 Ut
1426 4391 1535 4478 igitur
1562 4388 1617 4460 lex
1669 4401 1896 4458 externorum
1928 4387 2137 4458 delictorum
2177 4389 2327 4459 iudicem
2357 4389 2531 4459 visibilem
2562 4413 2648 4470 esse,

638 4520 714 4567 nou
730 4496 776 4566 sit
788 4491 905 4564 inanis
920 4493 1074 4574 sonitus,
1098 4491 1199 4558 addit
1212 4490 1390 4560 custodem
1407 4503 1442 4559 ct
1456 4501 1619 4559 exemto·
1670 4489 1799 4558 scilicet
1807 4484 2011 4568 Ecclesiam,
2028 4488 2207 4580 sicutipse
2223 4491 2353 4584 inquit:
2377 4488 2444 4560 Dic
2458 4487 2648 4564 Ecclesiae.

638 4621 732 4678 rem,
763 4596 912 4673 scilicet,
938 4590 1179 4680 magistratum
1200 4612 1261 4659 seu
1284 4590 1455 4675 iudicem,
1483 4587 1618 4678 Regem
1668 4587 1898 4683 Nequaquam
1916 4586 2010 4658 enim
2026 4591 2103 4662 vult
2118 4586 2305 4686 ἀναρχίαν
2320 4615 2405 4676 esse,
2430 4615 2539 4686 quare
2552 4590 2649 4662 Pau·

640 4717 703 4766 seu
722 4692 943 4778 Praetorem,
975 4692 1038 4784 qui
1059 4687 1167 4760 habet
1194 4688 1385 4776 legitimam
1411 4703 1617 4781 potestatem
1671 4691 1725 4761 lus
1751 4688 1887 4784 inquit:
1924 4690 2019 4760 Deus
2042 4713 2116 4759 non
2149 4703 2203 4762 est
2233 4707 2336 4762 autor
2362 4687 2648 4773 ἀκαταστασίας.

640 4794 793 4864 vocandi
808 4794 913 4878 cives,
933 4789 1166 4880 cognoscendi
1180 4789 1450 4874 controversias,
1474 4804 1509 4859 et
1524 4790 1619 4860 diiu-
1670 4790 1739 4863 Sed
1756 4786 1949 4860 Ecclesiam
1962 4788 2116 4860 iudicem
2130 4791 2250 4882 alligat
2271 4795 2316 4863 ad
2331 4816 2491 4863 normam
2504 4806 2648 4879 certam,

640 4891 784 4964 dicandi
799 4891 893 4962 iuxta
908 4893 1001 4979 leges
1015 4889 1166 4972 divinas,
1189 4902 1223 4960 et
1238 4883 1312 4971 has,
1337 4913 1426 4981 quae
1440 4891 1619 4981 probabili
1670 4891 1802 4961 scilicet
1824 4891 1868 4960 ad
1885 4886 2146 4981 Evangelium,
2162 4896 2257 4985 qnod
2281 4893 2453 4984 patefecit.
2503 4891 2573 4964 Hic
2592 4906 2650 4988 ty·

641 4993 778 5065 ratione
794 4992 889 5080 regia
903 4989 1090 5061 autoritate
1104 4989 1245 5060 additae
1259 5001 1362 5074 sunt,
1388 5004 1422 5060 et
1436 4991 1492 5060 vel
1507 4992 1618 5061 corri-
1670 4992 1774 5062 ranui
1796 4989 1982 5061 Pontifices
2009 4992 2176 5064 omnibus
2202 4995 2422 5086 temporibus
2449 4988 2649 5086 κακοζηλία

641 5097 746 5185 gendi
762 5091 935 5164 humanas
946 5091 1038 5180 leges
1052 5092 1228 5182 probabili
1249 5091 1405 5177 ratione,
1430 5091 1485 5160 vel
1499 5092 1619 5162 dubiis
1670 5092 1827 5162 iudicum
1843 5091 2068 5183 politicorum
2092 5095 2278 5193 auQunt
2291 5098 2421 5165 addere
2437 5098 2596 5186 dogmata
2613 5106 2649 5162 et

640 5196 795 5264 addendi
817 5193 1140 5284 interpretationes,
1164 5217 1253 5284 qnae
1266 5194 1384 5263 valent
1397 5206 1541 5284 propter
1559 5216 1619 5261 or·
1669 5193 1828 5277 numina,
1841 5205 1880 5287 ct
1895 5215 1973 5262 cum
1988 5193 2144 5265 dicerent
2158 5214 2195 5265 se
2209 5192 2341 5266 habere
2354 5210 2555 5288 potestatem
2571 5214 2650 5261 arn·

641 5295 737 5365 dinis
760 5295 1002 5379 autoritatem,
1025 5288 1132 5364 habet
1154 5292 1239 5363 item
1257 5305 1462 5382 potestatem
1479 5294 1515 5362 vi
1540 5317 1619 5365 cor·
1669 5293 1774 5384 bigua
1789 5293 2052 5383 interpretandi,
2075 5294 2254 5368 tinxerunt
2268 5293 2649 5382 falsasinterpretatiw
2685 5363 2691 5379 ,

639 5394 755 5486 porali
775 5395 942 5481 cogendi,
966 5390 1176 5463 cohercendi
1191 5404 1226 5460 et
1242 5391 1473 5463 interficiendi
1490 5409 1618 5468 sontes.
1670 5416 1753 5479 nes,
1777 5416 1863 5486 quas
1882 5393 2005 5464 dicunt
2026 5394 2144 5466 valere
2158 5411 2304 5490 propter
2317 5393 2454 5467 ordinis
2474 5393 2648 5476 autorita-

640 5494 739 5567 Haec
760 5491 920 5561 delinitio
940 5504 992 5560 est
1013 5493 1140 5563 iudicis
1160 5490 1298 5585 politici
1320 5490 1358 5562 in
1381 5515 1526 5583 genere,
1556 5518 1619 5566 scu
1668 5509 1752 5566 tem.
1804 5490 1861 5564 Ex
1881 5489 1948 5564 hoc
1969 5517 2089 5565 errore
2109 5497 2197 5569 falsa
2219 5501 2381 5588 dogmata
2405 5504 2442 5563 et
2466 5491 2554 5562 falsa
2576 5516 2646 5564 nu-

641 5593 762 5686 Regis,
787 5616 850 5664 seu
861 5589 1048 5661 Praetoris.
1381 5663 1384 5669 ,
1668 5591 1989 5670 minainEcolesia
2003 5597 2157 5672 stabilita
2169 5611 2262 5673 sunt·
