6025 6775
500 474 576 546 999

503 642 692 715 exercitum
710 638 805 707 intra
820 635 938 705 fauces
954 625 1120 721 Alpium,
1146 642 1182 697 et
1195 613 1367 745 acerrimo
1385 653 1487 721 prae.

502 747 553 815 lio
577 740 690 811 vincit
711 735 868 820 hostem,
901 755 980 802 cum
1001 732 1144 824 quidem
1167 742 1203 799 et
1223 730 1398 801 divinitus
1423 734 1489 802 ad-

503 847 687 916 iuvaretur
700 837 837 927 magnis
854 845 1044 924 ventorum
1060 831 1215 909 flatibus,
1240 832 1302 921 qui
1320 834 1488 903 contrarii

497 958 608 1016 ‘erant
625 939 797 1012 hostibus.
854 933 974 1022 Quare
991 945 1026 1001 et
1037 929 1256 1002 Claudianus
1270 931 1426 1024 scripsit:

557 1067 588 1133 Ο
606 1070 733 1129 nimium
748 1061 853 1121 dilecte
870 1055 956 1135 Deo,
979 1060 1030 1117 oui
1046 1058 1156 1116 militat
1173 1054 1272 1116 aether

555 1169 595 1232 Et
612 1168 758 1229 coniurati
775 1165 901 1223 veniunt
914 1158 953 1218 ad
969 1162 1090 1219 classica
1104 1161 1197 1218 venti.

602 1273 785 1364 Eugenius
801 1271 974 1340 adductus
992 1263 1310 1350 adTheodosium,
1337 1291 1486 1360 cumque

503 1390 699 1474 prostratus
715 1376 758 1443 ad
779 1373 885 1465 pedes
902 1369 977 1438 eius
994 1366 1134 1435 veniam
1150 1381 1299 1457 peteret,
1324 1390 1343 1435 a
1361 1368 1486 1440 militi-

503 1484 570 1551 hus
596 1475 791 1547 astantibus
815 1471 927 1562 capite
948 1482 1129 1539 truncatus
1149 1480 1213 1537 est.
1269 1465 1486 1558 Arbogastos

503 1582 542 1649 in
558 1582 660 1665 fuga,
691 1597 739 1642 ne
754 1585 925 1643 retractus
939 1569 978 1638 in
991 1583 1181 1660 conspectu
1195 1566 1488 1687 victoris-poenas

506 1683 624 1763 daret,
649 1677 725 1768 ipse
741 1673 810 1743 sibi
826 1694 936 1741 manu
950 1692 1014 1739 sua
1031 1680 1181 1738 mortem
1197 1685 1383 1740 conscivit.

605 1810 734 1882 Pacato
749 1828 872 1876 rursus
888 1802 1040 1893 imperio
1057 1801 1094 1870 in
1112 1796 1263 1872 Oriente
1279 1816 1316 1873 et
1330 1803 1368 1872 in
1378 1799 1484 1875 Occi-

502 1891 607 1987 dente
622 1907 660 1981 T
659 1903 855 1979 heodost'us
876 1902 1073 1974 Mediolani
1096 1902 1245 1985 mansit,
1278 1917 1312 1973 et
1329 1903 1487 1977 Stillico·

503 2040 584 2087 nem
602 2015 727 2082 ducem
744 2019 868 2076 natum
890 2005 929 2071 in
953 2016 1055 2093 gente
1071 2000 1209 2071 Heneta
1230 2003 1277 2073 ad
1299 2007 1486 2076 restituen-

502 2120 582 2187 dam
611 2132 731 2202 pacem
756 2109 793 2175 in
818 2101 937 2174 Gallia
967 2117 1000 2174 et
1024 2099 1217 2171 Germania
1243 2103 1361 2187 misit,
1402 2108 1486 2199 quia

504 2211 682 2286 seditiosis
704 2204 867 2295 Eugenio
893 2217 930 2273 et
954 2200 1152 2292 Arhogasto
1178 2204 1386 2276 coniunctae
1409 2209 1486 2278 fue-

503 2329 596 2387 rant.
653 2305 708 2379 Eo
731 2322 888 2396 tempore
908 2298 1058 2373 stillico
1078 2299 1143 2373 has
1169 2305 1329 2394 regiones
1354 2307 1486 2379 vicinas

503 2415 590 2487 Albi
604 2424 639 2480 et
654 2406 844 2477 Harciniae
859 2417 1067 2495 pervagatus
1081 2416 1154 2493 est,
1179 2418 1218 2476 ut
1231 2428 1272 2475 ex
1286 2404 1484 2500 Claudiano

503 2510 653 2600 intelligi
670 2520 802 2599 potest,
829 2505 892 2595 qui
907 2504 1040 2596 inquit:

435 2642 441 2650 ’
556 2632 712 2698 Germanis
726 2649 867 2710 response
882 2627 969 2688 dabat
983 2631 1122 2711 legesque
1138 2624 1244 2710 Ceycis

555 2737 699 2810 Arduus,
722 2736 751 2792 ei
765 2732 850 2791 flavis
864 2731 998 2809 signabat
1012 2734 1078 2790 iura
1092 2726 1212 2791 Sueris.

502 2847 608 2921 ltem:

634 2947 637 2953 ⁴
855 2986 919 3027 non
934 2966 1107 3047 indignante
1122 2960 1222 3047 Cayco

551 3071 656 3133 Pascat
670 3066 765 3149 Belga
781 3086 894 3148 greges.
982 3097 985 3101 Δ

499 3180 547 3255 Et
562 3183 704 3276 quidem
720 3179 827 3262 dicit,
852 3201 927 3246 non
950 3174 1076 3259 armis,
1101 3179 1162 3248 sed
1183 3176 1355 3269 <opinione
1380 3177 1483 3250 iusti-

500 3286 573 3354 ciae
590 3296 703 3353 motas
718 3276 782 3354 has
798 3292 919 3370 gentes
936 3275 1125 3369 quievisse:

907 3401 971 3466 Neo
987 3403 1068 3462 famu
1080 3403 1190 3464 fefellit

499 3581 503 3589 ,
550 3509 708 3586 lusoriae,
734 3508 834 3569 videre
850 3509 954 3587 pium,
979 3505 1079 3564 videre
1094 3506 1212 3566 fidelem

550 3609 653 3687 Quem
666 3612 787 3668 veniens
801 3611 922 3683 timuit,
945 3605 1061 3666 rediens
1077 3601 1242 3669 Germanus
1256 3608 1377 3665 amavit.

550 3710 633 3773 Ante
648 3712 752 3770 tubam
766 3712 854 3770 nobis
865 3709 968 3770 audax
983 3703 1143 3769 Germania
1157 3713 1259 3772 servis.

761 454 972 541 SCRIPTA
996 457 1075 536 PH.
1095 454 1213 552 MEL,
1238 456 1307 533 AD
1331 457 1461 542 HlST.
1484 462 1631 544 PROF.
1654 463 1723 545 ET
1748 470 1940 553 pulsos
1960 478 2276 565 SPECTANTIA.
2430 500 2531 571 1000

1540 637 1673 727 ctrina,
1692 665 1738 713 ne
1756 643 1801 715 ab
1819 641 1996 720 haeretico
2012 649 2186 748 Episcopo
2202 661 2413 751 baptismum
2430 661 2528 740 acci-¹

1542 756 1651 828 peret.
1709 741 1743 815 ls
1764 770 1844 815 cum
1863 752 2120 824 confessionem
2138 780 2236 827 suam
2253 776 2286 832 et
2301 785 2383 837 suae
2395 764 2526 843 Eccle-

1539 838 1613 908 siae
1633 846 1865 934 exposuisset,
1892 863 1927 919 et
1950 857 2161 929 ostendisset
2179 882 2216 928 se
2240 867 2400 955 amplecti
2424 894 2525 964 sym·

1540 939 1661 1010 bolum
1683 944 1874 1031 Nicenum,
1901 948 2147 1026 Theodosium
2172 961 2374 1051 baptizavit.
2421 969 2523 1043 Haec

1540 1040 1803 1134 circumspectio
1826 1048 1989 1135 pietatem
2015 1057 2092 1125 eius
2118 1064 2294 1145 ostendit,
2328 1092 2434 1161 quam
2459 1075 2522 1142 de-

1539 1141 1677 1214 clarant
1699 1159 1733 1216 et
1747 1154 1823 1216 acta
1841 1146 1952 1237 ipsius
1966 1153 2171 1248 inSynodis
2189 1178 2225 1233 et
2243 1169 2427 1240 eversione
2445 1172 2525 1241 ido·

1540 1241 1671 1312 lorum.

1639 1386 1852 1483 Exemplum
1884 1408 1934 1465 est
1963 1402 2196 1489 poenitentiae
2232 1426 2269 1483 et
2298 1424 2525 1493 reverentiae

1538 1512 1620 1580 erga
1639 1488 1854 1580 Ecclesiam,
1886 1502 1982 1589 quod
2007 1501 2052 1571 ab
2076 1498 2265 1581 Ambrosio
2288 1519 2451 1592 exclusus
2478 1547 2526 1593 ex

1539 1593 1690 1684 templo,
1733 1602 1776 1664 et'
1796 1594 1959 1669 lamentis
1988 1606 2143 1678 ostendit
2170 1615 2439 1701 poenitentiam,
2482 1637 2526 1693 et

1538 1706 1618 1763 octo
1633 1693 1813 1765 mensibus
1828 1720 1900 1768 non
1919 1702 2025 1772 rediit
2045 1704 2084 1773 in
2107 1712 2296 1800 templum,
2327 1721 2436 1791 donec
2458 1747 2525 1794 ac·

1542 1793 1673 1884 ciperet
1713 1798 1924 1867 sententiam
1964 1803 2203 1879 absolutionis
2240 1815 2285 1883 ab
2317 1813 2526 1895 Ambrosio.

1538 1890 1622 1964 Fuit
1639 1908 1756 1966 autem
1772 1890 1994 1986 haeresum,
2020 1928 2084 1975 cur
2103 1909 2148 1977 ab
2163 1906 2318 1985 Ecclesia
2340 1933 2524 1992 aceretur:

1541 1992 1642 2065 Victo
1666 1994 1825 2067 Maximo
1848 2023 1928 2070 cum
1951 2002 2151 2078 Mediolani
2175 2028 2262 2084 esset
2284 2012 2526 2106 Theodosius,

1539 2117 1602 2184 per
1616 2096 1824 2167 seditionem
1840 2103 2083 2179 multitudinis
2098 2109 2137 2179 in
2160 2104 2250 2183 urhe
2266 2112 2526 2203 Thessalonica

1537 2194 1715 2267 interfecti
1730 2213 1813 2270 sunt
1828 2196 1869 2270 U
1868 2196 2010 2273 derisas
2024 2206 2223 2282 Praefectus
2238 2220 2392 2289 etmulti
2409 2223 2524 2293 nobi·

1538 2295 1589 2365 les
1606 2298 1686 2367 viri.
1740 2297 1859 2376 lratus.
1867 2302 1976 2392 igitur
1990 2307 2179 2399 imperator
2194 2338 2235 2384 eo
2261 2314 2422 2390 cohortes
2445 2324 2523 2390 ali-

1535 2410 1625 2489 quot
1638 2399 1750 2485 misit,
1773 2426 1863 2494 quae
1877 2417 2010 2496 septem
2025 2409 2137 2481 millia
2157 2408 2343 2487 hominum
2366 2420 2524 2492 interfe-

1538 2511 1673 2573 cerunt.
1737 2497 1948 2576 Ambrosius
1979 2506 2145 2581 iniustam
2175 2519 2413 2589 crudelitatem
2440 2544 2526 2590 esse

1537 2600 1708 2684 sentiens,
1734 2605 1830 2693 quod
1851 2629 1924 2675 non
1942 2607 2122 2702 inquisitis
2139 2617 2298 2688 sontibus
2312 2620 2524 2708 promiscua

1537 2701 1640 2768 caede
1670 2703 1840 2773 saevitum
1875 2721 1963 2779 esset
1998 2710 2036 2779 in
2063 2715 2203 2785 turbam
2230 2716 2459 2791 innocentem
2483 2736 2521 2792 et

1537 2814 1674 2886 sontes,
1707 2804 1807 2873 iubet
1838 2802 2082 2882 Theodosium
2116 2838 2303 2908 agnoscere
2335 2820 2519 2895 delictum.

1536 2894 1615 2971 Etsi
1644 2914 1759 2972 autem
1788 2908 1955 2979 severitas
1977 2908 2158 2983 Ambrosii
2191 2917 2250 3008 pia
2262 2909 2361 2990 ‘'fuit:
2395 2934 2516 2991 tamen

1536 3024 1638 3072 causa
1653 3004 1892 3079 consideretur
1908 3010 2161 3101 indignationis
2177 3013 2386 3093 Theodosii.
2427 3020 2513 3091 Non

1534 3101 1604 3172 fuit
1618 3126 1720 3174 causa
1735 3108 1867 3178 eversio
1882 3123 2012 3182 statuae
2028 3113 2250 3206 imperatoris
2265 3134 2327 3190 aut
2341 3120 2516 3211 coniugis,

1535 3216 1596 3272 aut
1621 3206 1815 3293 petulantia
1843 3213 2099 3301 convitiorum,
2140 3231 2181 3289 ut
2210 3221 2323 3311 aliqui
2354 3238 2517 3298 narrant.

1535 3300 1638 3373 Talia
1652 3321 1768 3378 errata
1778 3312 1939 3389 atrociter
1954 3315 2082 3405 punire
2097 3321 2323 3413 tyrannicum
2339 3335 2403 3393 est.
2441 3322 2514 3396 Nec

1532 3403 1572 3486 id
1600 3408 1715 3478 solum
1739 3412 1853 3482 movit
1875 3408 2138 3504 Theodosium,
2171 3424 2268 3514 quod
2291 3420 2514 3496 Praefectum

1531 3518 1569 3575 et
1581 3509 1712 3578 multos
1726 3511 1820 3581 viros
1837 3515 1974 3585 nobiles
1987 3519 2177 3590 multitudo
2203 3523 2333 3592 iniuste
2354 3527 2516 3597 trucida·

1532 3621 1648 3694 verat,
1675 3611 1738 3682 etsi
1753 3607 1811 3681 hic
1824 3615 1929 3684 dolor
1942 3641 2084 3690 movere
2103 3622 2301 3712 principem
2314 3649 2399 3695 >non
2422 3628 2515 3697 levi-

1530 3719 1586 3776 ter
1606 3710 1728 3782 debet:
1766 3715 1826 3780 sed
1848 3715 1918 3782 alia
1940 3718 2009 3788 fuit
2033 3720 2070 3789 in
2094 3722 2253 3815 principe
2275 3739 2370 3796 casto
2395 3728 2518 3799 maior

494 3882 497 3887 .
600 3820 749 3891 Invenio
783 3836 819 3891 et
855 3835 940 3892 tunc
972 3815 1169 3887 Saronicus
1198 3831 1236 3887 et
1264 3815 1479 3906 Turiogicos
1528 3829 1634 3878 “⁰⁸³
1659 3812 1840 3882 d⁰l⁰ffl¹¹¹²
1880 3812 2063 3908 Rflplfflffll
2084 3817 2252 3916 Auriga,
2294 3827 2518 3915 gubernator

361 4557 365 4564 ’
494 4559 702 4649 parentibus
731 4557 770 4625 in
794 4550 990 4649 Hispania,
1026 4562 1121 4620 recte
1146 4551 1271 4622 didicit
1296 4547 1474 4625 Ecclesiae

497 3925 667 3994 exercitus
697 3921 886 3991 collocatos
912 3940 985 3988 esse
1015 3919 1060 3986 ad
1089 3918 1330 3987 defensionem
1354 3917 1477 3989 limitis
1530 3908 1696 3980 ludorum
1718 3910 1954 4000 Cirtensium,
1989 3923 2246 3995 adolescentem
2272 3929 2317 3996 ad
2336 3941 2510 4016 stuprum.

449 4074 461 4095 κ
496 4025 637 4118 imperii
660 4036 782 4093 contra
804 4021 1000 4105 Sarmatas,
1033 4018 1111 4124 sive
1134 4020 1178 4090 ad
1204 4016 1374 4087 Viadrum
1403 4018 1477 4088 sive
1530 4005 1636 4079 Hunc
1649 4008 1820 4132 plurigam
1836 4014 2035 4090 Praefectus
2058 4023 2125 4141 vir·
2134 4019 2301 4142 honestus
2315 4025 2511 4139 inpluserat

495 4126 540 4194 ad
560 4124 746 4195 Vistulam.
1527 4131 1670 4184 carceri.
1723 4113 1817 4202 Quia
1834 4141 1917 4187 vero
1940 4122 2093 4212 populus
2114 4127 2285 4196 rndustrra
2303 4119 2408 4194 husus
2423 4123 2514 4198 Au..

562 4237 564 4241 ¹
596 4253 768 4325 Recitatis
789 4248 893 4320 bellis
915 4244 1130 4336 Theodosii,
1161 4272 1255 4343 quae
1274 4264 1310 4320 et
1333 4251 1422 4323 iusta
1442 4265 1476 4323 et
1529 4211 1624 4299 ‘ign
1642 4213 1902 4302 d²¹⁰⁰l³h³l¹¹lr
1928 4223 2040 4318 P⁰⁸⁰ll
2062 4238 2103 4293 ut
2126 4224 2315 4316 ἰΙῐ10111ῑῖῑὶῑὸ
2338 4225 2513 4346 9ἷωὶῑῆ-

494 4354 673 4429 Ecclesiae
705 4351 897 4422 necessaria
927 4350 1091 4433 fuerunt,
1130 4352 1201 4419 vita
1223 4353 1412 4421 domestica
1442 4367 1476 4425 et
1529 4323 1598 4427 ¹3¹²·
1649 4311 1756 4402 0⁰⁰⁶
1779 4339 1858 4387 ‘⁰¹¹¹
1881 4320 2300 4411 d‘nlssafelpfflfm‘s
2326 4348 2389 4415 1³01
2409 4329 2514 4399 fed!-

495 4471 567 4529 acta
585 4459 623 4527 in
640 4480 724 4549 pace
739 4453 1019 4525 considerentur.
1069 4447 1181 4523 Natus
1205 4474 1245 4519 ex
1261 4446 1473 4524 Christianis
1526 4423 1663 4484 ²¹⁰⁰⁸¹¹¹
1674 4440 1810 4494 ⁰⁰⁰¹⁸¹¹⁸
1821 4432 1886 4496 ⁰⁸⁸·

1629 4561 1715 4633 Tria
1728 4563 1836 4652 igitur
1851 4588 1976 4656 magna
1992 4572 2117 4657 scelera
2131 4586 2366 4644 concurrunt:
2394 4571 2515 4663 Quod

493 4660 712 4742 doctrinam,
737 4670 773 4726 et
793 4653 974 4744 amplexus
997 4663 1048 4721 est
1069 4648 1272 4747 symbolum
1288 4649 1473 4742 Nicenom,
1523 4661 1720 4736 noluerunt
1752 4667 1873 4754 puniri
1900 4682 2038 4742 tantum
2062 4673 2171 4744 scelus
2190 4674 2363 4765 Aurigae:
2404 4681 2513 4768 quod

494 4770 527 4828 et
548 4758 683 4827 nullius
700 4752 883 4826 haereseos
895 4752 1061 4840 contagio
1085 4754 1235 4823 infectus
1252 4752 1338 4827 fuit:
1376 4751 1473 4824 Con·
1521 4763 1735 4834 seditionem
1757 4766 1796 4833 in
1816 4791 1918 4838 causa
1939 4771 2139 4864 turpissima
2161 4789 2365 4847 moverunt:
2405 4779 2510 4868 quod

490 4857 611 4945 iugem
640 4852 768 4924 habuit
795 4853 952 4943 priorem
975 4847 1199 4935 Flaccillam,
1238 4875 1280 4920 ex
1308 4875 1376 4944 qua
1397 4854 1471 4926 nati
1524 4860 1742 4936 Praefectum
1775 4880 1809 4937 et
1839 4869 1929 4940 alios
1948 4873 2042 4943 viros
2064 4875 2206 4945 nobiles
2226 4878 2511 4953 trucidaverunt.

492 4970 576 5027 sunt
597 4947 783 5024 Arcadius
811 4966 847 5022 et
877 4949 1079 5022 Honorius.
1142 4950 1260 5050 Huius
1289 4965 1471 5025 matronae
1523 4960 1672 5058 Propter
1693 4961 1756 5036 has
1779 4979 1892 5041 tantas
1913 4996 2034 5044 causas
2048 4998 2130 5045 cum
2147 4977 2310 5069 princeps
2326 4977 2422 5048 iusto
2438 4977 2514 5047 dos

491 5056 648 5141 castitas,
671 5057 781 5147 pietas
795 5069 832 5126 et
845 5053 1074 5128 beneficentia
1088 5076 1168 5144 erga
1184 5075 1355 5146 pauperes
1367 5055 1471 5127 valde
1523 5062 1598 5133 lore
1622 5069 1810 5154 exarserit,
1850 5095 1925 5143 non
1949 5076 2166 5148 existimetur
2187 5077 2375 5170 deliquisse
2404 5102 2514 5150 more

491 5156 724 5251 praedicatur.
753 5154 830 5227 Hac
844 5171 984 5227 mortua
999 5156 1099 5228 duxit
1112 5157 1220 5226 liliam
1229 5154 1470 5228 Valentiniani
1522 5175 1774 5258 tyrannorum,
1800 5173 1865 5263 qui
1879 5187 2024 5263 propter
2046 5179 2163 5249 nullas
2183 5193 2243 5248 aut
2263 5180 2357 5248 leves
2381 5201 2514 5251 causas

491 5257 598 5352 primi
614 5250 792 5336 Gallam,
818 5281 861 5327 ex
879 5281 951 5349 qua
975 5271 1056 5325 nata
1077 5271 1128 5328 est
1143 5251 1319 5327 Placidia
1336 5251 1469 5341 Galla,
1520 5286 1684 5354 magnam
1697 5270 1884 5339 saeviciam
1896 5291 2079 5362 exercent,
2106 5279 2169 5350 etsi
2182 5279 2327 5350 excessit
2342 5280 2515 5365 modum,

491 5384 580 5455 quae
604 5361 724 5451 postea
748 5357 870 5447 nupsit
886 5356 1111 5430 Constantio.
1165 5353 1389 5445 Baptismum
1411 5383 1470 5430 ac·
1522 5367 1582 5434 s‘ed
1607 5368 1645 5437 in
1668 5371 1805 5460 magnis
1824 5368 1912 5438 viris
1933 5371 2091 5446 Nemesis
2121 5379 2222 5449 valde
2246 5380 2514 5452 inflammatur.

490 5475 655 5556 cepturus
683 5452 973 5540 Thessalonicae,
1021 5456 1085 5526 uhi
1119 5469 1357 5544 aegrotaverat
1391 5474 1470 5551 post
1519 5461 1624 5537 Hanc
1639 5471 1897 5542 excusationem
1910 5466 2117 5547 Theodosii
2129 5480 2271 5567 addidi,
2296 5481 2381 5574 quia
2398 5482 2514 5554 multi

489 5564 622 5653 praelia
644 5558 804 5645 Gottica,
839 5552 1072 5642 interrogavit
1091 5553 1309 5648 Episcopum
1336 5562 1380 5630 de
1403 5562 1469 5634 do-
1522 5567 1567 5639 de
1581 5591 1684 5642 causa
1699 5581 1827 5660 emant.
