6025 6775
631 748 704 822 407
1306 661 1312 684 ι
1348 848 1350 851 y
1394 730 1897 829 Pnoeostrtottas.
2155 723 2159 734 ‘
2571 742 2650 819 toa

638 944 720 992 nem
745 925 884 1002 accepto
908 907 1047 997 Spiritu
1069 916 1208 986 sancto,
1242 906 1447 994 et'persona
1470 905 1543 975 iam
1567 917 1619 975 est
1669 904 1736 988 tia,
1760 901 1890 975 Roma.
1901 901 1940 972 6.
1961 905 2207 995 complectitur
2230 903 2327 979 haud
2349 912 2455 981 dubie
2468 915 2649 984 remissio-

638 1015 859 1094 reconciliata
884 1009 980 1091 Deo,
1016 1018 1069 1073 εει
1090 1004 1130 1071 in
1151 1003 1279 1093 gratia,
1315 1005 1445 1085 idest,
1479 1018 1620 1096 accepta
1670 1028 1752 1073 nem
1767 1016 1988 1094 peccatorum
2003 1017 2037 1074 et
2051 1008 2327 1097 acceptationem
2350 1011 2459 1081 totins
2479 1036 2652 1102 personae

639 1123 715 1192 Deo
740 1117 783 1185 ad
806 1112 914 1181 vitam
930 1120 1108 1176 aeternam
1125 1117 1269 1196 propter
1282 1106 1417 1189 filium,
1444 1117 1479 1174 et
1495 1100 1620 1174 haeres
1670 1117 1815 1195 propter
1844 1104 2128 1195 propiciatorem.
2179 1102 2244 1178 Est
2274 1110 2370 1177 enim
2402 1112 2652 1183 umbraculum

638 1222 732 1289 vitae
767 1226 936 1283 aeternae.
988 1203 1083 1274 Haec
1118 1206 1238 1274 omnia
1270 1206 1454 1294 coniungit
1475 1204 1621 1290 Paulus,
1670 1205 1764 1273 filius
1784 1200 1872 1284 Dei,
1896 1227 1972 1274 non
1992 1206 2106 1274 solum
2130 1219 2172 1276 ut
2195 1222 2340 1297 propter
2364 1233 2446 1282 eum
2470 1212 2573 1281 detur
2594 1237 2651 1282 re-

645 1324 793 1411 loquens
809 1314 853 1378 de
868 1305 1074 1377 remissione
1091 1320 1325 1397 peccatorum.
1375 1304 1449 1375 Nec
1469 1306 1622 1376 dicimus
1670 1304 1810 1389 missio,
1834 1305 1897 1374 sed
1920 1319 1961 1376 ut
1981 1318 2053 1375 tota
2075 1328 2223 1395 persona
2245 1320 2392 1399 propter
2412 1333 2493 1379 eum
2513 1328 2653 1404 accepta

640 1420 724 1489 haec
753 1412 868 1504 ociosa
900 1406 1138 1499 speculatione
1168 1407 1263 1491 fieri,
1303 1429 1368 1475 nec
1400 1407 1622 1476 securitatem
1672 1405 1738 1490 sit,
1763 1417 1853 1476 tecta
1876 1406 2110 1496 imputatione
2131 1406 2288 1477 iusticiae
2308 1408 2439 1498 ipsius,
2465 1423 2507 1478 ut
2530 1427 2651 1502 postea

641 1505 888 1586 confirmamus
910 1510 949 1576 in
964 1509 1039 1591 his,
1065 1507 1213 1598 quinon
1229 1520 1339 1601 agunt
1355 1507 1624 1597 poenitentiam,
1671 1506 1842 1578 dicemus.
1868 1503 1954 1575 ldeo
1971 1520 2005 1577 et
2019 1504 2125 1578 Rom.
2139 1503 2176 1578 5.
2190 1508 2335 1578 dicitur:
2361 1506 2431 1578 Per
2447 1508 2548 1581 illius
2564 1515 2653 1583 obe-

642 1619 699 1685 sed
722 1613 829 1683 simul
856 1609 1056 1679 doctrinam
1082 1609 1125 1674 de
1148 1608 1365 1695 poenitentia
1389 1629 1451 1675 seu
1474 1630 1623 1676 conver·
1674 1606 1842 1677 dientiam
1858 1606 1942 1677 iusti
1957 1607 2214 1678 constituentur
2228 1608 2343 1678 multi.

642 1721 741 1785 sione
757 1728 851 1782 recte
866 1709 1121 1800 proponimus,
1145 1719 1180 1775 et
1206 1708 1375 1791 dicimus,
1400 1720 1565 1797 oportere
1585 1709 1625 1775 in
1774 1704 1926 1777 xxxtl.
1960 1704 2063 1777 Nihil
2088 1710 2326 1797 ambiguitatis
2348 1709 2454 1778 estin
2471 1713 2657 1782 vocabulis

643 1816 849 1886 hominibus
865 1834 965 1879 veros
985 1829 1129 1899 pavores
1145 1829 1238 1889 esse,
1264 1807 1353 1876 sicut
1371 1808 1623 1897 scriptumest:
1673 1805 1890 1876 remissionis
1904 1822 2126 1898 peccatorum
2142 1825 2176 1879 ει
2190 1809 2506 1894 reconciliationis,
2532 1814 2593 1879 sed
2609 1814 2658 1880 de

535 1957 538 1962 -
643 1920 702 1987 Ad
717 1937 821 2006 quem
836 1911 1041 2001 respiciam,
1066 1909 1109 1975 ad
1129 1908 1321 1976 contritum
1338 1908 1478 1997 spiritu,
1503 1922 1538 1979 ει
1553 1921 1624 1978 tre·
1672 1904 1845 1974 vocabulo
1872 1908 2030 1977 iusticiae
2052 1922 2087 1979 ει
2103 1909 2360 1979 iustificationis
2375 1925 2564 1981 moventur
2577 1935 2655 1980 cer—

648 2030 799 2083 ruentem
815 2033 993 2081 sermones
1009 2030 1114 2079 meos.
1166 2003 1214 2077 Et
1230 2009 1395 2077 addimus
1411 2009 1625 2079 consolatio·
1673 2006 1817 2076 tamina.
1870 2004 1945 2095 Qui
1959 2008 2010 2077 sic
2033 2009 2249 2101 loquuntur,
2277 2010 2459 2080 lustihcari
2481 2011 2657 2100 significat

647 2140 725 2184 nem
748 2115 785 2181 in
811 2134 895 2179 voce
911 2107 1097 2196 Evangelii
1113 2109 1346 2198 propositam,
1372 2133 1442 2198 qua
1458 2131 1539 2179 cum
1555 2110 1627 2177 eri·
1675 2129 1716 2174 ex
1736 2106 2024 2178 iniusto-iustum
2052 2109 2149 2192 lieri,
2172 2110 2208 2177 id
2233 2122 2300 2193 est,
2333 2134 2375 2179 ειι
2396 2134 2469 2179 non
2499 2105 2655 2183 habente

645 2229 775 2304 guntur
793 2212 898 2279 corda
912 2211 990 2291 fide,
1016 2231 1096 2275 vere
1112 2223 1362 2295 regenerantur
1380 2204 1563 2294 homines,
1590 2221 1626 2278 et
1677 2206 1912 2274 obedientiam
1940 2208 2044 2295 legis,
2083 2210 2160 2277 lieri
2189 2205 2378 2281 habentem
2406 2211 2657 2293 obedientiam,

646 2321 736 2384 liunt
749 2310 969 2382 domicilium
986 2307 1142 2397 Spiritus
1155 2308 1277 2390 sancti,
1294 2309 1389 2376 iuxta
1407 2308 1541 2378 dictum
1552 2307 1628 2377 Ga·
1678 2318 1714 2375 ει
1728 2329 1801 2374 non
1817 2306 1923 2375 simul
1936 2310 2217 2398 complectuntur
2238 2310 2477 2379 remissionem
2494 2326 2655 2401 peccato·

648 2417 774 2486 lat.4.:
810 2409 911 2478 Misit
926 2408 1019 2477 Deus
1035 2407 1209 2496 Spiritum
1226 2408 1290 2473 lilii
1316 2408 1370 2475 sui
1387 2408 1425 2473 in
1441 2412 1547 2476 corda
1560 2432 1629 2477 no·
1677 2430 1757 2474 rum
1782 2418 1815 2474 et
1837 2408 2177 2491 reconciliationem,
2209 2410 2246 2478 id
2269 2425 2340 2492 est,
2376 2412 2656 2500 acceptationem

649 2532 737 2598 stra,
762 2512 985 2580 clamantem:
1013 2504 1241 2596 Abbapater.
1293 2503 1340 2576 Et
1356 2506 1460 2575 simul
1477 2522 1576 2597 pater
1593 2519 1628 2576 ει
1677 2527 1869 2595 personae,
1908 2530 1984 2575 non
2012 2521 2102 2577 recte
2129 2512 2335 2600 loquuntur.
2388 2507 2484 2598 Quia
2504 2513 2656 2580 certissi-

648 2618 741 2683 lrlius
764 2612 899 2701 spirant
923 2607 1095 2696 Spiritum
1116 2618 1276 2675 sanctum
1297 2607 1336 2674 in
1365 2608 1470 2676 corda
1493 2621 1629 2693 nostra,
1676 2629 1775 2673 mum
1793 2620 1856 2689 εει,
1878 2604 2029 2677 Paulum
2048 2608 2384 2698 nonloqnitantum
2400 2613 2656 2681 demutatione

650 2721 745 2782 irrata
763 2715 915 2791 dictum,
941 2702 1064 2775 lohan.
1084 2707 1157 2776 14.:
1189 2705 1381 2776 Veniemus
1405 2708 1449 2775 ad
1468 2730 1567 2793 eum,
1593 2724 1628 2780 et
1677 2706 1887 2796 qualitatum
1905 2707 2076 2797 innubis,
2103 2730 2184 2776 cum
2198 2709 2311 2800 inquit
2325 2708 2518 2782 Roma.3.:
2546 2711 2654 2780 lusti·

651 2813 870 2881 mansionem
886 2808 977 2897 apud
997 2830 1076 2876 eum
1099 2807 1267 2876 faciemus
1285 2822 1349 2877 etc.
1676 2805 1821 2874 ficamur
1835 2808 1943 2893 gratis
1958 2808 2068 2897 ipsius
2081 2808 2193 2894 gratia
2208 2831 2270 2899 per
2284 2811 2547 2893 redemtionem,
2564 2835 2657 2902 quae

750 2909 864 2981 XXX.
898 2907 1109 2998 Quanquam
1134 2922 1251 2975 autem
1277 2907 1392 2975 renati
1413 2909 1628 2977 suntdomi-
1677 2918 1729 2975 εει
1747 2906 1786 2973 in
1802 2902 1943 2976 Christo
1960 2905 2059 2991 lesu,
2082 2931 2188 2999 quem
2212 2910 2392 2998 proposuit
2413 2909 2508 2980 Deus
2529 2913 2656 3001 propi-

651 3015 769 3080 cilium
786 3007 875 3091 Dei,
905 3019 1023 3075 tamen
1048 3029 1183 3096 semper
1200 3007 1239 3074 in
1253 3003 1318 3076 hac
1335 3008 1405 3076 vita
1421 3009 1564 3077 mortali
1589 3010 1628 3077 in
1677 3006 1841 3075 tiatorem
1862 3030 1925 3096 per
1946 3008 2057 3084 fidem
2072 3008 2111 3074 in
2141 3008 2313 3095 sanguine
2342 3009 2425 3078 eins.
2473 3009 2544 3079 Hic
2571 3034 2655 3080 cum

651 3111 873 3190 bominibus,
899 3120 1047 3180 manent
1060 3107 1276 3202 tristissimae
1298 3106 1468 3199 reliquiae
1483 3111 1628 3199 pcccati,
1676 3104 1807 3175 Paulus
1830 3129 1915 3175 usus
1937 3109 1982 3177 sit
1999 3110 2107 3176 verbo
2125 3107 2378 3191 lustificamur,
2402 3122 2436 3177 et
2451 3110 2561 3189 dicat,
2586 3134 2656 3179 nos

651 3211 834 3299 rrrultiplex
850 3208 981 3294 caligo,
1010 3220 1044 3275 et
1060 3207 1256 3288 dubitatio,
1281 3207 1432 3275 carnalis
1448 3210 1628 3296 securitas,
1676 3206 1859 3275 iustificari
1877 3208 1944 3275 lide
1961 3230 2023 3300 per
2037 3210 2243 3297 sanguinem
2257 3204 2410 3294 Christi,
2435 3222 2529 3279 certe
2548 3210 2655 3279 intel-

650 3310 838 3379 admiratio
856 3308 921 3389 sui,
946 3307 1057 3395 frigus
1072 3306 1111 3372 in
1129 3307 1316 3375 dilectione
1331 3304 1409 3392 Dei,
1433 3323 1467 3378 et
1482 3333 1629 3400 magnae
1678 3305 1756 3394 ligit
1778 3307 1887 3376 simul
1908 3309 2151 3378 remissionem
2175 3321 2417 3399 peccatorum,
2438 3333 2504 3402 pro
2526 3311 2655 3402 quibus

651 3404 772 3480 sordes
795 3408 1024 3498 cupiditatum
1050 3408 1261 3490 errantium,
1302 3422 1336 3477 et
1364 3409 1571 3481 omissiones
1595 3427 1630 3484 et
1677 3409 1820 3496 sanguis
1836 3409 1988 3478 offensus
2004 3423 2069 3495 est,
2092 3424 2126 3480 et
2142 3411 2475 3495 reconciliationem,
2490 3435 2569 3481 cum
2586 3435 2655 3504 qua

654 3525 779 3580 errata.
833 3508 915 3577 ldeo
944 3529 1079 3621 spmper
1100 3507 1261 3595 indigent
1277 3507 1397 3577 Sancti
1423 3513 1629 3582 remissione
1678 3532 1800 3579 verum
1815 3522 1867 3579 εει
1882 3512 2103 3580 coniunctam
2120 3512 2156 3578 in
2174 3511 2278 3580 nobis
2293 3533 2365 3579 esse
2379 3512 2656 3593 renovationem,

652 3623 885 3702 peccatorum,
910 3609 998 3676 sicut
1016 3608 1052 3674 in
1067 3605 1215 3675 Psalmis
1231 3608 1371 3688 dicitur,
1393 3608 1534 3681 Psalmo
1551 3613 1628 3686 32:
1678 3632 1784 3699 quarn
1809 3609 1915 3680 efficit
1936 3606 1994 3678 hic
2021 3612 2096 3699 ipse
2118 3607 2299 3692 Christus,
2339 3609 2436 3680 Deus
2469 3623 2502 3681 et
2530 3606 2654 3688 homo,

651 3714 721 3780 Pro
737 3708 802 3780 hac
816 3709 932 3778 orabit
947 3710 990 3777 ad
1005 3722 1038 3778 te
1055 3705 1340 3790 omnisSanctus.
1395 3706 1482 3778 ltem
1497 3711 1628 3784 Psalm.
1678 3710 1766 3775 dans
1780 3707 1951 3795 Spiritum
1967 3722 2122 3776 sanctum
2137 3709 2176 3774 in
2193 3713 2299 3776 corda
2321 3725 2453 3784 nostra.
2505 3711 2576 3782 Sed
2601 3726 2655 3779 ta-

655 3813 755 3882 143.:
792 3810 872 3878 Non
896 3807 1141 3878 iustificabitur
1159 3807 1196 3872 in
1218 3821 1404 3897 conspectu
1426 3823 1488 3879 tuo
1514 3813 1629 3881 omnis
1677 3828 1759 3873 men
1787 3804 1944 3895 primum
1973 3801 2060 3875 haec
2089 3808 2282 3875 consolatio
2316 3810 2516 3897 quaeritur,
2557 3813 2658 3881 unde

656 3915 787 3980 vivens.
841 3909 925 3976 ltem
944 3908 1073 3979 tota:
1108 3906 1189 3975 Non
1213 3908 1421 3978 iustihcatur
1446 3905 1631 3982 homoco·
1679 3899 1928 3996 certohabeas
1950 3906 2192 3975 remissionem
2214 3919 2442 3998 peccatorum.
2494 3904 2660 3979 Omitta-

657 4035 730 4076 ram
747 4009 822 4077 Deo
839 4023 901 4075 etc.
953 4009 1098 4097 Semper
1114 4008 1221 4095 igitur
1236 4009 1320 4077 fides
1340 4010 1489 4101 accipiat
1505 4014 1631 4081 remis-
1680 4029 1758 4075 mus
1773 4007 1976 4095 praestigias
1989 4000 2253 4096 sophismatum,
2269 4021 2302 4076 et
2315 4020 2515 4077 reverenter
2530 4022 2657 4079 tenea·

657 4112 791 4178 sionem
814 4121 955 4197 propter
985 4109 1234 4192 mediatorem,
1267 4111 1464 4202 etquidem
1488 4127 1632 4203 propter
1679 4129 1759 4175 mus
1775 4103 1843 4175 hoc
1859 4109 2038 4176 decretum
2054 4106 2235 4189 divinum,
2259 4102 2370 4175 hioin
2383 4106 2496 4177 Panlo
2514 4131 2657 4199 expres-

655 4212 819 4281 meritum
844 4208 930 4279 eius.
979 4206 1076 4276 Haec
1100 4210 1147 4278 ita
1169 4209 1352 4280 manifesta
1378 4226 1477 4295 sunt,
1503 4227 1631 4283 utnon
1680 4228 1777 4289 111111,
1802 4206 1992 4276 11811ιὶ1111)
2018 4184 2094 4296 ihm
2118 4207 2346 4278 declaratum·
2387 4205 2477 4277 Nam
2494 4203 2564 4278 hoc
2577 4211 2656 4278 vult

654 4315 826 4391 notarem,
850 4331 971 4375 omnes
986 4311 1166 4376 veritatem
1185 4324 1219 4380 et
1233 4313 1508 4382 consolationem
1523 4339 1633 4408 quae·
1679 4303 1829 4386 Paulus,
1854 4320 1999 4396 propter
2020 4307 2131 4375 alium
2146 4302 2308 4377 homines
2330 4304 2460 4378 habere
2476 4310 2656 4379 remissio·

656 4429 773 4484 rentes
787 4408 958 4478 assentiri.
1680 4430 1774 4492 nem,
1798 4419 1917 4497 postea
1932 4432 2016 4477 vero
2029 4431 2095 4475 nos
2109 4430 2182 4477 esse
2196 4409 2306 4478 iustos
2319 4421 2464 4500 propter
2478 4410 2654 4499 propicia-

638 4530 643 4535 ·
756 4507 888 4582 XXXI.
913 4505 1003 4577 Cum
1019 4505 1142 4575 Petrus
1165 4506 1201 4572 in
1220 4503 1319 4575 Actis
1341 4508 1437 4593 dicit,
1462 4536 1536 4602 cap.
1557 4517 1631 4586 10‚:
1680 4520 1793 4578 torem
1807 4508 1919 4576 filium
1937 4507 2002 4578 Dei
2018 4505 2213 4577 Dominum
2238 4522 2400 4579 nostrum
2417 4507 2531 4580 lesum
2546 4506 2656 4581 Chri-

656 4613 747 4681 Hnic
762 4602 1087 4697 omnesProphetae
1101 4605 1339 4675 testimonium
1355 4605 1553 4698 perhibent,
1575 4640 1632 4684 re·
1680 4620 1794 4687 stum,
1820 4608 1937 4677 Deum
1954 4624 1987 4679 et
2005 4633 2122 4676 semen
2145 4609 2314 4683 mulieris.

657 4713 858 4779 missionem
881 4722 1101 4798 peecatorum
1125 4704 1280 4789 accipere
1313 4729 1375 4790 per
1402 4733 1533 4779 nomen
1558 4717 1632 4784 eius
1782 4706 1952 4777 XXXlll.
1978 4704 2656 4799 Usitataphrasisestlohau.14.et11.t

657 4810 854 4898 omnesqui
870 4810 1017 4877 credunt
1033 4808 1069 4873 in
1086 4829 1182 4873 earm:
1210 4801 1292 4870 Non
1313 4800 1380 4874 hoc
1397 4809 1488 4893 vult,
1516 4809 1633 4883 homi·
1680 4800 1756 4893 Ego
1771 4829 1848 4876 sum
1866 4807 1958 4893 Vita,
1978 4809 2054 4892 Via,
2071 4808 2221 4893 Veritas,
2235 4808 2473 4894 Resurrectio,
2485 4823 2519 4880 et
2533 4823 2654 4880 tamen

659 4934 721 4979 nes
737 4922 872 4978 tantum
888 4903 1016 4976 habere
1038 4904 1279 4973 remissionem
1300 4919 1540 4995 peccatorum,
1568 4941 1631 5004 po.
1680 4907 1831 4976 discerni
1856 4923 1995 4999 oportet
2016 4910 2124 4977 vitam
2154 4911 2371 4980 essentialem
2402 4910 2442 4979 in
2464 4905 2608 4982 Christo
2635 4934 2656 4976 a

655 5024 725 5079 stea
741 5009 891 5099 propriis
908 5007 1097 5077 virtutibus
1113 5005 1221 5076 iustos
1236 5028 1327 5085 esse,
1354 5008 1414 5075 sed
1431 5033 1501 5078 nna
1519 5016 1631 5087 forma
1680 5008 1751 5078 vita
1769 5024 1881 5080 creata
1900 5009 1938 5077 in
1954 5007 2093 5076 renatis.
2145 5007 2255 5080 Recte
2271 5010 2380 5098 igitur
2396 5013 2535 5093 dicitur,
2560 5006 2656 5077 hanc

659 5111 826 5199 loquendi
855 5109 1099 5196 complectitur
1125 5108 1367 5178 remissionem
1401 5128 1632 5204 peccatorum,
1680 5105 1823 5198 phrasin
1848 5107 2001 5178 effective
2025 5107 2192 5196 intelligi:
2219 5107 2297 5198 Ego
2321 5136 2400 5180 sum
2418 5113 2507 5191 vita,
2537 5108 2574 5174 ld
2589 5123 2657 5191 est,

606 5298 608 5304 Ι
657 5212 692 5276 id
711 5221 772 5290 est,
787 5209 869 5274 mali
890 5204 1064 5280 haerentis
1081 5209 1118 5276 in
1134 5224 1272 5293 natura,
1286 5211 1503 5282 etmalorum
1522 5220 1631 5288 actio.
1679 5212 1833 5279 efficiens
1853 5211 1973 5281 vitam.
2023 5205 2110 5291 Via,
2147 5210 2182 5278 id
2208 5223 2274 5295 est,
2308 5213 2438 5281 ducens
2460 5222 2493 5276 et
2515 5227 2657 5294 regens.

656 5332 742 5378 num
759 5306 1036 5395 praeteritarum,
1064 5322 1097 5377 et
1115 5333 1284 5398 personae
1298 5313 1404 5380 totius
1422 5320 1631 5404 acceptatio·
1680 5308 1834 5397 ν11111111,
1861 5308 1897 5374 fd
1921 5321 1991 5391 ²⁸¹,
2017 5309 2171 5378 effidflssss
2191 5334 2352 5394 11111111,
2383 5311 2656 5380 111111θῦ300θῦ-

657 5434 755 5488 nem,
783 5428 861 5471 cum
883 5426 950 5492 qna
973 5428 1109 5497 semper
1129 5408 1167 5478 fit
1181 5410 1323 5475 donatio
1338 5409 1491 5500 Spiritus
1505 5421 1629 5501 sancti,
1678 5408 1815 5476 (11111111
1832 5421 1949 5477 11111111
1969 5422 2002 5477 el
2019 5411 2143 5494 ⁰01'd02
2169 5409 2456 5502 (11018101111111
2477 5421 2513 5480 θῑ
2526 5406 2657 5496 diligi·

655 5527 689 5582 et
711 5503 863 5577 incoatio
886 5502 1051 5571 novitatis
1079 5507 1118 5572 in
1142 5508 1259 5585 nohis,
1294 5532 1382 5598 quae
1413 5529 1532 5601 postea
1563 5521 1628 5587 crit
1676 5505 1855 5591 turDeus.
1907 5505 2153 5593 Resurrectio,
2179 5512 2216 5582 id
2240 5525 2307 5595 est,
2328 5508 2539 5579 resuscitans
2560 5508 2658 5579 alios

655 5617 787 5699 integra
806 5605 843 5673 in
857 5603 926 5672 vita
941 5614 1094 5671 aeterna.
1147 5605 1205 5673 Sic
1220 5604 1348 5675 Paulus
1363 5608 1532 5703 loquitur,
1547 5643 1626 5687 cum
1674 5607 1736 5697 qui
1750 5610 1975 5681 crediderunt
1988 5607 2193 5699 Evangelio.

654 5713 815 5783 nominat
830 5703 1148 5775 reconciliationem
1165 5702 1270 5777 Rom.
1283 5709 1318 5778 ὁ.
1362 5706 1448 5779 Item
1464 5739 1542 5784 cum
1559 5742 1624 5786 no·
1774 5708 1941 5784 XXXIV.
1984 5709 2038 5781 lta
2062 5724 2270 5783 necesses-at
2291 5710 2447 5781 discerni
2476 5709 2654 5782 iusticiam

651 5817 761 5884 minat
778 5811 940 5901 gratiam:
967 5805 1049 5876 Nou
1064 5806 1146 5877 estis
1170 5808 1236 5879 snb
1259 5806 1352 5898 lege,
1378 5813 1438 5880 sed
1458 5818 1525 5886 sub
1546 5841 1625 5907 gra·
1673 5811 1910 5899 essentialem,
1948 5834 2037 5904 quae
2062 5813 2176 5883 estin
2207 5812 2300 5891 lilio,
2335 5812 2523 5887 ainsticia
2547 5810 2655 5880 nobis
