6025 6775
527 706 625 780 1037
1094 694 1124 770 l.
1164 683 1456 767 CHRONICON
1481 675 1729 757 CARIONIS.
1782 678 1909 755 PARS
1934 680 1981 754 ll.
2443 693 2540 767 1033

526 874 698 947 flammeis
714 868 828 941 oculis
842 865 1040 938 minitantis
1052 863 1133 954 ipsi.
1158 860 1286 932 Subito
1301 858 1411 950 igitur
1423 877 1510 925 con·
1662 844 1827 922 Offendit
1842 862 1958 921 autem
1984 848 2177 925 Gottorum
2190 857 2389 930 voluntates
2404 860 2541 935 duabus

526 987 702 1047 sternutus
719 985 754 1043 et
769 985 922 1041 tremens
936 966 1039 1037 iussit
1053 986 1090 1033 se
1114 963 1154 1030 in
1176 961 1305 1031 lectum
1329 955 1510 1038 collocari,
1561 952 1682 1033 rebus:
1715 951 1938 1024 institutione
1958 952 2041 1041 lilii,
2066 978 2171 1050 quern
2195 956 2313 1030 literas
2338 961 2456 1031 doceri
2476 987 2539 1034 vo-

525 1091 561 1147 et
576 1074 742 1145 accersitu
757 1070 902 1141 Medico
924 1063 985 1135 Et
1007 1059 1085 1133 idio
1108 1062 1268 1131 narravit
1292 1057 1415 1128 amicis
1436 1069 1509 1126 ter·
1558 1051 1648 1136 luit,
1672 1064 1707 1121 et
1723 1051 1879 1137 iusticia,
1905 1077 1973 1147 qua
1989 1053 2169 1126 licentiam
2186 1059 2317 1129 ducum
2334 1074 2367 1131 et
2384 1062 2540 1133 militum

526 1176 669 1246 sibiles„
693 1174 790 1243 illam
814 1088 1018 1263 Symmachi
1038 1164 1187 1256 speciem
1210 1171 1450 1250 conspectam,
1474 1168 1509 1226 et
1558 1145 1784 1237 cohercebat,
1816 1156 1976 1225 necives
1999 1154 2160 1231 initalia
2185 1159 2327 1228 iniuriis
2350 1162 2539 1236 afficerent.

526 1279 566 1345 in
581 1274 824 1366 deploratione
834 1268 972 1337 sceleris
985 1266 1039 1335 sui
1049 1263 1154 1355 paulo
1169 1273 1251 1353 post
1263 1258 1436 1331 extinctus
1445 1269 1507 1329 est.
1556 1250 1721 1323 Permisit
1748 1267 1865 1326 eutem
1893 1268 2023 1341 malet,
2054 1270 2095 1329 ¹11
2119 1258 2194 1328 filf⁰
2224 1273 2296 1331 “⁸⁸
2319 1284 2361 1329 01
2385 1259 2539 1334 G⁰ffi⁶i³

627 1419 821 1510 Gregorius
837 1411 1004 1484 Pontifex
1021 1408 1179 1502 scripsit,
1205 1408 1380 1501 quendam
1397 1408 1436 1475 in
1450 1430 1508 1477 so-
1555 1353 1775 1444 principibm
1806 1356 2092 1447 praefiffl‘mu‘s
2126 1360 2189 1451 ‘1¹¹3
2217 1373 2251 1431 ‘l
2279 1362 2538 1434 adulescentem

525 1520 732 1593 litudinein
751 1515 879 1587 insulis
895 1509 1032 1582 Aeoliis
1053 1510 1230 1579 viventem
1251 1507 1381 1579 vidisse
1403 1508 1509 1578 deiici
1556 1454 1600 1521 ad
1635 1454 1801 1524 ‘mmm
1831 1471 1992 1526 mmm
2025 1462 2300 1545 ³⁸⁵¹¹²f³⁰⁰¹¹⁸¹¹t2
2332 1475 2366 1532 θῑ
2389 1466 2539 1537 c⁰1¹⁸1htt

525 1619 789 1692 Theudoricum
822 1616 861 1683 in
895 1613 1038 1682 illarum
1076 1610 1273 1680 insularum
1313 1609 1509 1699 voragines,

490 1741 502 1772 ³·
526 1746 612 1814 quae
630 1720 779 1792 eiiciunt
795 1715 919 1805 globos
934 1709 1158 1782 flammarum
1173 1709 1265 1779 sicut
1280 1708 1407 1780 Aetna.

1555 1552 1697 1642 publica
1714 1570 1884 1643 regerent.
1910 1554 1959 1625 Hi
1975 1558 2055 1647 plus
2069 1560 2232 1632 licentiae
2246 1563 2285 1630 in
2304 1562 2382 1633 ucio
2399 1578 2435 1636 ct
2450 1566 2538 1635 ado-

1556 1652 1700 1722 lescenti
1716 1665 1751 1722 et
1767 1655 1941 1726 militibus
1957 1659 2206 1747 permiserunt.
2241 1659 2313 1733 Sed
2332 1665 2537 1736 adolescens

1554 1753 1640 1822 dum
1671 1752 1912 1843 vuluptatibus
1937 1758 2117 1849 indulget,
2146 1772 2309 1832 mortuus
2332 1776 2402 1848 est,
2438 1779 2537 1855 pust·

631 1848 765 1921 Extant
786 1844 915 1935 scripta
930 1843 1048 1915 Boecti
1068 1843 1112 1911 de
1135 1838 1333 1932 praecipuis
1349 1837 1507 1931 discipli·
1555 1876 1661 1946 quam
1695 1874 1808 1926 annos
1839 1864 1918 1922 0010
1948 1878 2027 1925 cum
2050 1872 2162 1930 mam
2186 1864 2355 1951 regnavit.
2421 1863 2537 1938 Mage„

524 1954 593 2033 ¹15⁵,
619 1976 660 2021 ex
677 1951 806 2042 quiblls
821 1945 971 2016 iudicari
986 1955 1111 2037 potest,
1126 1941 1234 2010 fuisse
1251 1961 1332 2008 eum
1344 1940 1506 2010 omnium
1557 1952 1686 2022 deinde
1710 1967 1780 2024 tres
1796 1953 1879 2022 illos
1899 1954 2152 2042 gubernatores
2173 1961 2238 2030 lilii
2261 1962 2411 2033 interfici
2435 1989 2537 2037 cura-

521 2050 791 2136 Romanorum,
818 2070 969 2140 quorum
986 2044 1122 2136 reliqua
1138 2053 1221 2110 sunt
1243 2038 1506 2130 scriptaerudt.
1554 2053 1624 2137 vir,
1650 2054 1974 2140 etutsemuniret,
1998 2050 2224 2129 Theodatum
2240 2058 2392 2133 Gustum
2407 2065 2475 2137 sibi
2490 2072 2535 2138 ad

524 2154 713 2225 tissimum·
764 2148 822 2218 Ad
839 2143 907 2214 hoc
923 2147 1028 2215 decus
1041 2141 1181 2213 addidit
1198 2153 1233 2211 ⁸2
1246 2161 1349 2208 verae
1373 2140 1502 2223 d0clri-
1552 2153 1651 2242 regni
1667 2155 1867 2225 societatem
1881 2155 2061 2236 adiunxit,
2087 2170 2224 2228 etcum
2246 2160 2445 2235 Iustiniana
2468 2166 2538 2236 im.

523 2275 591 2321 nae
612 2254 656 2321 de
676 2250 752 2320 Deo
775 2246 1048 2339 profe³⁸i⁰¹¹ems
1073 2255 1107 2312 el
1135 2239 1274 2309 Utiliter
1293 2237 1434 2329 scripsit
1458 2242 1504 2309 de
1553 2268 1715 2343 peratore
1749 2257 1873 2325 foedus
1895 2256 1989 2326 facit.
2049 2255 2222 2329 Praetulit
2244 2273 2365 2333 autem
2392 2268 2535 2337 caeteris

523 2350 730 2421 discrimine
743 2362 889 2418 naturae
903 2358 938 2415 et
952 2363 1132 2434 personae.
1172 2334 1222 2409 Et
1237 2332 1406 2455 hortandi
1421 2353 1504 2410 sunt
1554 2351 1814 2426 Amalogumha
1847 2350 1942 2426 hunc
1966 2351 2212 2444 Theodatum'
2245 2364 2339 2453 quod
2375 2376 2410 2433 ,p
2431 2380 2535 2436 ,mus

524 2450 697 2534 studiosi,
729 2462 771 2519 ut
790 2449 865 2517 cius
888 2445 1000 2512 libros
1030 2442 1160 2529 tegant.
1212 2436 1408 2529 Comugem
1428 2442 1504 2511 eius
1554 2468 1630 2525 crat
1649 2479 1690 2524 ex
1708 2453 1913 2527 Amalsreda
1933 2480 2056 2526 sorore
2079 2453 2317 2546 Theudorici,
2340 2476 2375 2532 et
2398 2481 2535 2537 rexerat
2565 2535 2570 2544 ,

523 2551 629 2620 filiam
639 2542 842 2644 Symmachi
856 2539 1330 2631 scribitProcopiusTotilae
1346 2554 1504 2631 tempure
1550 2555 1777 2641 flamiam,
1801 2571 1834 2628 et
1856 2558 2123 2629 existimabatur
2147 2575 2293 2651 propre,-
2322 2563 2439 2634 studia
2467 2567 2535 2635 do,

522 2652 617 2722 inter
636 2663 791 2720 caeteros
815 2642 996 2714 mendicus
1014 2639 1187 2712 Patricius
1211 2640 1343 2711 victum
1365 2642 1503 2712 mendi·
1552 2657 1764 2741 ctrinarum,
1804 2659 1886 2750 quia
1912 2656 2116 2728 Platonicus
2150 2655 2274 2730 haberi
2299 2662 2433 2748 voluit,
2459 2664 2534 2737 fure

521 2753 635 2821 cando
653 2748 842 2836 collegisse·
893 2741 1001 2812 Hunc
1016 2755 1133 2813 aulem
1148 2736 1501 2834 Symmachufflffifi·
1551 2756 1693 2827 iustior:
1720 2758 1781 2826 sed
1802 2758 1994 2847 longeeam
2010 2758 2134 2830 fefellit
2149 2762 2284 2850 opinio.
2335 2761 2426 2831 Nam
2445 2787 2534 2835 ava-

522 2853 564 2920 tii
596 2870 754 2917 socerum
778 2844 892 2913 multu
920 2844 1151 2912 recentiorem
1174 2863 1248 2910 esse
1276 2841 1388 2911 lector
1416 2843 1503 2912 sciat
1551 2856 1637 2924 ficia
1663 2856 1800 2945 generis
1830 2857 2052 2927 nobilitatem
2077 2857 2115 2926 in
2142 2882 2182 2929 ρο
2211 2862 2463 2947 dedecorabat,
2497 2881 2532 2937 ,p

519 2950 586 3022 illo
601 2947 781 3038 superiore
797 2938 1028 3037 Symmacho,
1054 2944 1117 3037 qui
1133 2937 1328 3011 Theodosii
1344 2955 1502 3032 tempure
1549 2968 1698 3025 naturae
1712 2956 1920 3048 pravitatem
1941 2958 1979 3025 in
1996 2979 2037 3025 eo
2059 2979 2133 3027 non
2157 2963 2431 3033 emendaverant
2451 2963 2531 3035 lite-

521 3064 642 3121 cuntra
655 3042 876 3119 Christianos
890 3044 1049 3135 scripsit,
1075 3057 1110 3114 et
1127 3041 1186 3113 cui
1201 3043 1394 3134 respondet
1411 3041 1501 3112 Am·
1553 3079 1631 3142 me,
1654 3056 1750 3128 iuxta
1766 3057 1917 3127 dictum:
1939 3055 2124 3127 sincerum
2141 3072 2192 3130 err
2212 3060 2283 3130 hisi
2308 3084 2386 3142 vas,
2414 3067 2532 3157 quod.

520 3149 672 3220 brusius.
1550 3179 1689 3251 cunque
1703 3157 1882 3237 infundis,
1907 3156 2043 3229 acescit.
2096 3156 2306 3248 imponebat
2326 3159 2448 3234 ltaliae
2472 3164 2530 3235 in-

621 3263 758 3335 Habuit
779 3274 895 3332 autem
915 3260 1100 3347 coniugem
1123 3255 1370 3332 Theudoricus
1389 3258 1499 3329 filiam
1548 3256 1640 3326 iusta
1653 3257 1805 3343 tributa,
1830 3270 1866 3327 et
1887 3259 2018 3329 multus
2032 3260 2226 3332 excutiebat
2240 3287 2280 3332 ex
2304 3262 2529 3337 facultatibus

519 3367 613 3457 regis
628 3364 788 3437 Francici
803 3359 973 3445 Ludoici,
998 3359 1099 3432 cuius
1125 3382 1258 3430 numen
1288 3360 1359 3430 fuit
1383 3355 1500 3431 Adel-
1549 3357 1789 3452 qualicunque
1805 3370 1984 3450 praetextu
2006 3359 2265 3439 circumventus
2279 3363 2476 3435 calumniis.

520 3458 636 3548 heda,
663 3468 758 3560 quud
771 3477 834 3535 aut
847 3475 900 3533 est
917 3453 1098 3552 ἀλήθεια,
1126 3472 1188 3531 ant
1211 3457 1498 3531 Germanicuma
1649 3457 1752 3530 Hanc
1781 3459 1996 3531 iniusticiam
2018 3485 2098 3531 cum
2122 3460 2394 3553 reprehenderet
2416 3462 2530 3536 Ama·

518 3568 706 3644 nobilitate
720 3567 866 3636 dictum.
917 3559 1084 3632 Sororem
1107 3555 1232 3630 habuit
1246 3556 1498 3645 Amelsredam,
1547 3554 1731 3646 losuntha,
1755 3559 1901 3630 inclusit
1919 3584 1994 3631 eam
2012 3559 2213 3638 incarcere.
2264 3563 2321 3635 Ibi
2345 3565 2528 3658 aliquanto

520 3692 626 3760 quam
650 3667 723 3756 regi
745 3664 989 3734 Vandalurum
1007 3661 1046 3730 in
1056 3661 1176 3730 Africa
1191 3658 1391 3751 despondit.
1416 3657 1497 3729 Hu-
1546 3673 1624 3749 post
1649 3661 1774 3730 fraude
1802 3654 1978 3732 Theudati
2010 3661 2193 3734 interfecta
2218 3679 2289 3748 est,
2321 3665 2383 3758 qui
2408 3678 2526 3736 tamen

520 3768 577 3838 ius
604 3768 713 3837 filiam
743 3765 992 3853 Amelbergam
1021 3761 1120 3832 dedit
1145 3762 1221 3850 regi
1250 3759 1494 3850 Turingorum
1545 3782 1619 3829 nun
1634 3761 1749 3832 multo
1766 3761 2119 3853 pustingratitudinis
2136 3787 2268 3855 poenas
2282 3766 2398 3850 dedit,
2424 3766 2524 3839 iuxta

518 3866 784 3939 Hermansrido.
836 3864 928 3935 Filia
948 3885 1032 3933 veru
1053 3857 1271 3933 Theudorici
1292 3860 1362 3933 suit
1384 3854 1494 3930 Ama·
1545 3861 1697 3934 dictum:
1722 3858 1805 3932 Non
1821 3865 1959 3935 recedet
1972 3863 2107 3934 malum
2122 3886 2142 3933 a
2160 3866 2267 3936 domo
2281 3866 2424 3956 ingrati.

518 3963 697 4041 losuntha.
749 3964 845 4034 Haec
859 3962 1003 4033 nomina
1021 3974 1148 4052 putant
1162 3963 1223 4032 alii
1239 3985 1260 4032 a
1277 3963 1375 4032 coelo
1399 3960 1495 4031 dicta

521 4091 612 4152 esse,
637 4066 737 4161 quasi
750 4064 956 4161 himelfcicb.
981 4061 1263 4158 spimclfdyinbcil,
1297 4064 1359 4132 sed
1376 4062 1495 4132 verius
1642 4050 1860 4127 Theodotus
1875 4056 2034 4145 regnavit
2046 4056 2136 4125 duos
2148 4079 2260 4128 annus
2274 4074 2352 4151 post
2366 4075 2525 4134 necatam

519 4182 571 4237 est
596 4189 669 4239 csse
690 4190 710 4236 a
733 4168 889 4238 dictione
908 4163 1049 4259 hemel,
1084 4166 1194 4257 quod·
1212 4177 1265 4234 est
1292 4184 1404 4253 agnus
1432 4185 1496 4233 seu
1545 4151 1861 4240 Amalosnntham,
1887 4176 2031 4240 avarus,
2056 4155 2263 4228 insulensin
2278 4162 2383 4231 rebus
2397 4186 2524 4235 secun-

519 4268 623 4341 aries.
673 4267 715 4338 Id
733 4268 829 4337 enim
851 4287 982 4335 numen
1005 4265 1075 4335 fuit
1094 4265 1250 4334 familiae
1266 4261 1495 4347 Theudorici,
1546 4260 1620 4342 dis,
1641 4257 1680 4325 in
1694 4255 1850 4326 adversis
1867 4255 2023 4326 timidus.
2073 4254 2163 4326 Cum
2178 4258 2310 4330 bellum
2327 4263 2360 4331 ei
2375 4263 2523 4337 inferret

523 4390 613 4460 quae
637 4367 688 4446 sic
709 4368 879 4437 avellere
901 4361 1149 4436 lasunisdicta
1171 4379 1234 4435 est.
1284 4360 1375 4432 Inde
1397 4362 1494 4432 enim
1548 4358 1767 4429 Iustinianus
1787 4369 1931 4448 propter
1946 4379 2065 4426 necem
2091 4353 2386 4448 Amalusunthae,
2417 4364 2522 4436 initio

523 4466 624 4536 Gotti
650 4487 690 4533 ex
705 4462 871 4537 Colchica
893 4467 932 4534 in
947 4459 1127 4554 Europam
1149 4463 1326 4556 progressi
1345 4462 1496 4549 fuerant,
1546 4459 1704 4551 trepidus
1727 4457 1867 4528 Italiam
1896 4480 1932 4528 se
1957 4458 1989 4527 ci
2012 4459 2227 4530 traditurum
2253 4484 2325 4532 esse
2346 4465 2521 4554 promisit.

519 4581 560 4638 ut
576 4559 694 4637 adhuc
707 4565 746 4634 in
760 4558 1144 4638 TauricaChersuneso
1161 4562 1265 4643 Gutti
1278 4576 1362 4635 sunt
1376 4578 1496 4636 nostra
1547 4560 1618 4632 Sed
1633 4583 1713 4630 cum
1729 4559 1768 4628 iu
1785 4555 1929 4653 lllyricu
1943 4558 2131 4648 dissipatus
2151 4576 2239 4633 esset
2255 4560 2444 4634 Iustiniani
2462 4589 2522 4635 ex-

520 4667 642 4757 lingua
663 4665 859 4758 loquentes.
914 4663 995 4738 Erit
1016 4665 1125 4753 igitur
1150 4663 1362 4759 etymologia
1384 4660 1497 4735 Ama·
1547 4662 1696 4745 arcitus,
1721 4660 1832 4730 elatus
1845 4682 1937 4731 nova
1959 4681 2020 4756 spe
2041 4659 2172 4749 legatus
2187 4660 2375 4734 iustiniani
2391 4666 2521 4738 retinet

520 4761 721 4852 losunthae,
739 4763 948 4836 Amalorum
961 4764 1131 4859 [dylntynt.
1155 4763 1259 4835 Hanc
1273 4765 1381 4834 liliam
1396 4788 1495 4852 suam
1547 4763 1703 4833 inclusos
1732 4760 1875 4837 carceri.
1938 4757 1994 4832 lbi
2027 4783 2111 4831 veru
2138 4759 2356 4835 Iustinianus
2383 4764 2520 4837 Belisa-

521 4863 768 4940 Theodoricus
781 4867 969 4956 despondit
982 4866 1151 4940 Eutaricu
1165 4864 1351 4937 Widerici
1365 4862 1496 4958 Hispa·
1546 4865 1656 4950 rium,
1687 4862 1789 4934 cuius
1809 4861 1923 4935 virtus
1944 4874 1977 4933 et
2000 4861 2170 4933 foelicitas
2192 4863 2262 4934 iam
2283 4865 2423 4955 cognita
2445 4882 2520 4940 erat

520 4969 596 5038 nici
618 4970 709 5057 regis
732 4969 825 5053 lilio,
859 4965 922 5059 qui
945 4967 1048 5037 etiam
1070 4993 1111 5038 ex
1130 4967 1265 5038 familia
1286 4962 1495 5038 Amalorum
1545 4965 1666 5036 multis
1678 4964 1861 5054 gentibus,
1887 4986 1967 5033 cum
1990 4975 2025 5033 et
2047 4962 2086 5031 in
2101 4957 2253 5036 Oriente
2268 4962 2392 5037 Persas
2414 4969 2519 5039 vicis-

518 5069 600 5140 fuit.
651 5066 707 5139 Ex
724 5064 780 5138 his
796 5064 1002 5159 parentibus
1010 5063 1178 5140 Eutaricu
1194 5080 1229 5139 et
1236 5061 1495 5144 Amalosuntha
1546 5080 1617 5150 set,
1641 5079 1675 5136 et
1691 5084 1813 5134 recens
1830 5061 1953 5131 deletis
1968 5060 2139 5133 Vandalis
2149 5061 2308 5136 Africam
2323 5069 2520 5162 recepisset,

520 5183 626 5240 natus
649 5180 700 5239 est
719 5162 939 5247 Atalaricus,
968 5167 1030 5258 qui
1052 5171 1194 5241 orbatus
1216 5181 1313 5260 patre
1332 5166 1496 5238 successit
1546 5166 1643 5236 misit
1658 5166 1696 5234 in
1710 5162 1861 5238 Italiam.
1908 5159 1978 5232 Hic
1991 5178 2192 5254 recuperata
2206 5164 2328 5240 Sicilia
2342 5169 2519 5261 ingressus

520 5263 747 5339 Theodorico
774 5269 814 5337 in
832 5291 942 5358 regno
963 5264 1103 5353 ltaliae,
1132 5282 1237 5341 natus
1258 5290 1373 5339 annos
1402 5281 1496 5353 octo,
1547 5265 1705 5350 ltaliam,
1732 5263 1887 5355 primum
1913 5263 2052 5334 obsedit
2077 5263 2272 5358 Neapolin,
2300 5270 2339 5341 in
2361 5296 2430 5366 qua
2453 5271 2519 5342 etsi

521 5371 582 5440 sed
598 5384 712 5445 mater
734 5371 910 5459 excellens
923 5368 1111 5461 prudentie
1127 5383 1161 5441 et
1178 5371 1309 5441 virtute
1333 5369 1497 5463 aliquan·
1546 5369 1582 5437 vi
1604 5390 1679 5437 eam
1700 5377 1861 5457 ceperat,
1884 5377 2003 5434 tamen
2022 5387 2141 5435 severe
2162 5372 2359 5464 praecepit,
2378 5395 2425 5441 ne
2442 5393 2518 5440 sae-

520 5469 584 5538 diu
600 5470 691 5542 iuste
706 5483 740 5542 et
753 5470 928 5544 foeliciter
944 5464 1166 5559 gubernavit.
1214 5469 1362 5542 Decreta
1378 5481 1497 5541 extant
1546 5467 1636 5539 vicia
1658 5478 1875 5537 exerceretur
1893 5465 1932 5534 in
1956 5465 2068 5552 cives,
2091 5489 2214 5540 eurum
2238 5473 2402 5561 coniuges
2423 5471 2519 5541 etli-

519 5569 586 5639 filii
604 5571 750 5643 numine
764 5573 808 5642 de
821 5567 1059 5643 Ecclesiarum
1073 5568 1254 5651 libertate,
1280 5586 1314 5643 et
1328 5571 1497 5641 canonica
1546 5572 1667 5653 beros,
1700 5567 1870 5660 iussitque
1891 5565 1984 5637 cives
2008 5567 2133 5638 dumus
2156 5584 2190 5642 et
2209 5595 2266 5643 res
2289 5593 2368 5643 suas
2388 5583 2518 5643 tenere.

519 5663 779 5761 Episcopomm
810 5671 998 5757 electione,
1029 5685 1064 5743 et
1083 5669 1270 5762 stipendiis
1295 5674 1497 5746 docentium
1546 5668 1592 5741 Et
1608 5671 1752 5765 quidem
1765 5662 1833 5737 hac
1847 5689 1931 5737 usus
1948 5668 2108 5739 oratione
2123 5672 2169 5741 ad
2182 5673 2312 5742 milites
2333 5671 2517 5746 scribitur:

521 5770 562 5838 in
584 5766 725 5843 scholis.
1210 5825 1212 5831 .
1464 5873 1466 5875 ι
1547 5769 1728 5843 Divinitus
1748 5790 1785 5840 se
1806 5767 1960 5940 putituorp
1980 5792 2053 5916 :sse
2075 5771 2182 5856 urbe,
2211 5794 2301 5862 quae
2328 5775 2520 5866 putabatur
