6025 6775
1012 729 1162 805 ³27

1015 898 1349 995 operibus
1378 896 1589 986 legis,
1631 894 1798 988 quia
1830 894 2025 963 videt
2051 891 2356 964 actiones
2387 892 2547 961 illas
2572 891 2725 962 fieri
2755 915 2982 983 posse,

1803 694 2179 818 ,nucu
2216 687 2388 793 nu
2432 659 2586 793 Au
2652 681 3594 796 vaUTEs'sm-'r
3658 691 4235 850 matris-s?

4899 733 5053 810 328

3080 893 3388 979 stotelis,
3445 908 3528 965 ut
3570 892 3670 964 ita
3708 888 4014 983 dicam,
4044 900 4319 971 scenica
4366 903 4647 974 virtutis
4691 904 5047 978 simulatio

1020 1025 1198 1097 quae
1229 1011 1396 1069 sunt
1421 996 1639 1068 rectio
1664 995 2167 1078 locomotivae,
2216 1017 2395 1087 quae
2427 994 2715 1086 quidem
2745 994 2982 1064 nomi·
3080 1017 3203 1065 seu
3235 996 3509 1069 umbra.

1018 1115 1144 1172 nat
1170 1100 1345 1191 legis
1372 1120 1616 1190 opera,
1666 1093 1834 1188 quia
1862 1095 1976 1164 lex
2005 1095 2185 1185 regit
2211 1094 2731 1185 cogitationem.
2832 1093 2982 1165 No-

3281 1094 3477 1183 Quid
3513 1096 3773 1185 igitur?
3854 1094 4059 1168 Nihil
4086 1123 4179 1170 ne
4200 1102 4521 1173 'dicemus
4549 1129 4693 1177 esse
4724 1103 5048 1179 habitum

1018 1202 1249 1273 minat
1305 1214 1373 1271 et
1428 1199 1702 1269 literam
1726 1249 1748 1281 ,
1811 1196 1979 1290 quia
2036 1190 2210 1267 haec
2264 1196 2597 1287 cogitatio
2639 1210 2743 1267 est
2792 1196 2986 1266 velut
3080 1219 3201 1266 seu
3236 1192 3425 1281 ἕξιν,
3475 1219 3637 1266 cum
3669 1199 3758 1266 de
3785 1198 4169 1272 virtutibus
4198 1202 4588 1296 loquimur.
4679 1250 4684 1255 -
4797 1247 4807 1256 ·

1021 1306 1320 1375 obscura
1348 1300 1738 1390 scriptura,
1790 1298 1972 1368 illita
2006 1299 2317 1369 cerebro.
2413 1296 2580 1368 Non
2617 1312 2722 1368 est
2751 1297 2874 1368 lux
2902 1297 2982 1366 in

1021 1418 1168 1477 tota
1213 1402 1448 1472 anima
1486 1400 1901 1492 splendens,
1947 1423 2080 1469 nec
2127 1413 2233 1470 est
2275 1398 2688 1469 incendium
2723 1402 2978 1471 ardens

1017 1506 1096 1573 in
1131 1503 1360 1573 corde.
1789 1521 1801 1538 ··

1216 1601 1384 1673 Non
1419 1601 1644 1693 igitur
1684 1601 1990 1690 gloriosa
2027 1600 2311 1670 virtutis
2339 1600 2808 1691 adpellatione
2837 1599 2982 1671 uti-

1011 1720 1131 1778 tur
1176 1704 1475 1799 loquens
1521 1705 1610 1773 de
1651 1701 2093 1786 obedientia,
2141 1723 2354 1793 quam
2401 1710 2766 1794 utcunque
2800 1702 2978 1772 ratio

1013 1820 1315 1900 praestat
1348 1806 1425 1874 in
1458 1804 1771 1874 rectione
1803 1802 2292 1873 locomotivae.

1208 1920 1526 2006 Ecclesia
1570 1941 1858 2012 prorsus
1890 1918 1979 1987 de
2006 1917 2268 1986 virtute
2297 1938 2430 1984 nos
2458 1917 2716 1988 rectius
2750 1919 2978 2010 docet,

1010 2048 1191 2120 quae
1265 2024 1588 2093 adfirmat
1649 2042 1803 2089 eam
1866 2038 2014 2087 esse
2072 2029 2305 2086 motus
2367 2014 2678 2107 Spiritus
2737 2021 2982 2106 sancti,

1009 2126 1215 2196 effusi
1257 2126 1337 2194 in
1383 2125 1594 2194 corda
1642 2117 2197 2197 renascentium,
2253 2119 2734 2192 confirmantis
2779 2122 2982 2212 agni-

1006 2229 1277 2299 tionem
1320 2223 1497 2308 Dei,
1546 2236 1615 2293 ct
1663 2219 2026 2289 incitantis
2070 2220 2158 2287 ad
2206 2218 2379 2288 tales
2423 2232 2698 2307 motus,
2750 2223 2978 2314 qualis

1422 2324 1518 2397 Ut
1562 2324 1640 2391 in
1671 2315 1928 2413 Ioseph
1975 2320 2287 2402 castitas,
2338 2332 2443 2389 est
2482 2335 2718 2392 motus
2748 2321 2978 2413 Spiri-

1010 2442 1126 2501 tus
1159 2428 1418 2511 sancti,
1461 2425 1886 2494 confirmans
1923 2420 2355 2509 agnitionem
2385 2417 2522 2489 Dei
2557 2421 2633 2490 in
2664 2425 2978 2509 cerebro,

1008 2550 1368 2604 accensam
1411 2526 1628 2596 verbo
1671 2524 1842 2603 Dei,
1909 2534 1978 2591 et
2027 2543 2428 2611 repugnans
2479 2522 2756 2593 insidiis
2802 2521 2978 2593 Dia-

1009 2330 1162 2419 ipse
1201 2340 1319 2398 est.

1000 2630 1154 2703 boli
1174 2685 1194 2716 ,
1246 2643 1316 2700 et
1345 2626 1698 2697 illecebris
1728 2623 2040 2705 ardentis
2067 2622 2422 2693 dominae.

1206 2745 1352 2817 Nec
1409 2767 1653 2814 recuso
1707 2741 1816 2811 uti
1875 2735 2008 2808 hac
2066 2733 2347 2829 phrasi,
2420 2737 2756 2810 virtutem
2829 2764 2974 2812 εεεε

1006 2850 1242 2942 ipsum
1291 2843 1560 2928 Deum,
1624 2867 1747 2912 seu
1795 2842 2025 2931 ipsum
2070 2838 2419 2930 Spiritum
2467 2853 2831 2927 sanctum,
2894 2856 2978 2914 ut

1000 2947 1323 3018 Psalmus
1355 2945 1621 3039 inquit:
1676 2942 2050 3012 Fortitudo
2086 2935 2463 3009 mea‘Deus
2496 2954 2697 3016 estu.

1199 3060 1297 3136 Et
1334 3064 1627 3158 quidem,
1654 3060 1731 3129 in
1761 3072 1953 3130 tanta
1986 3058 2396 3128 infirmitate
2425 3070 2702 3141 nostra,
2753 3083 2969 3149 agno-

998 3190 1271 3240 scamus
1316 3166 1525 3235 nobis
1573 3185 1750 3254 opus
1796 3184 1942 3229 esse
1973 3156 2126 3228 Deo
2173 3172 2478 3239 rectore,
2533 3171 2601 3228 ct
2630 3159 2969 3232 immensa

995 3268 1335 3343 beneficia
1400 3267 1531 3334 filii
1583 3263 1721 3333 Dei
1778 3261 2293 3346 intelligamus,
2376 3275 2444 3331 et
2505 3257 2654 3329 Deo
2715 3263 2969 3350 gratias

996 3393 1321 3463 agamus,
1372 3391 1533 3437 cum
1585 3389 1713 3455 pro
1758 3361 2048 3432 caeteris
2077 3359 2466 3445 beneficiis,
2516 3374 2667 3432 tum
2699 3388 2866 3434 vero
2902 3378 2969 3436 et

993 3497 1126 3565 pro
1174 3467 1310 3538 hoc
1354 3468 1588 3549 donc,
1639 3464 1830 3557 quod
1878 3485 2011 3530 nos
2059 3462 2405 3550 gubernat
2436 3474 2505 3532 et
2535 3464 2768 3533 munit
2801 3463 2969 3556 Spi-

996 3573 1142 3641 ritu
1197 3580 1480 3651 sancto‚
1543 3589 1632 3633 ne
1697 3576 1819 3633 aut
1875 3563 2284 3633 infirmitate
2338 3576 2579 3633 nostra
2623 3564 2967 3652 labamur,

991 3686 1115 3744 aut
1142 3667 1435 3742 Diaboli
1466 3667 1650 3738 odiis
1682 3679 1751 3737 et
1779 3664 2057 3734 insidiis
2091 3677 2508 3735 evertamur.

1194 3784 1376 3857 Nam
1422 3797 1493 3854 et
1534 3781 1902 3874 diligentia
1946 3782 2235 3871 regendi
2282 3780 2781 3853 locomotivam
2810 3783 2964 3853 sine

993 3888 1255 3960 auxilio
1291 3886 1422 3957 Dei
1452 3886 1660 3956 facile
1691 3883 2064 3954 excutitur.

1190 4001 1289 4077 Et
1330 4015 1718 4095 agnoscunt
1760 4001 2109 4092 sapientes
2143 4022 2345 4092 saepe
2372 3996 2797 4070 hallucinari
2828 3992 2962 4069 ho-

991 4110 1221 4180 mines
1292 4105 1371 4178 in
1435 4102 1979 4184 deliberatione,
2065 4127 2269 4193 saepe
2329 4115 2515 4174 recte
2576 4098 2959 4171 deliberata

987 4211 1218 4283 excuti
1248 4208 1451 4279 novis
1479 4205 2073 4300 persuasionibus,
2110 4227 2316 4297 saepe
2335 4203 2526 4274 vinci
2555 4203 2957 4273 adfectuum
2998 4263 2999 4268 ,

983 4314 1380 4483 nugulli-hoc
1452 4390 1587 4479 illa'
1644 4419 1841 4478 sunt:
1931 4397 2173 4481 οὐδεὶς
2245 4397 2682 4498 ἀνθρώπων
2754 4400 2956 4477 ἐστὶν

989 4513 1284 4588 ἅπαντα
1338 4504 1588 4607 σοφός.
1712 4506 1921 4578 Item:
1987 4502 2153 4573 Non
2205 4517 2308 4573 est
2359 4503 2583 4573 iustus
2628 4505 2706 4572 in
2748 4519 2956 4590 terra,

986 4616 1111 4705 qui
1143 4639 1302 4683 cum
1334 4613 1556 4682 multa
1588 4611 1768 4679 iuste
1798 4606 2028 4682 faciat,
2080 4626 2230 4672 non
2264 4603 2469 4671 etiam
2499 4615 2759 4694 peccet.
2859 4601 2957 4673 Et
2994 4677 2995 4683 χ

985 4713 1474 4784 Simonideum
1519 4711 1731 4777 illud:
1787 4703 1876 4778 οὐ
1914 4698 2174 4797 ῥᾴδιον
2199 4697 2556 4801 γενέσθαι
2581 4694 2953 4798 τετράγω-

983 4837 1143 4886 νον.
1244 4809 1341 4880 Et
1369 4809 1553 4899 apud
1582 4806 1925 4877 Senecam
1952 4799 2123 4871 haec
2151 4814 2352 4872 sunt:
2406 4900 2421 4911 .
2633 4891 2637 4895 ἱ
2674 4900 2681 4906 ¹

1287 4915 1430 4999 Qua
1456 4929 1608 4978 terra
1635 4923 1798 4994 patet
1815 4956 1834 4990 ,
1885 4910 2011 4970 fera
2037 4923 2244 4991 regnat
2278 4906 2578 4993 Erinnys:

1285 5012 1360 5083 l'n
1389 5020 1623 5083 facinus
1655 5018 1876 5076 iurasse
1905 5024 2099 5095 putes.

982 5117 1131 5189 Aut
1163 5118 1342 5187 illud
1373 5109 1791 5185 Menandri:
1844 5103 2121 5180 Omnes
2153 5108 2405 5178 vivunt
2434 5105 2628 5175 mali.

1188 5231 1668 5322 Agnoscamus
1727 5250 1891 5317 ergo
1931 5226 2407 5297 infirmitatem
2454 5237 2810 5303 nostram,
2881 5237 2947 5294 et

982 5336 1326 5408 auxilium
1376 5355 1416 5401 a
1457 5328 1609 5400 Deo
1656 5342 2013 5419 petamus,
2061 5327 2245 5397 sicut
2279 5324 2633 5396 Dominus
2676 5324 2950 5415 praeci-

3282 1294 3398 1366 Ad
3427 1297 3499 1366 id
3530 1297 3941 1392 priusquam
3968 1304 4359 1393 respondeo
4380 1358 4401 1390 ,
4452 1306 4679 1375 dicam
4697 1360 4718 1391 ,
4769 1309 4943 1400 quid
4972 1309 5054 1385 iu

3076 1393 3543 1491 Philosophia
3582 1399 3811 1471 virtus
3850 1403 4208 1500 nominari
4238 1406 4495 1477 rectius
4523 1408 4784 1498 possit,
4837 1433 5051 1502 quam

3078 1491 3387 1570 habitus.
5037 1580 5041 1584 ,

3279 1599 3638 1689 Primum,
3686 1603 3765 1671 in
3799 1604 4133 1675 omnibus
4162 1630 4309 1677 non
4343 1608 4778 1696 monstrosis,
4829 1630 5049 1707 στορ-

3074 1695 3243 1798 γαὶ,
3294 1726 3455 1774 cum
3487 1705 3831 1775 accedunt
3857 1706 4202 1777 iudicium
4233 1722 4300 1778 et
4324 1711 4742 1797 moderatio,
4787 1714 4878 1781 de
4907 1737 5047 1805 qua

3075 1802 3367 1874 dicitur:
3418 1798 3521 1884 ὥς
3543 1799 3693 1897 ἡδὺ
3725 1802 4014 1879 συνέσει
4032 1802 4443 1903 χρηστότης
4466 1809 4899 1907 κεκραμένη.

3274 1902 3555 1975 Deinde
3598 1900 3882 1995 heroica
3921 1910 4366 1992 excellentia,
4416 1937 4594 2005 quae
4627 1927 4864 1985 tamen
4896 1940 5045 1987 non

3074 2016 3178 2075 est
3226 2006 3586 2092 omnium,
3652 2023 3737 2079 ut
3780 2005 4120 2098 Achillis,
4183 2010 4612 2099 Alexandri,
4678 2014 4844 2086 Iulii
4897 2018 5046 2087 for-

3074 2105 3323 2176 titudo.
4399 2133 4405 2147 ·
5031 2145 5036 2154 ·

3280 2205 3655 2301 Utrunque
3700 2223 3933 2282 autem
3981 2226 4049 2283 et
4082 2211 4394 2312 στοργαὶ
4425 2229 4491 2285 et
4525 2212 4802 2297 heroica
4837 2220 5043 2288 celsi-

3073 2307 3249 2374 tudo
3292 2309 3555 2392 animi,
3606 2326 3770 2381 sunt
3815 2312 4310 2385 inclinationes
4352 2342 4389 2386 a
4422 2314 4572 2386 Deo
4606 2319 4928 2390 conditae
4962 2321 5041 2388 in

3072 2400 3448 2477 hominum
3480 2412 3833 2484 cordibus.
3873 2438 3875 2441 ’
3916 2410 4009 2484 Et
4039 2416 4210 2507 quid
4244 2418 4406 2502 sint,
4448 2431 4808 2514 utcunque
4831 2446 5043 2491 mon-

3071 2509 3277 2577 strari
3306 2509 3384 2577 in
3415 2513 3749 2602 exemplis
3783 2527 4032 2602 potest,
4068 2531 4137 2587 et
4161 2518 4459 2606 gignunt
4479 2520 4790 2589 actiones
4812 2536 5042 2592 exter-

3072 2630 3197 2676 nas
3226 2611 3639 2700 praeclaras.
3724 2612 4106 2683 Dissimilis
4133 2630 4238 2688 est
4263 2620 4604 2690 fortitudo
4641 2619 4805 2690 Iulii
4834 2646 5042 2712 prae·
5093 2687 5097 2692 .

3070 2707 3309 2779 liantis
3350 2725 3420 2781 et
3452 2707 3775 2783 Antonii.
3882 2712 3967 2783 ln
3997 2714 4180 2786 Iulio
4227 2743 4372 2800 non
4405 2736 4681 2792 tantum
4709 2724 5039 2812 cogitatio

3071 2809 3370 2900 imperat
3430 2815 3737 2882 externis
3784 2817 4157 2899 membris,
4223 2833 4305 2889 ut
4350 2837 4693 2913 pugnent:
4763 2826 4885 2894 sed
4934 2840 5041 2897 est

3070 2909 3146 2977 in
3194 2914 3403 2981 corde
3452 2913 3698 3002 ingens
3745 2914 4193 3001 incendium,
4246 2946 4387 3013 quo
4437 2937 4504 2993 et
4537 2924 4817 2995 iuvatur
4843 2927 5040 3017 cogi-

3015 3068 3016 3072 *
3066 3012 3277 3097 tatio,
3336 3028 3408 3085 et
3462 3015 3929 3106 impelluntur
3977 3043 4056 3088 ac
4103 3022 4301 3091 velut
4340 3040 4709 3095 armantur
4750 3041 5034 3099 externa

3065 3115 3403 3185 membra.

3267 3211 3352 3283 In
3387 3211 3706 3286 Antonio
3756 3217 4086 3305 cogitatio
4134 3222 4433 3313 imperat
4475 3228 4779 3298 externis
4808 3249 5036 3297 mem-

3062 3311 3251 3399 bris,
3306 3339 3485 3407 quae
3532 3330 3893 3414 utcunque
3940 3322 4052 3390 vel
4092 3324 4611 3398 adsuefactione
4653 3330 4763 3399 vel
4795 3329 5037 3401 imita-

3062 3414 3255 3485 tione
3297 3417 3379 3488 fit
3422 3420 3807 3495 excitatior.
3913 3417 4074 3511 Qua
4106 3424 4183 3492 in
4215 3450 4288 3495 re
4319 3422 4455 3497 hoc
4486 3454 4766 3524 quoque
4794 3431 5035 3500 consi-

3061 3516 3454 3586 derandum
3514 3534 3651 3605 est,
3730 3524 3920 3615 quod
3981 3549 4387 3619 quanquam
4449 3525 4722 3602 heroica
4783 3531 5034 3617 virtus,

3058 3640 3220 3684 vere
3236 3615 3369 3684 Dei
3398 3642 3574 3706 opus
3604 3634 3739 3704 est,
3789 3635 4026 3689 tamen
4056 3638 4128 3692 et
4159 3627 4308 3715 ipsa
4337 3631 4543 3700 facile
4575 3634 5032 3725 extinguitur.

3053 3711 3152 3785 Et
3198 3715 3405 3784 multi
3455 3712 3723 3785 heroici
3767 3718 3906 3784 viri
3947 3719 4027 3785 in
4053 3745 4345 3810 magnos
4376 3729 4651 3800 furores
4679 3736 5036 3819 incidunt,

3013 3859 3015 3861 -
3057 3826 3126 3885 et
3155 3815 3346 3898 fiuntj
3365 3815 3589 3886 tristia
3620 3818 4012 3907 spectacula
4042 3824 4285 3909 generi
4315 3821 4653 3903 humano.

3259 3913 3603 3988 Hercules
3642 3919 3886 3987 furens
3926 3917 4258 3994 interficit
4301 3928 4670 4018 coniugem
4716 3945 4784 4002 et
4818 3933 5028 4010 filios.

3052 4011 3455 4087 Alexander
3488 4019 3861 4111 postremis
3894 4022 4136 4108 annis,
4188 3998 4604 4119 quam³·tetra
4636 4033 4843 4104 belua
4871 4039 5027 4107 est?

3051 4114 3233 4188 Cum
3280 4132 3485 4189 antea
3532 4117 3715 4189 nihil
3763 4121 3840 4189 in
3870 4120 4023 4191 eius
4056 4136 4208 4195 toto
4233 4151 4448 4218 regno
4476 4146 4752 4223 praeter
4785 4136 5023 4228 ipsum

3051 4214 3420 4310 pulchrius
3448 4242 3595 4290 esse
3628 4235 3917 4315 propter
3947 4223 4335 4314 iusticiam,
4378 4237 4917 4327 temperantiam
4952 4253 5022 4308 et

3054 4321 3495 4395 modestiam.
3715 4344 3719 4348 ’
3827 4356 3836 4364 ·

3106 4419 3110 4423 ’
3253 4420 3364 4492 De
3409 4419 3889 4496 Themistocle
3949 4428 4210 4499 factum
4265 4446 4368 4503 est
4427 4440 4882 4525 praeconium
4943 4442 5070 4513 in.

3053 4538 3410 4593 conventu
3456 4525 3842 4595 multarum
3887 4529 4237 4617 gentium:
4289 4532 4651 4627 Sapientia
4690 4540 4840 4612 eius
4871 4564 5018 4612 ser·

3051 4634 3280 4691 vatam
3312 4646 3456 4692 esse
3489 4622 3882 4701 Graeciam.

3253 4721 3451 4792 Talis
3494 4749 3655 4796 cum
3704 4741 3879 4798 esset
3920 4742 4155 4818 postea
4204 4753 4278 4800 se
4326 4733 4650 4808 obscenis
4683 4742 5014 4834 volupta-

3051 4821 3238 4892 tibus
3284 4825 3597 4912 dedidit,
3667 4830 3968 4919 turpiter
4010 4830 4216 4899 etiam
4263 4835 4348 4902 ad
4401 4831 4633 4910 hostes
4679 4842 4893 4933 fugit,
4945 4860 5016 4916 et

3051 4926 3329 4994 tandem
3360 4927 3494 4996 sibi
3529 4942 3824 4998 mortem
3853 4930 4216 5006 conscivit.

3246 5024 3355 5097 De
3372 5024 3745 5098 Alcibiade
3770 5051 4011 5100 versus
4042 5036 4550 5122 pronunciatus
4574 5057 4706 5114 est:
4762 5044 5006 5134 ἔπτηξ’

3047 5123 3369 5224 ἀλέκτωρ
3398 5124 3672 5200 δοῦλον
3701 5123 3799 5208 ὣς
3822 5125 4079 5212 κλίνας
4105 5133 4394 5230 πτέρον.

3245 5228 3568 5320 Denique
3627 5229 3870 5299 talium
3938 5234 4249 5306 virorum
4293 5255 4363 5312 et
4405 5242 4575 5313 vitia
4621 5259 4688 5314 et
4735 5263 5003 5333 poenae

3039 5329 3386 5399 dederunt
3432 5329 3866 5400 occasionem
3905 5332 4271 5408 Herodoto
4307 5355 4385 5412 nt
4418 5343 4705 5412 dixerit:
4753 5341 5002 5413 Nemi-
5037 5400 5041 5403 »

981 5440 1121 5531 pit:
1174 5436 1462 5526 Quanto
1503 5429 1723 5518 magis
1749 5441 1945 5518 pater
1970 5441 2197 5496 vester
2222 5426 2538 5494 coelestis
2566 5423 2944 5515 dabitSpi-
3039 5452 3197 5496 nem
3231 5452 3378 5497 esse
3407 5431 3813 5500 mortalium
3846 5456 4076 5528 neque
4108 5439 4292 5525 fore,
4342 5444 4457 5511 cui
4486 5442 4629 5511 nou
4664 5443 4754 5512 ab
4783 5443 4996 5516 initio

981 5543 1202 5611 ritum
1239 5549 1557 5631 sanctum
1597 5527 2023 5622 petentibus.
2123 5521 2222 5593 Et
2263 5526 2443 5613 grati
2476 5526 2786 5614 ingentia
2815 5526 2942 5594 be-

979 5639 1227 5712 neficia
1259 5635 1398 5707 Dei
1427 5633 1878 5707 celebremus.

3035 5527 3300 5597 malum
3334 5528 3722 5600 admixtum
3758 5533 3888 5620 sit,
3934 5538 4236 5610 maxima
4272 5564 4436 5609 vero
4466 5544 4813 5615 maximis.

3233 5623 3553 5700 Attrahit
3591 5647 3825 5703 autem
3870 5660 4131 5727 poenas
4168 5642 4243 5709 in
4280 5642 4570 5712 summis
4604 5645 4779 5716 viris
4808 5647 4997 5721 fidu-

1181 5739 1372 5811 Haec
1411 5731 1812 5806 dulcissima
1840 5722 2192 5798 Ecclesiae
2232 5724 2551 5796 doctrina
2585 5731 2813 5798 multo
2846 5728 2938 5796 il-
2978 5750 2986 5826 ,ι
3031 5726 3135 5796 cia
3183 5726 3333 5819 sui,
3385 5754 3522 5823 qua
3566 5733 3733 5807 elati
3772 5732 4007 5808 Deum
4048 5741 4442 5832 negligunt,
4491 5759 4559 5816 et
4607 5747 4829 5821 multa
4876 5752 4995 5821 iu-

979 5844 1274 5916 lustrius
1315 5833 1655 5914 ostendit,
1708 5829 1879 5924 quid
1921 5827 2012 5899 sit
2053 5827 2319 5914 virtus,
2365 5849 2576 5920 quam
2610 5827 2730 5899 illa
2763 5826 2935 5898 Ari-
2973 5844 2986 5912 ξ
3028 5830 3208 5900 iuste
3242 5830 3539 5910 faciunt.
