6025 6775
393 4480 396 4485 ·
525 4470 625 4549 pater
641 4472 822 4547 regnaret,
844 4482 885 4526 ex
902 4458 969 4527 alia
986 4458 1134 4545 coniuge
1148 4470 1251 4525 nitus
1268 4470 1352 4530 erat.
1399 4455 1506 4525 Prae-

471 687 567 800 '⁷⁹5
736 681 948 763 semera
974 682 1051 756 eii.
1077 676 1196 755 nisi..
1222 678 1290 752 nn
1316 678 1444 756 nisi.
1469 675 1615 754 onor.
1641 676 1709 752 ur
1735 641 1926 752 enims,
1953 675 2280 758 sonciensis.
2447 686 2525 782 aas

500 864 643 937 cessisse
659 857 832 932 excidium
844 853 1079 948 lerosolymae
1094 866 1127 922 et
1141 851 1317 922 Persicam
1339 859 1485 922 monar-
1536 849 1703 935 donium,
1729 846 1946 921 bochellum
1962 850 2077 921 movit
2100 852 2329 928 dissuadente
2343 853 2525 933 Artabano

500 963 617 1038 chiam
627 1012 638 1045 ,
663 986 744 1033 cuin
760 951 877 1029 adhuc
890 952 1049 1050 Assyrii,
1074 950 1175 1024 Medi
1191 968 1225 1024 et
1240 949 1410 1024 Chaldaei
1428 953 1487 1019 in-
1537 961 1662 1042 patruo
1684 951 1823 1024 Xerxis.
1882 947 2069 1023 Exercitus
2105 955 2242 1027 dicitur
2270 958 2379 1030 fuisse
2413 964 2531 1035 decies

503 1083 558 1139 ter
583 1087 656 1137 sese
668 1062 761 1135 bella
784 1070 963 1149 gererent,
989 1070 1024 1126 et
1045 1057 1205 1125 nondum
1228 1056 1348 1124 decem
1371 1054 1486 1124 tribus
1538 1065 1681 1124 centum
1713 1053 1868 1121 millium
1898 1047 2103 1140 hominum,
2137 1072 2313 1150 qnantum
2337 1065 2529 1136 exercitum

501 1188 648 1263 prorsus
678 1165 849 1232 abductae
880 1170 1005 1228 essent.
1061 1154 1144 1227 Non
1172 1156 1269 1225 euim
1293 1180 1366 1226 uno
1390 1178 1485 1224 anno
1539 1177 1613 1223 non
1636 1153 1786 1242 legimus
1807 1153 1921 1224 ullum
1951 1176 2066 1245 regem
2087 1158 2249 1246 duxisse,
2284 1162 2357 1232 nisi
2378 1163 2532 1235 Tamen·

503 1268 622 1342 omnia
640 1263 881 1336 lsrae'litarum
896 1260 1026 1351 oppida
1040 1271 1138 1347 capta
1161 1271 1255 1328 sunt.
1307 1253 1356 1327 Et
1372 1270 1487 1327 textus
1538 1256 1656 1325 lenem
1678 1255 1888 1335 'l'artarum‚
1915 1255 1980 1347 qui
2001 1280 2121 1327 recem
2141 1272 2354 1334 anteannos
2373 1266 2538 1338 leredu-'

412 1385 422 1452 “,
503 1382 643 1453 narrat,
678 1358 801 1436 Iudith
825 1362 931 1432 fuisse
965 1385 1005 1430 ex
1030 1360 1139 1449 stirpe
1160 1356 1311 1442 Ruben‚
1348 1358 1488 1450 fuitque
1541 1371 1680 1444 centos,
1707 1369 1877 1445 regnante
1895 1352 2059 1428 Baiazete
2079 1357 2228 1431 Turcico
2248 1376 2422 1457 tyranno,
2447 1393 2534 1461 per-

503 1465 673 1544 Dothaim
688 1468 791 1550 urbs,
816 1463 915 1533 cuius
930 1462 968 1529 in
986 1483 1025 1530 ea
1039 1455 1188 1530 historia
1202 1460 1241 1529 lit
1255 1459 1408 1544 mentio,
1431 1460 1489 1526 vi·
1542 1459 1692 1528 vastavit
1712 1453 1855 1538 Asiam,
1881 1481 1901 1526 a
1927 1455 1960 1526 T
1963 1460 2043 1527 anai
2068 1483 2179 1554 usque
2201 1465 2245 1534 ad
2266 1463 2469 1562 Aegyptum
2494 1486 2532 1543 et

505 1575 585 1644 cina
604 1569 795 1642 Samariae.
853 1562 1036 1652 Significat
1063 1575 1179 1631 antem
1204 1555 1324 1631 Iudith
1351 1560 1490 1629 conlea-
1541 1560 1586 1628 ad
1600 1552 1763 1643 Parthos,
1787 1570 1820 1628 et
1835 1571 1974 1649 captum
1989 1556 2188 1632 Baiazetcm
2203 1563 2239 1633 in
2257 1588 2359 1637 cavea
2374 1569 2529 1642 circum-

421 1708 425 1714 ·
507 1695 590 1745 sam.
642 1663 828 1751 Bethulia,
854 1665 1029 1754 virginem
1044 1659 1124 1737 Dei.
1175 1656 1294 1746 Dotli,
1315 1660 1438 1750 legem.
1543 1661 1653 1730 duxit.
1696 1657 1979 1731 Hunescrihunt
1994 1662 2138 1732 duxisse
2152 1678 2427 1756 quatercentum
2441 1673 2526 1742 mil-

1486 1757 1491 1764 “
1542 1762 1592 1830 liet
1611 1760 1768 1852 equitum
1790 1775 1825 1831 et
1840 1774 2000 1832 sexcenta
2015 1764 2130 1834 millia
2146 1767 2317 1856 peditum.

549 1869 776 1977 nereos,
823 1894 1025 1980 quartus
1049 1904 1132 1954 rea
1163 1888 1429 1954 Persarum,
1644 1859 1782 1932 Ductus
1797 1877 1848 1932 est
1862 1876 1983 1980 autem
1996 1862 2126 1935 Xerxis
2141 1868 2313 1942 exercitus
2330 1885 2425 1944 trans
2439 1871 2531 1944 Hel·

626 2027 637 2048 ,
726 2023 736 2040 ,
780 2020 792 2038 ,
1018 2018 1027 2035 .
1284 2019 1293 2036 .
1418 2020 1427 2037 .
1542 1965 1742 2053 lespontum
1770 1987 1875 2034 anno·
1895 1976 2045 2055 septimo
2075 1968 2177 2056 regni
2203 1967 2331 2041 Xerxis
2381 1987 2414 2044 et
2437 1974 2531 2045 intra

609 2027 737 2094 (irasci
760 2022 902 2090 Xerxen
927 2041 1085 2111 proxime
1107 2032 1186 2110 post
1206 2015 1356 2087 Darium
1377 2019 1491 2089 silium
2338 2027 2349 2058 ’

508 2127 684 2218 Histaspis
700 2135 900 2195 numerant.
951 2114 1193 2189 Metasthenes
1208 2132 1242 2189 et
1257 2116 1363 2189 Philo
1382 2120 1491 2189 omis·
1543 2065 1730 2183 biennium
1746 2063 1873 2135 Pm‘le
1891 2078 2043 2158 q¹¹³¹¹¹⁰r
2060 2069 2207 2159 l’la‘liis
2224 2073 2310 2144 Pieli
2331 2072 2532 2147 ῑθῑθῦῐθθ·

1464 2222 1472 2238 .
1545 2190 1598 2237 cia
1621 2166 1757 2257 expulsi
1778 2179 1872 2237 sunt.
1924 2165 2084 2238 Primum
2100 2182 2192 2241 terra
2210 2176 2256 2242 ad
2274 2163 2533 2270 Thermopylas

510 2257 548 2303 so
571 2230 705 2311 Xerxe,
737 2224 895 2315 proxime
916 2217 1163 2314 post·Darium
1186 2221 1300 2291 filium
1316 2218 1508 2313 Histesprs,

511 2333 686 2403 collocant
712 2324 993 2413 Longimanum,
1025 2321 1087 2415 qui
1111 2334 1145 2391 et
1167 2319 1297 2391 Darius
1325 2336 1361 2393 et
1383 2319 1492 2393 Arta·

512 2454 631 2503 xerxes
643 2426 887 2515 Longimaniis
901 2435 1137 2514 nuncupatur.
1184 2419 1359 2494 Existimo
1375 2437 1493 2495 autem

513 2530 739 2626 praeteritum
756 2549 828 2596 esse
844 2525 986 2595 Xerxen
1002 2547 1021 2593 a
1037 2518 1259 2594 Metasthene
1282 2538 1315 2594 et
1329 2522 1494 2610 Philone,

1546 2267 1630 2336 victi
1645 2279 1740 2339 sunt.
1791 2266 1933 2339 Deinde
1947 2270 2036 2337 mari
2049 2271 2188 2341 dnobus
2201 2278 2352 2364 praeliis
2366 2279 2412 2348 ad
2427 2279 2537 2348 Arte·

1546 2369 1690 2439 misium
1719 2379 1753 2438 et
1782 2370 1827 2439 ad
1857 2368 2084 2445 Salaminem.
2140 2371 2279 2462 Quarto
2306 2379 2352 2446 ad
2381 2378 2534 2463 Plateas,

1547 2494 1626 2541 cuin
1658 2482 1739 2561 post
1763 2471 1883 2560 fugam
1912 2468 2040 2542 Xerxis
2068 2469 2277 2546 Mardonius
2307 2478 2347 2547 in
2380 2479 2535 2550 Graecia

514 2635 598 2728 qnia
611 2631 726 2701 Xerxe
740 2629 940 2697 discedente
954 2649 994 2696 ex
1010 2648 1120 2715 regno
1136 2648 1276 2696 necesse
1291 2627 1361 2697 suit
1378 2650 1494 2715 regem
1547 2573 1742 2691 ¹¹l³¹¹⁵i⁵³el⁰
1792 2570 1917 2661 Pugm
1934 2572 2030 2641 “¹5⁰¹
2047 2576 2093 2643 ad
2102 2569 2356 2672 Tl¹⁰¹⁸¹¹¹⁰PP¹³⁸
2372 2582 2463 2651 s³⁰l³
2480 2594 2535 2651 ²⁵²

1548 2696 1639 2743 circa
1661 2672 1852 2743 solstitium
1874 2674 2067 2756 aestivum,
2100 2699 2180 2746 cuni
2204 2677 2375 2751 instarent
2395 2676 2531 2776 Olym-

1549 2775 1620 2868 pia.
1645 2847 1649 2852 ,
1678 2771 1804 2844 Postea
1831 2773 1968 2844 decimo
1998 2799 2119 2848 mense
2138 2776 2350 2850 Mardonius
2372 2777 2531 2852 Athenas

1550 2876 1762 2961 combussit,
1785 2875 1966 2961 videlicet,
1989 2876 2081 2949 circa
2097 2876 2260 2971 Aprilem
2280 2882 2368 2951 anni
2382 2903 2534 2976 sequen-

1550 2979 1607 3053 tis.
1664 2974 1714 3049 Et
1728 2975 1787 3047 ''ad
1815 2974 1955 3049 Plateas
1982 3000 2056 3049 csse
2087 2994 2285 3072 pugnatum
2313 2996 2448 3055 constat
2477 2984 2541 3054 die

514 2737 625 2806 alium
641 2729 832 2800 nominari.
883 2725 1006 2820 ltaque
1022 2726 1210 2818 scriptores
1234 2727 1314 2813 isti,
1340 2729 1402 2821 qui
1421 2723 1495 2799 Oc-

515 2834 664 2907 cidentis
680 2826 847 2901 historias
867 2852 1010 2921 prorsus
1029 2829 1218 2914 omittunt,
1243 2841 1381 2900 tantum
1395 2828 1498 2900 Lon-

514 2927 649 3029 gimani
669 2933 886 3003 mentionem
907 2929 1059 3014 sariunt,
1089 2930 1151 3021 qui
1172 2931 1306 3001 interea
1329 2932 1425 3001 domi
1442 2955 1498 3001 re-

516 3062 624 3131 gnum
639 3035 764 3119 tenuit,
788 3054 868 3104 cuni
878 3031 1012 3102 Xerxes
1028 3032 1066 3099 in
1083 3029 1233 3101 Graecia
1246 3033 1381 3104 bellum
1399 3056 1498 3122 gerc-

515 3154 581 3212 ret.
630 3134 976 3208 Et'consentanenm
1000 3146 1071 3219 est,
1098 3131 1240 3202 Xerxen
1262 3147 1341 3226 post
1363 3133 1498 3203 bellum
1552 3091 1678 3174 qum
1700 3074 1864 3168 A¹¹3¹¹⁸ll
2448 3111 2450 3116 ·

518 3241 694 3314 Graecum
717 3262 790 3307 non
813 3237 876 3306 diu
890 3233 1113 3328 superstitem
1128 3235 1246 3309 fuisse.
1297 3232 1388 3307 Cum
1404 3235 1498 3304 enim
1654 3177 1733 3250 Em
1755 3195 1872 3251 autem
1895 3206 1970 3254 ⁰⁰¹¹
1992 3183 2069 3253 ⁸3⁰⁸
2089 3183 2227 3273 ¹¹³³3¹¹l⁸
2254 3187 2417 3260 ⁰¹³dlb¹¹⁸
2440 3200 2541 3260 lama

518 3341 748 3415 interfecisset
759 3341 903 3411 fratrem
913 3336 1115 3422 Masistem,
1141 3360 1221 3407 cum
1238 3336 1338 3427 cuius
1351 3337 1500 3427 coniuge
1552 3282 2014 3457 ffllffignxnffllq't’
2027 3299 2158 3405 dmm
2180 3289 2380 3378 “emplum
2398 3290 2542 3411 in⁵lP⁰⁸

1922 3402 2072 3474 mitens,
2106 3392 2200 3482 quod
2223 3403 2343 3462 tantus
2366 3407 2540 3464 exercitus

519 3445 641 3516 etlilia
662 3443 822 3513 sueratei
844 3443 975 3511 incesta
993 3441 1228 3524 consuetudo,
1253 3439 1353 3509 brevi
1375 3450 1502 3530 postet
1554 3501 1626 3559 mm
1646 3486 1749 3557 brevi
1771 3491 2065 3581 temporepulsus
2085 3492 2407 3564 etprucidapusest,
2460 3492 2542 3586 1¹„e

520 3551 596 3664 ipse
612 3544 656 3660 ib
670 3540 1145 3661 All³b³n⁰lm⁹¹f⁰⁰lu⁸f⁸l⁹
1187 3540 1393 3612 N⁰⁵¹³m⁰¹¹
1409 3541 1502 3611 ΧΨ
1556 3593 1639 3658 vero
1660 3587 1793 3659 Xerxes
1815 3611 1923 3682 parva
1951 3590 2190 3684 cymba'lugit
2212 3608 2293 3686 post
2315 3588 2471 3687 pu'gnam
2494 3598 2541 3667 ad

520 3671 573 3718 xis
588 3641 771 3714 historiam
785 3645 938 3714 breviter
956 3644 1199 3729 recitabimus,
1226 3666 1315 3738 quac
1339 3643 1502 3715 luculen-
1555 3689 1784 3765 Salaminem·
1837 3690 1925 3762 Vult
1947 3692 2043 3761 enim
2065 3691 2178 3777 Deus,
2205 3718 2279 3765 non
2301 3698 2431 3790 suscipi
2446 3696 2543 3770 ben.

523 3765 576 3820 ter
593 3749 637 3816 ab
652 3743 834 3815 Hfif⁰tl⁰l⁰
850 3746 1023 3837 descl'lPla
1040 3758 1102 3820 ⁰⁵²·
1557 3816 1630 3862 non
1646 3791 1838 3861 necessaria
1854 3791 2045 3883 cupiditate
2061 3792 2195 3882 gloriae
2217 3812 2252 3869 et
2269 3799 2397 3869 liducia
2413 3796 2542 3871 huma-

625 3845 791 3916 1n¹l¹⁰¹¹¹
815 3841 962 3918 h¹³l⁰rla
985 3846 1112 3918 X⁰r¹¹⁸
1129 3845 1359 3916 memmb'le
1385 3869 1503 3915 exem*
1557 3917 1624 3963 nae
1640 3893 1828 3984 potentiae.
1864 3890 2002 3982 Regula
2020 3907 2069 3964 est
2085 3895 2195 3980 enini,
2221 3895 2423 3971 Necessaria
2438 3924 2541 3971 man-

522 3950 622 4044 plum
644 3961 697 4018 ²⁵1
717 3950 919 4022 ῐῦθάθδῑῑθθ·
970 3947 1094 4020 Frater
1116 3944 1503 4066 X⁰r¹l⁵Al¹³b³²³¹¹⁶P
1557 3993 1639 4064 dat'e
1661 3995 1836 4064 divinitus
1859 3996 2018 4065 facienda
2043 4018 2134 4082 esse,
2160 4013 2195 4069 et
2217 4006 2407 4090 petendum
2428 4024 2542 4073 essca

523 4049 699 4122 maximus
714 4064 820 4136 natu,
846 4052 922 4120 sine
936 4051 1109 4122 seditione
1130 4050 1231 4169 cessit
1246 4049 1504 4169 {⁰5¹l⁶{⁰,P³“¹⁵
1558 4094 1634 4168 Deo
1662 4095 1853 4177 auxilium,
1893 4097 1990 4167 ium
2027 4099 2177 4169 dictum:
2217 4100 2434 4172 commenda
2459 4100 2543 4174 Deo

525 4155 569 4224 de
583 4173 705 4242 regno.
759 4151 829 4223 Sed
849 4167 945 4242 pater
959 4149 1051 4224 hanc
1067 4146 1192 4225 habuit
1205 4175 1261 4222 sur
1281 4153 1404 4221 iudicii
1421 4174 1505 4221 cau·
1557 4199 1671 4282 viam,
1693 4197 1729 4266 id
1747 4209 1817 4282 est,
1842 4198 2062 4267 vocationem
2079 4213 2195 4285 mam,
2222 4217 2255 4273 et
2271 4224 2366 4291 ‘pm
2384 4200 2421 4266 fn
2440 4222 2540 4285 eum,

526 4278 619 4339 sem,
653 4254 736 4346 qnia
757 4253 890 4371 Xerxes
909 4269 1013 4325 natus
1036 4269 1110 4326 erat
1125 4280 1165 4326 ex
1184 4253 1255 4324 silia
1276 4252 1362 4348 Cyri
1378 4251 1506 4324 Atussa
1559 4296 1812 4390 etipselaciet.
1863 4296 2276 4384 Acmmpflerodom
2303 4297 2540 4370 Mardonium

525 4367 693 4445 regnante
713 4352 836 4428 Dario.
886 4351 1126 4426 Artabazanes
1147 4367 1285 4440 autem,
1318 4368 1504 4447 antequam
1560 4397 1750 4472 Themin
1767 4400 1931 4471 convivio
1948 4416 2196 4494 antepugmm
2212 4396 2431 4486 ,gpmfflg’
2455 4423 2544 4472 eum

1560 4503 1746 4586 diceretur,
1763 4501 1892 4572 mirum
1908 4526 1981 4573 esse
1996 4519 2069 4576 tom
2079 4506 2237 4592 exiguum
2251 4524 2443 4571 numerum
2451 4499 2546 4574 Per-

525 4560 619 4629 latus
635 4573 688 4630 est
704 4559 813 4649 igitur
829 4558 962 4628 Xerxes
978 4571 1123 4651 propter
1138 4556 1285 4630 Atossae
1302 4558 1507 4650 potentiam,
1561 4626 1679 4674 ”mm
1698 4603 1876 4694 reliquum
1892 4629 1983 4691 esse,
2009 4605 2149 4676 din-sse:
2176 4601 2284 4692 Quod
2303 4604 2404 4677 Dm,
2420 4604 2547 4675 gem,

527 4659 628 4728 cuius
651 4673 686 4729 et
708 4674 852 4751 propter
871 4674 1007 4750 patrem
1030 4684 1155 4751 magna
1176 4671 1250 4730 erat
1272 4662 1364 4750 apud
1384 4658 1508 4729 Persas

526 4758 706 4830 autoritas.
764 4759 934 4831 Scribiint
954 4775 1090 4847 autem,
1116 4763 1242 4833 fratres
1271 4761 1405 4831 interea
1433 4785 1507 4830 non

526 4873 681 4930 mutasse
701 4872 859 4930 mutuam
883 4862 1183 4946 benevolentiam,
1209 4886 1250 4932 ac
1267 4862 1395 4934 usitato
1411 4886 1509 4932 more

527 4961 682 5033 invicem
694 4960 846 5034 alterum
863 4963 965 5035 alteri
981 4988 1128 5035 munera
1143 4963 1290 5036 misisse.

1561 4706 1630 4790 vit,
1653 4726 1728 4773 non
1743 4727 1845 4795 posse
1866 4708 1912 4777 ab
1927 4701 2131 4779 hominihus
2146 4705 2298 4789 mutari,
2320 4727 2436 4798 neque
2454 4729 2546 4797 pro-

1560 4805 1695 4877 babilia
1712 4807 1942 4878 suadentibus
1956 4805 2118 4879 homines
2132 4807 2389 4898 obtemperare.
2411 4802 2468 4878 ὅτι
2483 4802 2548 4880 δεῖ

1560 4903 1739 5008 γενέσθαι
1769 4907 1810 4980 ἐκ
1837 4909 1950 4996 θεοῦ,
1988 4901 2184 5003 ἀμήχανον
2213 4903 2438 5004 ἀποτρέψαι,
2480 4906 2548 4981 καὶ

1548 4994 1684 5092 ιοὐδεὶς
1696 5012 1773 5090 τοῖς
1787 5005 1828 5084 δὲ
1844 5008 1992 5111 λέγουσι
2005 5005 2118 5084 πιστὰ
2133 5003 2336 5083 πείθεσθαι
2352 5005 2482 5086 ἐθέλει.

1185 5187 1194 5203 ‚
1661 5112 1854 5206 Postquam
1876 5114 2047 5185 exercitus
2068 5112 2197 5183 Xerxis
2218 5109 2544 5202 transHellcspon-

779 5220 782 5225 '
807 5180 876 5252 De
902 5176 996 5257 ben
1003 5205 1024 5252 ⁰
1047 5186 1092 5253 X
1091 5204 1138 5255 ‘³²'
1143 5204 1172 5254 α’
1180 5204 1232 5256 ⁸⁸·
1500 5276 1503 5283 .
1562 5227 1638 5286 tum
1662 5217 1790 5288 ductus
1810 5228 1880 5299 est,
1911 5230 2036 5307 quarto
2061 5237 2201 5301 mense,
2224 5214 2390 5285 videlicet
2406 5206 2545 5283 circiter

626 5308 720 5385 Cum
749 5307 852 5383 Darii
888 5314 1060 5386 exercitus
1094 5312 1264 5405 Hippiam
1300 5315 1511 5387 reducturus
1562 5329 1700 5408 tempus
1728 5313 1997 5410 Olympiorum,
2040 5317 2181 5388 circiter
2217 5328 2357 5408 tempus
2393 5311 2550 5386 Solstitii

473 5476 476 5481 .
524 5410 704 5501 Athenas,
737 5413 860 5506 pulsus
888 5429 995 5502 esset,
1027 5413 1159 5487 Darius
1185 5414 1314 5485 maiori
1341 5431 1511 5509 apparatu
1561 5417 1686 5489 aestivi
1700 5429 1893 5509 pugnatum
1907 5429 1959 5488 cst
1974 5418 2100 5490 iisdem
2115 5418 2243 5489 diebus
2256 5418 2296 5487 in
2308 5416 2460 5488 mariad
2474 5412 2550 5486 Ar-

525 5519 660 5591 bellum
679 5519 812 5590 inserrc
833 5514 978 5590 Graecis
1000 5516 1166 5587 decrevit.
1219 5512 1289 5586 Sed
1304 5517 1389 5586 dum
1406 5519 1510 5590 colli·
1561 5519 1738 5591 temisium
1757 5517 1796 5586 in
1816 5511 2017 5603 Thessalia,
2043 5544 2117 5590 non
2141 5520 2266 5612 procul
2287 5516 2487 5610 aPagasis‚
2513 5528 2551 5588 et

524 5620 577 5710 git
595 5622 804 5708 exercituin,
835 5617 999 5694 moritur.
1059 5613 1175 5687 Filius
1193 5615 1305 5706 igitur
1322 5616 1455 5691 Xerxes
1470 5619 1509 5689 in
1560 5619 1648 5690 alibi
1669 5618 1818 5689 interra
1839 5618 2073 5707 infaucibus,
2098 5621 2296 5693 uliiaditus
2319 5632 2370 5692 est
2385 5620 2432 5692 ad
2447 5614 2551 5691 Pho·

524 5720 603 5812 ipso
624 5718 894 5815 gubernationis
915 5719 1021 5790 initio
1043 5714 1194 5810 cupidus
1214 5717 1367 5809 gloriae,
1393 5734 1428 5791 et
1450 5722 1508 5791 in·
1559 5740 1698 5792 censent
1724 5720 1906 5811 regionem
1935 5748 1977 5796 cx
2001 5719 2204 5809 Thessalia,
2235 5744 2386 5818 quarum
2411 5742 2553 5793 nomen

522 5833 677 5898 structus
696 5821 873 5907 exercitu,
905 5843 985 5893 cum
1001 5814 1149 5894 haberet
1168 5820 1389 5897 incitatorem
1405 5820 1507 5893 Mar·
1558 5833 1611 5893 est
1631 5843 1653 5910 a
1671 5821 1797 5897 calidis
1818 5824 1938 5922 equis,
1965 5819 2240 5923 Thermopylae.
2288 5821 2414 5916 Pugna
2435 5844 2553 5896 nava·
