6025 6775
489 657 565 730 919

493 828 613 901 cundo
649 820 877 914 Vespasiani,
929 842 1024 889 anno
1054 815 1201 889 Christi*
1225 818 1479 907 septuagesimo

494 929 670 1008 secundo,
708 945 802 991 anuo
834 933 913 1012 post
932 920 1225 992 resurrectionem
1248 915 1381 993 Christi
1406 920 1479 989 fere

496 1024 774 1123 quadragesimo.

596 1152 704 1223 Initio
744 1150 831 1221 belli
862 1148 1067 1220 Manaimus
1096 1149 1271 1220 occiderat
1302 1173 1478 1220 summum

497 1255 722 1328 Sacerdotem
744 1250 922 1320 Ananiam
951 1274 1031 1320 cum
1055 1247 1228 1320 Romanis
1256 1252 1478 1321 sentientem.

496 1355 558 1426 Sic
572 1354 731 1424 Ananias
754 1353 815 1449 qui
832 1350 996 1422 Iacobum
1013 1347 1228 1441 Episcopum
1244 1349 1479 1445 lerosolymae

496 1469 531 1525 et
561 1455 648 1524 alios
672 1466 811 1522 sanctos
836 1453 967 1522 multos
991 1451 1187 1534 interfecit,
1218 1474 1350 1542 poenas
1371 1453 1479 1522 dedit.

496 1553 722 1626 Successit-ei
746 1575 905 1622 summus
931 1552 1102 1623 Sacerdos
1122 1549 1271 1620 ananus
1293 1550 1478 1622 Romano·

499 1679 581 1723 rum
602 1649 732 1735 hostis,
757 1648 855 1722 hunc
876 1653 1008 1736 zelatae
1029 1651 1210 1742 aliquanto
1232 1665 1312 1741 post
1333 1652 1479 1721 interfe-

497 1767 633 1828 cerunt.
684 1753 774 1823 Nam
791 1752 913 1822 Iudaei
934 1767 969 1822 et
991 1752 1084 1820 inter
1105 1774 1179 1819 sese
1201 1764 1235 1820 et
1248 1749 1479 1822 cumRoma·

497 1857 553 1923 nis
577 1854 801 1923 dimicarunt.
852 1852 1005 1939 Legatur
1025 1866 1142 1920 autern
1166 1852 1302 1941 integra
1321 1848 1480 1937 historia,

497 1971 531 2025 et
555 1979 630 2024 nou
650 1954 764 2023 solum
785 1953 990 2047 magnitudo
1011 1952 1268 2042 calamitatum,
1295 1954 1478 2023 sedetiam

497 2079 620 2126 causae
638 2055 912 2123 considerentur.
965 2050 1133 2121 Ostendit
1147 2048 1242 2121 Deus
1261 2055 1300 2120 in
1314 2049 1381 2123 bac
1392 2048 1479 2124 hor-

497 2156 610 2225 rendo
629 2155 786 2244 exemplo
804 2153 893 2222 iram
910 2175 1009 2222 suam
1023 2155 1188 2221 adversus
1203 2154 1323 2222 omnia
1340 2166 1478 2242 peccata

498 2269 532 2325 et
554 2255 739 2345 praecipue
760 2255 925 2322 adversus
948 2252 1153 2336 saeviciam,
1187 2278 1277 2345 quae
1301 2270 1479 2325 exercetur

497 2367 620 2425 contra
634 2377 753 2422 verani
768 2350 963 2423 Ecclesiam
975 2348 1054 2421 Dei.
1107 2351 1287 2446 Vocatque
1300 2351 1396 2422 Deus
1412 2350 1480 2423 hoc

497 2454 592 2524 tristi
612 2453 808 2544 spectaculo
832 2474 954 2522 ornnes
967 2447 1131 2523 homiues
1143 2454 1188 2522 ad
1203 2454 1480 2540 couversionem,

407 2541 415 2552 “
498 2578 539 2624 ac
562 2554 755 2623 denunciat
777 2577 908 2644 poenas
925 2566 1083 2623 aeternas
1100 2566 1133 2623 et
1148 2569 1346 2644 praesentes
1361 2555 1479 2624 omni-

497 2658 583 2738 bus,
624 2653 686 2748 qui
710 2678 783 2722 nou
804 2654 1013 2743 confugiunt
1036 2655 1080 2722 ad
1101 2656 1331 2727 mediatorem
1351 2654 1480 2725 Domi·

497 2779 585 2824 nuiu
615 2766 775 2823 nostrum
807 2751 923 2824 Iesum
952 2749 1154 2839 Christum,
1186 2757 1276 2827 sicut
1304 2758 1480 2826 secundus

496 2855 658 2926 Psalmus
674 2877 831 2945 expresse
847 2855 1093 2925 concionatur:
1118 2851 1340 2929 Osculamini
1356 2857 1479 2944 filium,

497 2980 543 3025 ne
558 2956 700 3050 quaudo
716 2958 914 3026 exardescat
927 2957 980 3026 ira
995 2955 1071 3027 eius
1087 2969 1152 3029 etc.

598 3088 802 3180 Cogitemus
830 3106 945 3162 autem
972 3114 1051 3160 cum
1073 3090 1169 3161 Deus
1190 3115 1264 3159 nou
1286 3093 1480 3182 pepercerit

496 3193 553 3264 illi
584 3192 705 3283 stirpi,
737 3216 843 3284 quam
869 3205 970 3262 antea
994 3191 1157 3281 praetulit
1177 3192 1343 3260 omuibus
1364 3195 1479 3281 geriti-

496 3298 581 3373 bus,
607 3294 647 3361 iu
670 3316 740 3385 qua
762 3305 832 3362 tam
855 3294 966 3362 inulta
988 3295 1032 3361 de
1052 3315 1124 3361 sese
1141 3292 1341 3361 testimonia
1358 3295 1499 3362 edide-v

498 3410 564 3476 rat,
592 3419 632 3464 ex
648 3388 1307 3487 quanatierantPatresetProphetae:
1334 3393 1478 3482 Quanto

497 3495 615 3562 minus
630 3508 748 3585 parcet
763 3496 841 3565 aliis
857 3497 973 3584 regnis
988 3509 1022 3566 et
1037 3495 1218 3583 gentibus,
1244 3517 1334 3586 quae
1347 3491 1480 3565 habeut

498 3594 633 3664 similia
649 3594 856 3679 delicta,‘ut
871 3610 907 3665 et
919 3594 1051 3666 Paulus
1065 3608 1200 3664 monet:
1225 3592 1315 3665 Cum
1334 3611 1480 3668 natura-

443 3781 446 3790 ·
497 3697 592 3763 libus
611 3694 718 3762 ramis
732 3717 805 3763 uon
822 3697 1035 3783 pepercerit,
1062 3720 1126 3764 uec
1141 3695 1206 3765 tibi
1223 3710 1353 3785 parcet.
1405 3695 1479 3766 Vo-

497 3795 566 3864 luit
585 3808 703 3866 autem
716 3793 813 3864 Deus
834 3809 867 3865 et
882 3795 950 3864 alia
965 3797 1076 3866 multa
1093 3795 1288 3886 significare
1304 3795 1479 3866 deletione

496 3897 641 3990 politiae
658 3894 846 3966 Iudaicae.'

596 4032 777 4110 Primum,
804 4033 879 4103 vult
903 4030 994 4103 hanc
1012 4035 1173 4104 ultimam
1192 4030 1410 4102 eversionem
1426 4047 1478 4104 te-

497 4135 703 4205 stimonium
726 4130 936 4229 esse‚'quod
957 4137 1083 4205 missus
1098 4135 1143 4204 sit
1158 4126 1347 4217 Messias,
1373 4159 1477 4226 quem

496 4250 608 4306 stante
632 4230 697 4309 hac
720 4237 843 4326 politia
867 4237 1025 4324 c'onspici
1047 4249 1081 4304 et
1103 4234 1219 4301 audiri
1241 4236 1425 4304 docentem
1444 4249 1479 4306 et

495 4339 736 4409 ostendentem
758 4335 959 4405 testimonia
982 4348 1016 4402 et
1037 4334 1246 4403 morientem
1269 4350 1304 4405 et
1328 4337 1477 4405 resusci-

494 4454 606 4512 tatum
622 4438 798 4528 oportuit,
822 4450 861 4506 ut
876 4434 1003 4507 Daniel
1019 4434 1251 4525 praedixerat.

597 4570 784 4653 Secundo,
818 4563 904 4637 haec
933 4568 1060 4637 rudera
1084 4579 1117 4636 et
1140 4561 1178 4635 hi
1203 4566 1337 4637 cineres
1359 4582 1479 4639 osten-

496 4674 605 4750 dunt,
635 4670 804 4740 Messiam
826 4693 899 4738 non
926 4669 1071 4737 missurn
1094 4690 1168 4735 csse
1191 4669 1236 4735 ad
1260 4671 1478 4740 constituen-

494 4773 581 4839 dum
603 4791 751 4858 reguum
774 4769 973 4856 politicum:
1000 4770 1061 4837 sed
1085 4768 1130 4835 ad
1152 4768 1365 4838 restituenda
1384 4773 1478 4840 bona

495 4882 654 4954 aeterua,
694 4882 735 4938 ut
767 4865 891 4939 Daniel
926 4868 1060 4963 inquit:
1103 4864 1311 4936 Adducetur
1340 4871 1477 4939 iusticia

494 4971 718 5063 sempiterna.

597 5104 737 5190 Tertio,
763 5102 849 5174 haec
871 5105 1001 5174 rudera
1022 5117 1056 5173 et
1077 5100 1117 5174 hi
1138 5103 1272 5175 cineres
1286 5098 1477 5176 ostendunt

494 5208 708 5276 ceremonias
731 5222 767 5277 et
789 5206 944 5274 forenses
969 5206 1061 5291 leges
1086 5203 1196 5274 Moisi
1218 5229 1292 5274 non
1313 5220 1476 5294 oportere

495 5306 633 5399 imponi
648 5302 845 5388 Ecclesiae,
869 5317 910 5372 ut
932 5316 965 5373 et
986 5318 1071 5374 tunc
1085 5306 1191 5373 multi
1205 5309 1476 5393 contendebant,

753 646 962 727 scauri
988 648 1065 723 ru.
1087 643 1203 720 imi.
1228 644 1297 722 aii
1320 619 1449 723 uisu.
1475 646 1620 729 inor.
1644 650 1713 728 ur
1737 655 1929 738 uuicos.
1949 663 2267 759 sraerauru.

2438 696 2520 773 920

1533 836 1606 942 est,
1624 826 1694 945 imi
1706 824 1827 900 Iudaei
1846 834 2009 949 pplitiam
2028 863 2177 929 suamet
2194 857 2359 948 templum
2377 872 2519 957 magnis

1532 926 1763 998 seditionibus
1794 946 1900 1004 motis
1928 960 2033 1032 saepe
2061 952 2246 1025 restituere
2277 966 2389 1034 conati
2415 983 2518 1043 suut.

1533 1021 1604 1093 Sed
1630 1041 1775 1099 eventus
1802 1036 1974 1124 ostendit,
2012 1069 2137 1119 omnes
2166 1049 2342 1133 humanos
2369 1083 2518 1140 conatus

1533 1138 1656 1196 contra
1672 1128 1851 1201 decretum
1864 1131 1930 1205 Dei
1948 1139 2130 1220 iuloelices
2147 1168 2182 1223 et
2197 1158 2319 1231 irritos
2335 1187 2417 1237 esse.

1559 1342 1569 1359 .
1633 1239 1772 1359 Deinde
1792 1247 1851 1316 die
1868 1265 1991 1327 octavo
2008 1258 2241 1359 Septembris,
2268 1296 2440 1369 quantum
2455 1310 2519 1355 iir-

1531 1341 1587 1410 bis
1605 1342 1785 1437 reliquum
1809 1348 1896 1436 fuit,
1925 1360 2141 1434 combustum
2162 1358 2224 1443 est.
2283 1378 2378 1451 Sunt
2396 1398 2520 1456 autem

1532 1444 1689 1559 anuiab
1709 1445 1805 1517 exitu
1827 1472 1869 1521 ex
1885 1447 2044 1551 Aegypto
2059 1475 2224 1557 usquead
2241 1469 2333 1548 hauc
2349 1483 2520 1556 ultimam

1532 1543 1676 1633 politiae
1704 1543 1869 1620 Iudaicae
1897 1553 2170 1635 destructidnem
2200 1576 2297 1646 mille
2325 1584 2521 1673 quingenti

1532 1646 1733 1732 octuaginta
1756 1651 1840 1719 duo.
1906 1652 1976 1727 Hic
1998 1684 2168 1738 numerus
2188 1674 2371 1764 diligenter
2392 1687 2520 1755 consi-

1532 1745 1711 1833 derandus
1732 1762 1803 1866 est,
1827 1764 1868 1823 ut
1890 1778 1988 1828 nuuc
2008 1787 2150 1858 quoque
2165 1795 2237 1842 nou
2254 1774 2376 1867 procul
2391 1786 2519 1855 abesse

1531 1857 1669 1934 tenipus
1691 1863 1898 1941 cogitemus,
1926 1883 1996 1952 quo
2014 1864 2108 1937 lilius
2122 1866 2191 1940 Dei
2206 1898 2324 1948 rursus
2339 1904 2375 1950 se
2391 1887 2518 1972 generi

1532 1939 1689 2017 humano
1710 1954 1887 2035 ostendet,
1915 1972 1951 2028 et
1973 1965 2225 2060 omnia‘regua
2249 1976 2354 2067 impia
2369 1984 2518 2059 delebit.

1530 2041 1608 2161 liae
1632 2053 1982 2140 commonefactiones
2003 2062 2043 2130 in
2059 2060 2124 2137 hac
2141 2071 2274 2164 insigni
2290 2075 2435 2154 historia
2451 2089 2519 2155 ad·

1531 2150 1728 2234 iungendae
1756 2158 1901 2225 suntad
1924 2160 2115 2236 tristissimi
2138 2179 2293 2267 exempli
2315 2182 2517 2256 lectionem.

1530 2243 1669 2317 Interea
1688 2264 1805 2320 tamen
1825 2269 1860 2324 et
1875 2253 2046 2344 Ecclesia,
2072 2291 2163 2359 quae
2176 2273 2413 2373 lerosolymae
2435 2286 2519 2353 fue·

1531 2360 1606 2420 rat.
1633 2365 1769 2428 servata
1792 2367 1845 2424 est
1866 2371 1962 2427 trans
1977 2360 2172 2444 Iordanem.
2222 2373 2271 2446 Et
2292 2395 2411 2470 postea
2429 2408 2519 2454 cum

1531 2447 1719 2520 mediocris
1740 2457 1980 2548 tranquillitas
2001 2467 2172 2540 rursus‘in
2186 2474 2315 2549 Iudaea
2333 2496 2445 2567 esset,
2472 2485 2519 2553 ad

1532 2544 1766 2643 lerosolymae
1782 2557 1904 2629 ruinas
1919 2562 2036 2639 rediit.
2333 2589 2335 2593 '

1581 2747 1690 2822 Anno
1716 2759 1843 2928 rquqdi
1864 2776 1990 2854 quater
2009 2732 2215 2855 millesimo,
2246 2782 2517 2871 quadragesimo

1754 2880 1791 2927 er
1807 2884 1853 2933 io.

1581 2947 1691 3024 Auno
1703 2954 1841 3029 Rornae
1855 2964 2144 3056 octingentesimo
2158 2976 2333 3054 tricesimo
2347 2983 2494 3075 primm*

1581 3048 1689 3126 Anno
1705 3054 1834 3130 Christi
1848 3069 2082 3155 octuagesimo
2097 3075 2228 3165 primo.

1772 3249 1905 3320 Titiis
1932 3252 2271 3348 Vespasianus.

1533 3485 1542 3504 ι
1630 3380 1742 3508 Eitus
1762 3390 1999 3487 Vespasianus
2029 3410 2122 3495 patri
2146 3415 2321 3486 successit.
2381 3417 2518 3495 Tenuit

1531 3504 1849 3608 imperiumxaniios
1864 3501 1971 3582 duos,
1998 3528 2132 3581 menses
2149 3515 2259 3601 duos,
2284 3519 2361 3588 dies
2378 3523 2515 3613 viginti.

1532 3584 1632 3705 Vpirit
1644 3614 1756 3708 anuos
1771 3598 1914 3686 triginta
1929 3627 2068 3692 novem,
2091 3635 2227 3683 menses
2242 3619 2416 3713 quinque,
2442 3627 2515 3694 dies

1532 3694 1846 3807 vigintiquinque.
1897 3701 2175 3783 Laudatissimus
2196 3718 2281 3804 fuit,
2307 3744 2347 3791 ac
2370 3740 2517 3815 propter

1531 3802 1705 3859 iusticiam
1728 3809 1762 3864 et
1782 3799 2048 3887 beneficentiam
2066 3816 2271 3889 nominatus
2286 3837 2337 3893 est
2352 3819 2472 3894 Amor
2487 3836 2519 3894 et

1530 3883 1700 4005 Eeliciae
1716 3898 1859 3982 'generis
1879 3897 2036 3979 humani.
2086 3911 2228 3986 Patrem
2252 3921 2431 3993 viventem
2458 3930 2520 3997 de-

1531 3991 1604 4106 bqta
1627 3993 1756 4108 pietate
1776 4001 1903 4083 coluit,
1930 4018 1965 4075 et
1987 4021 2105 4081 tamen
2122 4021 2265 4088 consilia
2280 4023 2520 4108 gubernatio-

1531 4113 1587 4157 nis
1614 4094 1769 4201 adiuvit,
1802 4126 1951 4195 cumque
1981 4110 2132 4186 disertus
2158 4133 2241 4188 esset
2261 4121 2299 4186 iu
2319 4117 2460 4195 Latina
2487 4143 2518 4198 et

1533 4187 1667 4306 (praeca
1688 4194 1825 4286 lingua,
1851 4204 2007 4291 plurima
2030 4215 2143 4286 edicta
2164 4219 2343 4304 formavit,
2371 4238 2410 4293 et
2434 4228 2518 4316 plu-

1531 4315 1639 4362 rimas
1652 4296 1829 4369 orationes
1842 4302 1880 4371 iu
1895 4304 2029 4380 Senatu
2046 4317 2151 4404 patris
2168 4317 2473 4400 nominethabuit.
2559 4395 2560 4409 ,

1634 4407 1825 4530 Imperium
1850 4423 1924 4491 eius
1945 4426 2014 4499 fuit
2028 4430 2273 4521 incruentum,
2297 4463 2363 4508 nec
2379 4447 2516 4536 recepit
2559 4476 2560 4481 ¹

1532 4525 1786 4629 apcusatipuem
1817 4537 1937 4612 eontra
1968 4551 2043 4611 eos,
2076 4533 2137 4622 qui
2169 4536 2382 4610 dicebantur
2401 4547 2515 4614 male·
2559 4529 2560 4588 l

1532 4611 1660 4726 dixisse
1677 4624 1902 4730 imperatori,
1929 4626 2109 4721 inquiens:
2136 4631 2212 4723 Ego
2237 4663 2317 4709 cum
2340 4637 2439 4712 nibil
2460 4646 2514 4714 fa·

1532 4735 1619 4778 ciam
1649 4714 1795 4802 dignuin
1827 4739 1969 4816 propter
1997 4733 2094 4824 quod
2118 4742 2331 4810 contumelia
2352 4743 2516 4828 adficiar,

1413 4872 1421 4887 ‚
1446 4871 1455 4887 ,
1532 4814 1711 4883 mendacia
1735 4817 1828 4891 nihil
1851 4848 1947 4901 curo.
1995 4827 2181 4907 Delatores
2198 4842 2317 4922 etiam,
2343 4841 2409 4934 qui
2426 4867 2514 4933 pro·

1530 4925 1607 5001 pter
1629 4918 1793 5004 praedam
1815 4925 1903 4995 alios
1924 4936 2153 5023 accusabant,
2177 4935 2280 5033 (nain
2296 4963 2379 5033 pars
2392 4943 2512 5015 bono-

1529 5037 1610 5132 rum
1632 5017 1738 5089 delati
1761 5022 1804 5090 ad
1828 5026 2018 5101 delatorem
2042 5039 2288 5136 perveniebat)
2310 5066 2432 5115 caesos
2447 5047 2512 5114 aa.

1528 5115 1629 5233 gellis
1648 5133 1708 5190 aut
1727 5122 1879 5193 fustibus
1893 5130 2072 5221 deportari
2088 5139 2197 5215 iussit.
2251 5142 2372 5215 Fratri
2386 5143 2513 5216 Domi-

1529 5229 1627 5288 tiano
1650 5244 1728 5289 cuin
1755 5222 1900 5293 insidias
1918 5233 1952 5302 ei
1966 5247 2131 5324 strueret,
2158 5247 2334 5335 pepercit,
2359 5266 2515 5342 eumque

1528 5316 1724 5413 lacrymans
1744 5316 1904 5397 hortatus
1920 5348 1971 5405 est
1985 5339 2030 5405 ad
2046 5354 2208 5413 mutuum
2224 5371 2409 5436 amorem,
2437 5375 2516 5421 cuin

373 5406 377 5414 ’
493 5424 527 5481 et
548 5431 650 5499 saepe
670 5405 749 5475 aliis
771 5405 989 5497 temporibus
1010 5426 1047 5470 ea
1064 5404 1221 5496 quaestio
1238 5406 1401 5497 praebuit
1416 5433 1475 5479 oc·
1527 5419 1670 5509 quidem
1695 5442 1926 5500 successorem
1950 5459 2030 5505 eum
2054 5440 2124 5510 iani
2147 5447 2378 5519 nominasset.
2448 5452 2519 5525 Sed

492 5511 670 5582 rasionem
687 5504 824 5596 magnis
840 5503 1061 5574 tumultibus.

1525 5530 1642 5586 tamen
1666 5520 1798 5610 opinio,
1810 5528 1897 5615 fuit,
1921 5557 2058 5611 veneno
2077 5545 2266 5620 extinctum
2283 5571 2360 5623 esse
2377 5552 2518 5644 Titum,

593 5643 662 5716 Die
696 5641 755 5712 10.
780 5635 932 5726 Augusti
959 5638 1090 5726 templo
1121 5637 1213 5729 ignis
1244 5642 1392 5714 iniectus
1413 5658 1475 5731 est,
1525 5619 1620 5745 (10οᾄ
1635 5620 1833 5700 ffalssfdari
1848 5632 1880 5701 ei
1897 5654 2060 5716 curasset.

492 5773 562 5840 quo
585 5743 834 5835 conflagravit,
868 5763 932 5812 uec
953 5750 1071 5832 postea
1092 5765 1257 5840 unquam.
1273 5745 1473 5816 restitutum
