6025 6775
499 536 580 618 ,800
741 519 954 606 SCRIPTA
979 520 1056 594 ΡΗ.
1081 516 1198 596 MllL.
1224 514 1293 589 AD
1318 516 1446 594 tttsv.
1472 515 1620 597 PROP.
1642 516 1711 596 ET
1737 516 1931 602 PHILOS.
1956 520 2278 606 SPEC'PANTIA.
2451 531 2525 605 804

505 711 551 782 εἰι
572 702 753 798 sexaginta
776 701 917 780 diebus,
943 706 978 766 et
996 691 1131 764 oraculi
1153 712 1291 761 versus:
1320 684 1395 782 ἥξει
1413 684 1489 763 δω-
1540 688 1617 758 dias
1641 685 1830 781 Sophoclis
1851 707 1886 765 et
1907 690 2103 790 Euripidis.
2160 698 2300 776 Tantus
2326 696 2445 774 honos
2483 703 2528 776 ab

505 806 634 909 ριακός
656 799 828 897 πόλεμος,
859 791 924 869 καὶ
946 790 1072 887 λοιμὸς
1092 788 1161 885 ἅμ’
1181 789 1303 885 αὐτῷ,
1339 792 1402 862 ubi
1419 795 1488 861 du·
1540 790 1732 881 ingeniosis
1749 788 1957 866 hominibus
1975 794 2118 871 habitus
2135 814 2185 872 est
2203 804 2309 873 bonis
2324 806 2479 895 scriptis.

505 915 660 987 hitatum
681 910 765 990 fuit,
803 900 910 993 pestis
931 920 977 967 ne
1007 920 1053 965 an
1082 896 1192 963 sames
1221 892 1488 983 significaretur.

509 1016 583 1089 Sed
598 1016 850 1086 concurrerunt
863 998 994 1070 omnia.
1045 994 1199 1084 Legatur
1220 1008 1336 1065 autem
1354 996 1488 1085 integra

508 1114 656 1187 historia
671 1108 762 1200 apud
779 1099 1028 1195 Thucydidem
1043 1110 1077 1166 et
1090 1092 1377 1189 Xenophontem,
1406 1098 1488 1189 quia

508 1214 658 1306 insignis
685 1202 974 1280 commonefactio
999 1211 1050 1269 est
1081 1200 1125 1268 de
1154 1201 1207 1270 ira
1230 1196 1297 1267 Dei
1321 1203 1490 1269 adversus
1643 1190 1697 1265 Ne
1717 1194 1811 1265 inter
1834 1197 1957 1267 iratres
1979 1200 2023 1267 de
2046 1200 2373 1290 regno'certamina
2389 1210 2526 1281 oriren.

507 1313 697 1387 hominum
713 1309 854 1391 scelera,
881 1317 916 1375 et
929 1304 973 1372 de
987 1301 1103 1372 stultis
1119 1295 1309 1376 hominum
1320 1301 1489 1381 consiliis,
1541 1309 1618 1383 tur,
1647 1295 1778 1367 Darius
1792 1292 1932 1369 Nothus
1946 1312 2026 1371 ante
2047 1324 2146 1373 suam
2161 1321 2316 1377 mortem
2333 1311 2445 1381 filiurn
2463 1336 2528 1386 na-

509 1418 572 1513 qui
593 1415 686 1486 bella
709 1435 783 1481 non
806 1404 1000 1476 necessaria
1023 1417 1168 1474 movent
1190 1403 1283 1472 odiis
1306 1417 1368 1474 aut
1389 1425 1489 1472 caeca
1543 1411 1582 1469 tn
1621 1398 1835 1485 maximum,
1878 1397 2112 1488 Artaxerxen,
2167 1430 2287 1497 regem
2329 1413 2528 1485 constitui,

508 1515 718 1600 ambitione,
750 1524 792 1581 ut
816 1508 920 1579 initio
950 1507 990 1575 in
1015 1505 1109 1575 bello
1139 1506 1315 1574 movendo
1339 1504 1491 1574 Pericles
1543 1498 1712 1570 Tradidit
1731 1514 1850 1572 autem
1875 1504 2146 1591 secundo-lilio,
2178 1506 2292 1601 Cyro,
2323 1512 2402 1581 sine
2429 1516 2529 1603 „0350

506 1619 617 1709 magia
638 1616 722 1686 odio
746 1608 1029 1701 Megarensium,
1055 1607 1258 1698 quamaliis
1281 1607 1490 1675 causismo-
1544 1601 1690 1671 nomine
1718 1604 1987 1693 gubernandam
2010 1601 2161 1697 Lydiam
2188 1620 2222 1677 et
2244 1606 2394 1683 Ioniam.
2454 1615 2532 1686 Sed

507 1734 565 1793 tus
582 1731 644 1792 est.
695 1716 821 1785 Postea
836 1709 1039 1780 Alcibiades
1053 1708 1185 1778 bellum
1202 1709 1324 1778 intulit
1338 1707 1491 1792 Siciliae,
1544 1716 1788 1793 postmortem
1805 1704 1936 1795 patris,
1966 1702 2080 1798 Cyrus
2095 1706 2167 1775 sive
2184 1730 2204 1776 a
2219 1724 2327 1781 matre
2345 1713 2533 1800 incitatus,

505 1835 646 1892 tantum
671 1815 777 1886 stulta
800 1825 835 1882 ει
858 1810 1009 1879 iuvenili
1031 1809 1238 1881 ambitione.
1290 1807 1385 1878 llaec
1410 1833 1489 1878 cum
1544 1828 1633 1896 quae
1646 1806 1770 1875 oderat
1784 1807 1970 1895 coniugem
1987 1808 2206 1889 Artaxerxis,
2230 1810 2302 1881 sive
2317 1813 2451 1908 alioqui
2470 1839 2533 1885 ar-

503 1922 678 2011 legimus,
710 1911 983 1986 commonebant
1006 1911 1117 1979 animi
1144 1925 1178 1979 et
1202 1914 1246 1980 de
1270 1911 1396 1979 timore
1411 1908 1491 1994 Dei,
1543 1910 1628 1975 dens
1650 1908 1843 1998 eupiditate
1862 1906 2139 1995 dominationis,
2163 1909 2293 1980 bellum
2311 1915 2412 1984 fratri
2429 1917 2533 1987 intu-

506 2024 599 2093 etde
614 2016 807 2095 modestia,
832 2026 872 2083 ut
887 2012 1035 2083 dieitur:
1063 2005 1226 2108 Μεγάλα
1242 2005 1400 2094 διώκειν,
1427 2007 1491 2082 καὶ
1543 2007 1603 2091 Ιίι,
1627 2021 1663 2077 ει
1684 2032 1851 2098 magnum
1875 2010 2066 2081 exercitum
2091 2035 2132 2079 ex
2149 2012 2286 2082 minore
2302 2012 2384 2085 Asia
2397 2021 2531 2087 adver.

503 2118 552 2197 τὰ
567 2112 736 2219 παρόνεα
751 2111 796 2189 οὐ
812 2110 959 2212 φέρειν,
984 2110 1225 2206 μαινομένων
1239 2110 1273 2184 οἱ
1291 2107 1331 2184 δὲ
1347 2106 1488 2209 τρόποι.
1543 2130 1602 2177 sus
1621 2107 1766 2178 fratrem
1796 2111 1892 2181 ultra
1919 2106 2130 2202 Euphraten
2159 2114 2271 2187 duxit.
2325 2113 2463 2188 Interea
2494 2133 2531 2192 et

1544 2207 1754 2279 Artaxerxes
1776 2212 1949 2281 contraxit
1970 2234 2139 2301 magnum
2155 2215 2366 2301 exercitum,
2391 2234 2425 2290 et
2447 2243 2532 2292 cum

799 2277 843 2352 D
853 2280 873 2354 ἕ
897 2278 1012 2356 “ibe
1038 2284 1190 2352 mma·
1543 2309 1637 2405 Cyto
1654 2312 1847 2386 dimicavit.
1898 2312 1941 2380 ln
1954 2336 1995 2382 eo
2011 2315 2145 2402 praelio
2160 2314 2277 2410 Cyrus
2289 2318 2434 2389 fratrem
2447 2322 2532 2393 vul·

608 2418 786 2510 Tempore
817 2405 1024 2488 Artaxerxis
1051 2411 1268 2502 Longimani
1297 2424 1330 2481 et
1352 2409 1490 2483 Romae
1544 2413 1699 2497 neravit,
1738 2426 1773 2482 et
1803 2426 1938 2505 partem
1971 2417 2139 2486 exercitus
2165 2419 2240 2488 eius
2268 2420 2347 2489 loco
2381 2423 2532 2514 pepulit.

503 2521 655 2612 insignis
679 2517 829 2590 mutatio
852 2518 943 2587 iacta
965 2527 1027 2585 est.
1079 2513 1355 2585 scribendarum
1371 2513 1489 2602 legum
1543 2512 1614 2584 Sed
1630 2515 1813 2609 aliquanto
1831 2529 1911 2607 post
1927 2540 2007 2586 cum
2026 2518 2252 2607 paucioribus
2270 2521 2478 2614 irrumpens
2492 2515 2542 2596 in'

505 2645 609 2695 eausa
631 2616 840 2691 Decemviri
862 2616 969 2686 creati
989 2627 1089 2700 sunt,
1122 2640 1211 2708 quae
1245 2610 1392 2684 historia
1416 2627 1489 2685 tota
1544 2615 1677 2685 medios
1700 2611 1817 2687 hostes
1840 2615 1973 2710 Cyrus,
1997 2617 2201 2689 interfectus
2222 2636 2284 2692 εει.
2337 2621 2391 2694 lta
2407 2626 2530 2713 irater,

505 2724 602 2815 apud
626 2720 772 2792 Livium
795 2719 944 2809 legenda
969 2729 1030 2791 εει.
1084 2712 1317 2787 Occasionem
1340 2716 1489 2786 consilio
1543 2717 1694 2810 quisine
1710 2718 1801 2789 iusta
1818 2741 1921 2788 causa
1943 2720 2077 2790 bellum
2095 2735 2255 2793 moverat
2270 2724 2440 2798 adversus
2455 2730 2531 2801 ira-

503 2826 623 2913 legum
639 2821 905 2906 scribendarum
921 2819 1162 2910 praebuerunt
1184 2834 1217 2890 et
1233 2818 1381 2888 saevicia
1398 2816 1490 2887 Foe-
1544 2831 1687 2888 tremet
1711 2844 1846 2910 regem,
1880 2843 2081 2914 quanquam
2106 2823 2237 2893 multae
2257 2824 2296 2894 in
2320 2849 2361 2896 eo
2378 2852 2531 2919 magnae

502 2926 730 3009 neratornm,
755 2934 791 2994 et
809 2919 1016 2992 Nobilitatis
1036 2922 1220 3013 superbia,
1246 2943 1336 3013 quae
1359 2919 1489 2989 iudicia
1544 2920 1691 2990 virtutes
1712 2923 1874 3007 fuerunt,
1905 2935 1939 2991 ει
1960 2924 2089 2993 robore
2115 2924 2288 2995 exercitus
2309 2931 2529 3020 antecelluit,

502 3026 680 3099 eludebat.
1543 3022 1667 3092 divino
1683 3023 1814 3134 indicio
1830 3036 2013 3112 superatus
2030 3037 2099 3109 εει,
2126 3039 2160 3096 ει
2181 3027 2277 3100 inter
2293 3033 2446 3124 exempla
2466 3059 2529 3104 re-

1542 3125 1707 3194 ferendus
1738 3139 1807 3210 εει,
1845 3127 1889 3194 (ιε
1917 3126 2047 3217 quibus
2079 3128 2222 3216 regulae
2254 3133 2528 3207 concionantur:

501 3198 682 3322 Parim
705 3190 905 3284 N⁰ffl¹l⁸s
930 3199 1096 3264 ieme*
1120 3212 1204 3263 Μ’
1230 3197 1487 3264 penarum·
1542 3224 1614 3314 Qui
1633 3225 1790 3314 gladium
1815 3227 2006 3318 acceperit,
2031 3228 2151 3317 gladio
2173 3231 2316 3320 peribit.
2370 3233 2527 3332 Quipo-

484 3309 492 3336 ¹
602 3331 686 3405 Non
700 3330 769 3403 luit
784 3329 878 3400 lilius
892 3325 1098 3401 Artaxerxis
1111 3326 1346 3418 Longimani,
1372 3330 1435 3398 sed
1447 3338 1489 3400 ut
1541 3328 1654 3398 testati
1674 3328 1862 3415 resistunt,
1895 3330 2091 3421 punientur
2115 3344 2180 3406 eto.
2233 3332 2395 3410 Virtutes
2414 3341 2528 3413 elusa

501 3437 655 3521 dicitur,
678 3434 827 3503 maritus
851 3433 983 3503 sororis
1007 3431 1129 3522 ipsius.
1181 3429 1359 3520 Regnavit
1374 3453 1487 3500 annos
1540 3424 1798 3521 Xenophonte,
1822 3431 1922 3501 euius
1936 3432 2039 3503 titulo
2055 3446 2149 3505 extat
2164 3429 2312 3509 historia
2326 3434 2527 3514 huiusbel-

504 3537 566 3622 19,
586 3551 628 3606 ut
642 3547 831 3606 numerant
846 3528 1129 3605 etMetasthenes
1143 3543 1177 3602 ει
1192 3529 1330 3603 Graeci.
1368 3531 1487 3603 Huius
1541 3532 1585 3615 li,
1610 3526 1805 3603 honorifice
1827 3533 2087 3605 describuntur.
2138 3537 2283 3609 lusticia
2304 3539 2344 3609 in
2361 3544 2527 3637 imperio,

501 3649 661 3728 tempore
678 3636 783 3704 missa
799 3648 850 3703 est
873 3636 911 3702 in
927 3634 1087 3706 Siciliam
1107 3633 1227 3703 classis
1242 3631 1380 3719 Attica,
1406 3658 1485 3703 cum
1539 3632 1646 3705 Fides
1672 3636 1711 3702 in
1739 3635 1868 3725 pactis,
1901 3634 2078 3706 Modestia
2104 3650 2140 3708 et
2163 3635 2411 3716 Munificentia
2443 3671 2525 3740 erga

501 3738 655 3810 exercitu
674 3736 907 3829 quadraginta
922 3736 1077 3805 millium
1101 3730 1310 3821 hominum,
1336 3736 1486 3805 ducibus
1539 3732 1721 3825 Principes
1736 3749 1770 3805 et
1782 3734 2026 3828 Respublicas,
2053 3736 2242 3813 Fortitudo
2257 3743 2296 3812 in
2311 3746 2527 3835 dimicando,

500 3838 689 3911 Alcibiade
712 3851 747 3907 et
768 3835 882 3911 Nicia.
934 3833 1003 3906 llic
1025 3849 1120 3907 totus
1142 3837 1485 3906 exercitustrucida-
1538 3831 1693 3904 Comites
1716 3858 1796 3925 erga
1820 3838 1963 3912 amieos.
2022 3838 2095 3910 Nec
2119 3842 2248 3913 mirum
2275 3861 2367 3928 erat,
2393 3851 2527 3940 inquit,

501 3955 559 4012 tus
592 3952 660 4024 est,
694 3950 832 4031 praeter
857 3961 1006 4029 paucos,
1039 3937 1101 4031 qni
1134 3938 1216 4026 luga
1250 3936 1359 4028 elapsi
1391 3950 1485 4007 sunt.
1537 3959 1702 4026 superare
1716 3961 1797 4008 eum
1814 3964 1937 4009 omnes
1952 3942 2199 4032 magnitudine
2216 3948 2409 4028 donorum,
2434 3971 2521 4018 cum

499 4041 632 4113 Fuerat
653 4054 771 4112 autem
798 4052 958 4129 suscepta
985 4034 1070 4108 haec
1097 4038 1272 4130 expeditio
1297 4038 1483 4130 praecipue
1537 4038 1731 4108 ditissimus
1753 4053 1852 4111 esset.
1912 4042 1984 4112 Sed
2003 4045 2208 4162 liberaliyati
2226 4047 2352 4115 addere
2367 4049 2523 4123 eomita-

498 4141 698 4215 Alcibiadis
732 4140 946 4229 ambitione,
989 4141 1052 4233 qui
1086 4141 1219 4232 populo
1254 4153 1484 4232 persuaserat,
1537 4152 1605 4207 tem
1622 4153 1655 4208 et
1668 4140 1882 4229 singularem
1897 4144 2082 4232 delectum,
2105 4147 2300 4217 mrrandurn
2320 4161 2383 4222 est.
2430 4150 2523 4222 Sae-

497 4241 657 4315 Athenas
690 4256 763 4315 tota
797 4241 918 4313 Sicilia
952 4243 1124 4333 petituras
1151 4265 1235 4314 esse.
1287 4240 1360 4312 Nec
1381 4265 1482 4312 causa
1536 4265 1580 4332 pe
1598 4241 1739 4331 lagenas
1755 4244 1965 4335 semiplenas
1979 4250 2075 4319 misit
2088 4248 2225 4331 amicis,
2249 4246 2377 4319 iubens
2394 4265 2436 4322 ut
2452 4248 2523 4324 ho-

496 4347 587 4417 belli
598 4345 791 4416 necessaria
807 4358 902 4428 erat,
927 4367 992 4411 nec
1016 4363 1080 4432 par
1100 4357 1177 4413 erat
1193 4342 1308 4413 Attica
1324 4344 1482 4434 potentia
1535 4343 1686 4412 dierum
1703 4345 1825 4414 amicis
1840 4345 2023 4434 biberent,
2049 4348 2130 4442 quia
2154 4348 2212 4417 din
2229 4350 2372 4420 nullum
2389 4354 2521 4426 melius

498 4449 606 4521 simul
631 4447 824 4520 domestico
849 4458 883 4514 et
909 4456 1053 4513 externo
1073 4442 1188 4522 bello,
1214 4446 1274 4512 sed
1291 4445 1482 4537 cupiditate
1534 4445 1658 4514 vinum
1675 4440 1865 4519 habuisset.
1913 4447 2051 4522 Laudat
2066 4463 2200 4535 autem,
2220 4451 2435 4545 semiplenas
2449 4458 2521 4527 mi·

497 4565 532 4621 et
547 4575 646 4622 caeca
670 4573 732 4640 spe
749 4545 888 4618 incitati
905 4540 1067 4615 homines
1088 4566 1191 4634 saepe
1206 4544 1338 4615 iniusta
1354 4558 1388 4616 et
1405 4569 1482 4613 ma·
1534 4545 1635 4626 sisse,
1661 4560 1703 4617 ut
1718 4548 1907 4637 significet,
1934 4553 1978 4620 de
1994 4577 2033 4623 eo
2058 4549 2218 4640 misisse,
2239 4578 2311 4646 quo
2328 4556 2404 4647 ipse
2421 4560 2521 4630 irue-

495 4648 572 4721 iora
585 4651 723 4720 viribus
738 4660 902 4729 movent,
929 4647 1025 4716 iuxta
1041 4646 1192 4716 dictum:
1220 4638 1391 4716 atticotos
1406 4642 1498 4745 μεί-Ι
1533 4647 1638 4715 batur
1653 4659 1688 4715 et
1701 4648 1960 4738 delectabatur,
1984 4669 2017 4724 et
2032 4647 2123 4722 nihil
2140 4652 2172 4721 ei
2194 4654 2271 4724 sine
2292 4658 2414 4729 amicis
2435 4683 2521 4731 sna-

496 4746 584 4820 coto
599 4745 808 4847 λογίζονται
822 4743 886 4820 διὰ
902 4742 1113 4840 ἐπιθυμίας.
1165 4743 1215 4816 Et
1229 4744 1405 4817 Pindarus
1422 4747 1480 4816 in·
1531 4770 1575 4815 ve
1598 4770 1681 4817 esse.
1732 4747 1792 4820 Sic
1812 4765 1849 4823 et
1871 4777 2008 4826 anseres
2035 4776 2187 4827 semesos
2214 4756 2265 4828 ait
2285 4759 2405 4833 amicis
2434 4785 2523 4833 eum

491 4851 590 4942 quit:
623 4849 823 4920 Hominum
844 4851 1001 4918 membra
1027 4849 1169 4937 alligata
1194 4867 1267 4917 esse
1282 4847 1481 4938 impudenti
1532 4848 1679 4920 misisse.
1713 4938 1716 4945 Ι

495 4951 585 5042 spei:
613 4945 767 5022 Δέδεται
784 4942 933 5021 ἀναιδεῖ
954 4944 1072 5021 ἐλπίδι
1088 4950 1184 5045 ysici.
1237 4947 1343 5017 Tales
1358 4972 1480 5020 causae
1633 4949 1718 5023 Post
1739 4951 1824 5049 Cyri
1846 4972 1997 5028 mortem
2014 4971 2115 5053 capta
2137 4962 2249 5030 estin
2266 4957 2521 5056 castrisAspa-

494 5075 574 5124 eum
599 5074 751 5144 poenam
781 5064 817 5122 et
839 5072 981 5140 magnas
1015 5050 1228 5122 calamitates
1255 5051 1478 5124 attraxerint:
1531 5053 1600 5137 sia,
1632 5056 1761 5127 mulier
1793 5057 1931 5137 lonico,
1966 5085 2071 5153 quam
2098 5059 2213 5156 Cyrus
2241 5064 2352 5155 magis
2374 5067 2518 5149 amavit,

492 5148 563 5224 hoc
586 5153 783 5245 exemplum
804 5166 944 5232 monet,
976 5165 1015 5223 ut
1038 5154 1195 5227 modeste
1216 5153 1410 5224 necessaria
1425 5155 1478 5224 la·
1501 5190 1506 5253 ς
1531 5179 1635 5248 quam
1660 5170 1812 5228 caeteras
1835 5161 2062 5233 concubinas.
2113 5164 2215 5234 Adeo
2234 5165 2331 5234 enim
2353 5179 2386 5235 et
2400 5164 2519 5235 forma

492 5254 647 5339 ciamus,
679 5277 744 5324 nec
767 5252 875 5324 stulta
892 5252 1087 5324 ambitione
1108 5279 1312 5325 moveamus
1327 5278 1382 5323 res
1403 5281 1477 5326 nun
1501 5256 1505 5273 '
1530 5256 1719 5346 etingenio
1736 5259 1956 5345 antecelluit,
1983 5279 2023 5335 ut
2039 5264 2220 5335 nominata
2244 5267 2290 5337 sit
2315 5262 2426 5362 Σοφὴ
2444 5263 2517 5338 ’καὶ

490 5354 715 5428 necessarias.
1187 5356 1189 5361 ’
1500 5348 1631 5450 faula).
1684 5357 1787 5428 Hanc
1804 5373 1939 5452 captam
1957 5360 2171 5435 Artaxerxes
2185 5368 2288 5437 valde
2303 5392 2421 5439 amare
2436 5392 2520 5438 eoe-

591 5456 753 5548 Dignum
776 5455 946 5528 memorio
973 5470 1008 5527 et
1033 5450 1100 5526 hoc
1121 5469 1191 5539 est,
1225 5459 1321 5547 quod
1346 5459 1476 5549 captivi
1499 5450 1504 5547 l
1527 5460 1592 5549 pit.
1644 5456 1736 5529 Cum
1761 5474 1878 5530 autem
1904 5464 2019 5534 filium
2042 5462 2193 5536 Darium
2214 5492 2331 5559 regem
2356 5485 2521 5551 creasset,

489 5557 727 5634 Athenienses
741 5558 844 5630 multi
862 5557 1001 5628 dimissi
1017 5571 1101 5627 sunt
1117 5569 1261 5648 propter
1279 5553 1345 5627 hoc
1358 5559 1476 5628 solum
1499 5554 1502 5583 ²
1528 5573 1562 5629 et
1578 5561 1794 5630 consuetudo
1812 5580 1918 5649 esset,
1950 5579 1989 5637 ut
2004 5567 2082 5653 die,
2115 5592 2185 5662 quo
2202 5582 2303 5665 pater
2325 5572 2441 5641 lilium
2461 5597 2521 5643 re,

488 5663 662 5744 officium,
688 5662 787 5757 qnod
804 5658 935 5733 Siculis
953 5657 1301 5730 communicaverant
1318 5657 1474 5748 Tragoe-
1527 5681 1606 5750 gem
1642 5663 1930 5753 renunciaverat,
1970 5668 2091 5740 liceret
2125 5669 2200 5739 filio
2225 5674 2366 5765 donum
2397 5689 2522 5766 petere
2551 5686 2554 5693 '

1567 961 1867 1033 Artaxerxes
1891 965 2125 1054 otnemon,
2165 975 2393 1061 septimus
2414 994 2503 1045 reo:

1897 1068 2166 1142 Persarum.
