6025 6775
564 761 636 840 127
1258 727 1417 808 unca.
1454 726 1529 800 nn
1566 728 1878 809 consueto.
2052 829 2062 848 .
2337 762 2340 769 -
2512 737 2584 806 us

670 926 786 998 Vobis
803 931 919 991 autem
944 904 1165 983 auditoribus
1193 913 1267 970 toto
1295 914 1436 990 pectore
1459 912 1557 989 opto,
1702 894 1780 992 Etsi
1801 911 1917 968 autem
1944 911 2040 970 tanta
2063 899 2260 989 amplitudo
2285 913 2336 972 est
2356 903 2582 974 admirandae

571 1032 737 1109 utillum
758 1023 883 1102 salem,
909 1016 953 1083 de
976 1033 1047 1102 quo
1073 998 1257 1072 filius-Dei
1279 1001 1458 1092 loquitur,
1492 996 1555 1067 ba·
1607 1001 1798 1091 sapientiae
1820 1013 1854 1070 et
1868 999 2050 1089 diguitatis
2072 1001 2112 1071 in
2134 1001 2318 1090 coniugio,
2341 1015 2381 1071 ut
2395 1026 2470 1071 eam
2486 1007 2584 1074 nulla

574 1134 687 1208 beatis
735 1127 823 1195 sicut
856 1113 987 1205 mquit:
1023 1106 1149 1177 Salem
1179 1105 1343 1173 retinete
1372 1105 1413 1171 in
1444 1099 1558 1181 vobis,
1607 1101 1734 1169 mentis
1758 1096 1932 1169 humanae
1960 1101 2050 1170 acies
2071 1100 2211 1192 penitus
2241 1102 2492 1192 introspicere,
2522 1130 2587 1173 nec

578 1246 617 1311 σε
638 1184 725 1307 gitis
747 1214 955 1298 concordes.
1015 1204 1064 1275 Et
1086 1207 1200 1294 ipsum
1225 1201 1337 1269 filium
1361 1198 1450 1284 Dei,
1484 1200 1559 1269 Du·
1609 1203 1682 1270 ulla
1698 1201 1898 1291 eloquentia
1912 1201 2022 1289 possit
2043 1196 2245 1286 exhaurire,
2266 1213 2385 1270 tamen
2405 1202 2589 1273 Floriferis

578 1338 716 1407 minum
744 1337 904 1395 nostrum
926 1312 1041 1384 lesum
1063 1304 1262 1386 Christum,
1295 1300 1356 1392 qui
1380 1314 1430 1368 est
1453 1294 1561 1397 λόγος
1610 1316 1649 1372 ut
1665 1325 1746 1391 apes
1761 1301 1961 1370 insultibus
1977 1302 2096 1369 omnia
2111 1302 2235 1381 libant,
2251 1303 2370 1370 omnia
2385 1325 2451 1369 nos
2465 1303 2589 1373 itidem

581 1431 713 1508 aeterni
747 1420 872 1513 patris,
914 1426 948 1482 et
981 1405 1213 1494 Evangelium
1248 1425 1288 1469 ex
1321 1423 1449 1468 arcano
1479 1402 1560 1469 sinu
1611 1402 1791 1490 depascier
1822 1425 1925 1470 aurea
1958 1401 2069 1481 dicta,
2112 1425 2215 1470 aurea
2249 1417 2416 1491 perpetua
2451 1425 2591 1493 semper

582 1528 714 1606 „semi
737 1519 846 1612 patris
868 1514 1038 1607 protulit,
1063 1532 1145 1588 oro,
1169 1519 1208 1572 ut
1232 1526 1273 1570 co
1295 1502 1385 1585 sale,
1409 1496 1477 1568 hoc
1500 1518 1562 1578 est,
1613 1502 1817 1591 dignissima
1833 1502 1904 1572 vita
1919 1502 2155 1585 decrevimus,
2180 1515 2213 1571 et
2227 1516 2396 1593 quantum
2421 1505 2590 1592 temporis

582 1658 622 1705 ea
635 1625 795 1701 doctrina
810 1631 846 1688 et
864 1612 1045 1705 sapientia,
1068 1629 1172 1700 quam
1190 1601 1361 1693 patefecit,
1384 1615 1518 1670 mentes
1531 1614 1564 1669 et
1597 1602 1783 1694 ‘propositi
1801 1602 1958 1690 angustia
1972 1603 2149 1692 concedit,
2169 1603 2284 1671 fontes
2300 1625 2401 1670 verae
2414 1603 2591 1671 laudatio·

583 1745 724 1825 pectora
738 1735 852 1793 vestra
865 1718 1001 1804 semper
1015 1710 1196 1798 gubernet.
1246 1699 1343 1770 Dixi.
1569 1743 1573 1754 ·
1615 1703 1672 1770 nis
1688 1702 1842 1790 coniugii
1859 1701 2022 1772 indicatis
2040 1725 2157 1771 rerum
2181 1704 2372 1793 capitibus,
2399 1717 2432 1771 et
2457 1703 2591 1791 praeci-

1616 1826 1684 1893 pue
1699 1801 1886 1889 imaginem
1904 1803 2106 1872 admirandi
2119 1803 2272 1872 foederis
2294 1803 2385 1873 inter
2400 1798 2591 1885 Christum,

1615 1917 1650 1971 et
1664 1898 1855 1970 Ecclesiam
1881 1902 2055 1971 inaniore
2075 1904 2251 1992 coniugali
2272 1906 2486 1995 propositam
2502 1903 2592 1970 deli·

673 2052 744 2125 148
1396 2055 1444 2094 ,m
1469 2032 1564 2094 1555,
1615 2002 1786 2094 habimus.
1835 1998 1995 2094 Cumque
2011 2004 2049 2071 iu
2065 1999 2129 2072 hac
2143 2005 2312 2074 tenuitate
2328 2029 2403 2072 mea
2421 2027 2493 2070 non
2511 2026 2593 2092 pos-

584 2063 763 2187 Νᾶῃᾷ
1389 2118 1560 2148 *0⁸*
1617 2104 1683 2171 sim
1710 2101 1880 2172 orationis
1907 2103 2078 2174 suavitate
2099 2128 2139 2172 ac
2163 2103 2331 2192 elegantia
2365 2103 2592 2194 politissima·

908 2237 984 2321 ¹²⁰
1010 2230 1240 2336 cmliii
1451 2315 1455 2322 -
1618 2303 1867 2380 db
1884 2204 2594 2373 tftittttctt¹⁰1ttf⁵tt¹tftttz

658 2410 776 2469 prodiit:
795 2396 963 2520 ’,9Ρέώῆ
979 2386 1250 2512 ὓῗῦἶῖὓὶοῇοζῇξξοζξ
1263 2379 1569 2505 fflifflffiff‘fffilb
1620 2326 1752 2471 riirum
1783 2357 2132 2483 commemoratione,
2170 2418 2204 2473 et
2228 2329 2400 2473 seimonis
2425 2404 2594 2473 brevitate

690 2475 875 2618 {biiiiiqs
891 2480 1017 2589 ‘sarreia
1033 2525 1067 2581 Τ.
1080 2522 1128 2577 tv.
1148 2540 1174 2592 p.
1188 2521 1250 2572 sta.
1272 2531 1298 2573 et
1317 2516 1446 2573 ttictsrt.
1466 2515 1500 2571 Τ.
1520 2516 1569 2571 ttt.
1620 2502 1773 2571 taedium
1788 2515 1942 2572 vestrum
1961 2504 2086 2573 levem.

694 2636 722 2689 p.
738 2611 800 2666 439.
1072 2629 1082 2648 ·
1722 2599 1856 2671 indidit
1871 2601 1967 2672 Deus
1982 2605 2147 2672 omuibus
2161 2601 2306 2692 Angelis
2326 2618 2359 2674 et
2379 2600 2595 2687 bominibus,

589 1898 1561 1947 ‚ew

1622 2715 1663 2772 ut
1685 2714 1898 2771 caeterarum
1917 2704 2108 2788 virtutum,
2132 2704 2179 2771 ita
2193 2705 2355 2774 castitatis
2373 2727 2512 2796 quoque
2528 2727 2595 2771 no-

1621 2802 1759 2885 ticiam,
1783 2818 1822 2871 ut
1836 2803 2220 2895 agnoscamus,‘qualis
2235 2804 2279 2873 sit
2295 2805 2377 2894 ipse,
2404 2804 2490 2874 etin
2506 2828 2596 2894 quo-

630 2991 633 3002 ·
1622 2902 1756 2971 tidiana
1778 2904 2003 2972 invocatione
2019 2929 2098 2972 eum
2119 2928 2138 2971 a
2157 2906 2293 2972 naturis
2309 2905 2409 2972 malis
2429 2920 2463 2973 ct
2478 2903 2597 2992 impu·

570 3054 573 3058 ·
595 3014 692 3098 Tota
715 3011 883 3087 diviniias
904 3025 1026 3073 ⁰¹1¹³¹¹⁸
1054 2997 1247 3067 ‘miiaiin'
1277 2989 1486 3059 idfflifflndit
1516 3012 1572 3057 ⁸³·
1610 3002 1722 3086 dicis,
1746 3027 1786 3072 ac
1801 3003 1995 3072 immundis
2010 3028 2029 3071 a
2044 3003 2196 3072 diabolis
2212 3017 2246 3072 et
2263 3003 2514 3072 'commenticiis
2528 3026 2596 3071 nu-

595 3120 730 3221 pientia
765 3126 799 3182 et
828 3104 1033 3199 gravissima
1061 3094 1314 3167 deliberatione
1333 3089 1464 3206 'statim
1493 3104 1573 3179 post
1623 3102 1780 3171 minibus
1812 3104 2043 3174 attributione
2073 3104 2243 3174 virtutum
2277 3105 2531 3186 discernamus,
2565 3118 2599 3173 et

596 3213 835 3300 conditionem
850 3210 888 3277 in
903 3202 1070 3274 Paradiso
1083 3200 1262 3267 decretum
1276 3192 1370 3273 fectt,
1386 3190 1478 3282 quod
1495 3189 1573 3260 vult
1623 3226 1702 3272 cum
1727 3203 1838 3294 ipsius
1857 3203 2027 3294 sapientia
2047 3218 2082 3273 et
2097 3204 2303 3284 voluntate,
2328 3203 2428 3272 cuius
2448 3203 2538 3272 radii
2561 3204 2600 3271 in

594 3331 737 3400 firmum
753 3329 788 3385 et
799 3314 986 3381 immotum
1002 3323 1087 3383 esse,
1114 3321 1183 3390 quo
1200 3291 1353 3362 instituit
1370 3305 1403 3360 et
1424 3290 1574 3359 ccccivii
1625 3315 1758 3372 mentes
1780 3316 1917 3373 nostras
1941 3303 2107 3376 transfusi
2129 3316 2232 3388 sunt,
2257 3325 2501 3393 congruamus.
2553 3299 2602 3373 Ut

595 3427 694 3501 hunc
718 3417 899 3491 ordinem,
929 3417 970 3474 ut
990 3397 1151 3471 homines
1172 3397 1209 3462 in
1232 3392 1395 3481 coniugi⁰
1416 3392 1573 3479 legitimo
1623 3403 1733 3493 igitur
1749 3406 1919 3493 agnoscis,
1942 3419 1975 3475 et
1989 3407 2130 3475 invocas
2145 3406 2259 3478 Deum
2275 3406 2478 3495 sapientem,
2501 3425 2602 3472 vera-

600 3537 691 3599 caste
711 3517 852 3593 vivant,
884 3517 918 3574 et
939 3502 1055 3571 vitatis
1087 3494 1298 3565 libidinibus
1320 3492 1416 3579 vagis
1435 3489 1511 3559 Deo
1535 3492 1574 3560 in
1625 3527 1718 3585 cem,
1742 3505 1894 3584 iustum,
1919 3507 2131 3584 beneficum,
2157 3505 2436 3588 misericordem,
2460 3502 2601 3572 liberri-

599 3621 754 3698 castitate
771 3609 944 3691 serviant,
967 3595 1082 3671 ethoc
1097 3594 1239 3665 vinculo
1255 3614 1363 3680 genus
1379 3586 1574 3660 humanum
1625 3627 1742 3685 mum,
1767 3604 1829 3695 qui
1852 3626 1888 3672 se
1911 3605 2073 3692 patefecit
2098 3603 2219 3688 talem,
2244 3605 2419 3694 insculpta
2436 3603 2490 3674 sui
2512 3604 2602 3673 ima-

601 3720 820 3799 consocietur
835 3723 869 3779 et
884 3717 976 3774 certa
994 3703 1068 3789 lege
1090 3706 1310 3787 propagetur·
1362 3689 1440 3760 Hoc
1453 3692 1575 3761 'dcccc-
1624 3703 1705 3792 gine
1718 3703 1756 3769 in
1777 3716 1909 3770 mentes
1930 3715 2085 3779 nostras,
2110 3715 2144 3768 et
2161 3701 2198 3766 iu
2218 3704 2325 3789 verbo
2350 3727 2430 3797 suo,
2456 3717 2491 3772 et
2509 3699 2603 3781 butte

600 3842 677 3899 tum
691 3822 764 3910 ipse
780 3811 872 3880 filius
887 3805 957 3874 Dei
981 3802 1017 3869 in
1034 3797 1200 3868 Paradisu
1215 3795 1326 3883 dixit,
1352 3817 1391 3861 ac
1415 3791 1577 3882 patefecit
1625 3826 1737 3872 unum
1760 3826 1882 3871 verum
1902 3800 2016 3872 Deum
2039 3802 2083 3868 ab
2103 3800 2268 3868 omnibus
2290 3800 2368 3868 aliis
2392 3802 2532 3867 staturis.
2548 3826 2603 3869 se-

601 3929 640 3997 in
655 3914 858 3992 conditione
877 3925 978 3975 ⁸0¹1ss
999 3897 1184 3983 foeminei,
1210 3918 1313 3988 (1⁰³¹ss
1336 3895 1447 3984 ipsam
1463 3892 1576 3962 V⁰l⁰ii
1606 3924 1762 3992 greges:
1788 3902 1836 3973 ita
1859 3920 1991 3972 castum
2013 3925 2153 3993 quoque
2167 3898 2280 3971 Deum
2301 3914 2393 3970 casta
2416 3912 2449 3968 et
2471 3899 2601 3989 impol-

602 4022 791 4112 imaginem
806 4033 878 4081 esse
891 4003 1066 4075 Ecclesiae
1082 4022 1123 4068 ἐκ
1145 4021 1217 4067 ³0⁵0
1238 3994 1423 4063 nasceniit·
1477 3991 1578 4064 Sicut
1626 4005 1701 4073 luta
1724 4016 1840 4072 mente
1862 4003 2090 4092 compellato,
2125 4026 2274 4094 eumque
2303 3997 2367 4070 bac
2391 4000 2603 4092 proprietate

603 4126 697 4198 enim
724 4100 772 4186 er
786 4111 902 4183 Adam
930 4102 1127 4174 dormiente
1154 4097 1305 4168 sumitur
1336 4108 1449 4176 costa,
1480 4095 1577 4163 unde
1627 4129 1647 4172 a
1671 4103 1821 4173 diabolis
1842 4104 1976 4194 spurcis
1997 4119 2030 4172 et
2058 4104 2279 4186 immundis,
2302 4102 2362 4194 qni
2391 4101 2603 4171 imbecillam

602 4212 804 4297 aedificatur
825 4207 918 4291 Eva,
942 4205 991 4275 sic
1010 4199 1165 4272 Ecclesia
1189 4223 1230 4267 ex
1252 4189 1329 4288 ip‘sn
1353 4217 1498 4284 corpore
1510 4194 1578 4262 lilii
1629 4199 1814 4273 bantinum
1843 4226 2004 4272 cratin-am
2024 4207 2082 4282 ‚ad
2115 4205 2320 4292 spurciciam
2354 4219 2387 4273 et
2412 4201 2604 4272 libidinum

601 4322 668 4402 Dei
684 4326 749 4416 pro
765 4313 1043 4391 nobissimus,
1069 4303 1193 4383 idest,
1217 4323 1258 4367 ΕΚ
1275 4311 1400 4367 miili&
1424 4290 1577 4364 human&
1629 4303 1852 4373 confusiones
1875 4305 2080 4394 impellunt,
2108 4304 2315 4387 discernito,
2340 4319 2432 4373 aeut
2456 4307 2492 4370 in
2512 4304 2605 4370 veri-

603 4451 690 4520 quae
712 4433 764 4492 est
783 4414 878 4487 socia
899 4406 965 4476 filii
979 4403 1065 4487 Dei,
1089 4414 1123 4471 ci
1144 4423 1207 4492 pcc
1229 4414 1376 4469 ¹¹¹⁰ii²¹¹¹
1394 4396 1505 4486 iP⁸i¹1⁸
1521 4420 1579 4465 re·
1628 4416 1717 4486 tate,
1751 4403 1906 4488 iusticia,
1941 4407 2165 4475 lurreliceutia
2189 4420 2222 4474 ct
2253 4405 2394 4474 caeteris
2418 4404 2607 4472 virtutibus

603 4530 761 4618 dempta,
785 4515 950 4587 sumitur.
1629 4506 1748 4574 studes
1769 4528 1848 4573 cum
1872 4506 2052 4576 voluntate
2073 4503 2139 4574 Dei
2165 4505 2371 4587 coricenire,
2398 4505 2444 4573 ita
2467 4506 2605 4573 castita-

704 4622 824 4707 Quare
843 4611 947 4681 initio
966 4605 1079 4675 filium
1099 4599 1166 4669 Dei
1181 4596 1398 4666 ⁰⁰¹¹(iii0fflss
1415 4597 1523 4665 macic
1539 4619 1580 4666 cc
1630 4619 1700 4675 tem
1716 4628 1857 4696 quoque
1874 4629 2059 4694 cognoscas
2074 4622 2106 4675 et
2121 4628 2231 4684 ames,
2255 4631 2359 4697 quam
2376 4605 2510 4694 legibus
2522 4629 2606 4674 con-

603 4722 797 4797 foeminae,
822 4725 857 4782 et
876 4711 1032 4801 primum
1055 4714 1214 4772 autorem
1231 4695 1427 4764 admirandi
1449 4710 1483 4765 et
1499 4697 1579 4766 dul·
1631 4705 1719 4794 iugii
1733 4701 1830 4773 Deus
1848 4707 2004 4776 ,mdvig

605 4817 735 4894 cissimi
759 4809 910 4881 foederis
935 4805 1124 4905 coniugum
1156 4809 1230 4867 toto
1257 4802 1397 4886 pectore
1424 4818 1505 4881 ΟΝ,
1539 4811 1581 4866 ut
1730 4798 1794 4875 Est
1817 4806 1911 4874 enirn
1929 4805 2068 4876 castitas
2084 4807 2139 4873 vel
2154 4805 2191 4872 in
2208 4806 2341 4873 coelibe
2356 4805 2427 4874 vita
2445 4805 2520 4874 sinc
2535 4805 2608 4873 ulla

605 4917 807 5010 coniugium
820 4909 945 4993 foelix,
968 4897 1221 4993 tranquillum,
1243 4894 1459 4965 immitium
1474 4909 1507 4965 ci
1520 4918 1581 4966 ⁸³·-
1632 4904 1879 4975 commistione
1912 4920 1947 4976 et
1977 4905 2275 4976 contaminatione
2314 4907 2491 4996 corporis,
2532 4907 2608 4973 siue

604 5028 717 5096 lutare
739 5033 870 5109 sponso
892 5019 927 5077 et
957 5023 1103 5095 sponsae
1126 4998 1269 5069 tribuci·
1326 4991 1423 5066 flacc
1445 5011 1525 5069 vota
1547 5012 1581 5068 et
1630 4998 1782 5075 flammis
1796 5006 2009 5085 libidinum,
2034 5007 2318 5098 sineimpudicis
2339 4999 2609 5096 cogitationibus

604 5149 670 5218 pro
693 5117 857 5192 omnibus
879 5107 948 5203 piis
970 5100 1197 5191 coniugibus,
1222 5114 1257 5169 et
1277 5097 1464 5192 praecipue
1485 5123 1582 5169 nunc
1632 5128 1762 5198 purum
1782 5120 1817 5177 et
1837 5109 2012 5177 mundum
2026 5108 2161 5191 vivere,
2186 5106 2241 5175 vel
2260 5108 2353 5196 leges
2375 5104 2607 5196 coniugiimi-

605 5250 669 5318 pro
691 5223 788 5303 viro,
813 5211 991 5289 doctrina,
1017 5204 1146 5275 virtute
1171 5213 1206 5270 et
1234 5202 1323 5301 bene
1344 5199 1480 5270 meritis
1499 5224 1581 5290 erga
1632 5207 1745 5275 raudo
1760 5201 1827 5277 Dei
1841 5207 1991 5277 consilio
2007 5207 2184 5278 institutas
2198 5231 2355 5289 servare,
2379 5225 2416 5279 et
2430 5210 2518 5274 iutra
2534 5227 2606 5269 me-

548 5337 554 5348 ’
604 5322 795 5399 Ecclesiam
815 5313 880 5384 Dei
903 5326 936 5380 et
955 5304 1228 5397 Rempubliccm
1249 5298 1440 5370 librariam
1461 5302 1583 5371 claris·
1633 5323 1706 5387 tas,
1732 5330 1819 5398 quas
1834 5308 1999 5399 coniugio
2013 5307 2109 5379 Deus
2121 5309 2371 5391 circumdedit,
2395 5326 2545 5374 manere.

605 5428 713 5506 simo,
735 5417 948 5489 Tilemanno
963 5407 1091 5488 Stella,
1116 5416 1151 5471 et
1171 5420 1300 5490 sponsa
1322 5399 1431 5489 ipsius
1446 5399 1582 5471 Helena
1729 5405 1778 5478 Ut
1800 5422 1917 5479 autem
1932 5410 2026 5479 solae
2045 5410 2202 5498 anglicae
2216 5410 2359 5478 naturae
2372 5419 2404 5475 et
2420 5405 2608 5474 immatura

604 5526 785 5617 virginum
800 5515 944 5590 dcc⁰ccs
968 5504 1102 5574 iccium
1119 5522 1242 5571 ⁰¹1¹ss0⁸
1255 5498 1342 5568 b⁰1¹i
1359 5514 1394 5569 ct
1408 5497 1584 5571 Ecclesiae
1634 5520 1746 5588 aetas,
1771 5522 1806 5577 et
1821 5510 1932 5603 aliqui
1954 5511 2129 5602 peculiare
2144 5513 2278 5579 donum
2302 5504 2466 5574 habentes
2482 5505 2519 5571 in
2537 5505 2608 5575 vita

604 5628 672 5699 Dei
698 5648 737 5693 ac
760 5619 943 5687 literarum
965 5613 1140 5687 amantes,
1164 5599 1345 5693 qui'suam
1365 5600 1584 5672 voluntatem
1636 5604 1769 5674 coelibe
1783 5606 1859 5679 Deo
1883 5604 2060 5697 serviunt,
2084 5612 2133 5680 ita
2153 5607 2369 5679 severissimo
2389 5607 2555 5677 mandato
2577 5622 2612 5677 et

606 5745 640 5798 ot
653 5711 936 5798 benevolentiam
952 5729 1015 5799 per
1035 5727 1093 5775 me
1109 5698 1192 5773 bnic
1214 5698 1451 5770 illustrissimo
1467 5701 1586 5774 coetui
1635 5705 1861 5778 ordinatione
1883 5708 1972 5795 Dei,
1996 5724 2148 5782 caeteros
2170 5731 2308 5789 omnes,
2334 5706 2403 5775 nisi
2425 5706 2515 5776 iram
2534 5705 2612 5792 Dei,

608 5829 795 5897 voluerunt
810 5808 1012 5907 significari.
1636 5804 1860 5878 amissionem
1881 5810 2013 5898 gratiae
2025 5811 2092 5883 Dei
2113 5825 2148 5884 et
2166 5810 2259 5882 vitae
2280 5823 2459 5895 murrae,
2483 5831 2615 5900 poenas

635 2776 761 2849 Oratio
794 2764 841 2837 de
873 2757 1063 2849 coaia91‘03
1101 2751 1265 2819 recitata
1297 2767 1322 2815 α
1354 2741 1537 2814 Dovtde

960 2854 1203 2946 ctytraeo.
