6025 6775
498 602 575 680 246
980 591 1138 669 DECL.
1171 592 1245 670 Du
1278 596 1515 672 STUDllS
1550 593 1679 667 VET.
1712 593 2065 677 PHlLOSOPH.
2459 614 2535 694 2⁴6

598 773 653 845 ῃ,
687 766 838 843 Euclide
872 769 1048 852 referunt,
1101 791 1180 837 curn
1221 770 1357 840 obortis
1392 770 1485 841 inter
1536 768 1591 836 xis
1608 780 1644 837 et
1657 768 1869 840 errabundis
1884 770 2155 861 implicabimini
2171 779 2383 861 tramitibus,
2401 798 2435 856 et
2449 788 2530 878 opi-

496 874 736 951 Athenienses
752 886 786 942 et
800 871 932 940 vicinos
941 868 1166 959 Megarenses
1178 870 1346 955 dissidiis,
1370 868 1485 942 Athe·
1537 869 1710 938 nionibus
1734 868 2048 943 circumducemlni
2074 876 2238 962 incertis,
2265 894 2370 973 atque
2392 907 2412 953 a
2435 890 2528 958 veri-

497 982 640 1051 nienses
658 977 772 1047 edicto
787 973 927 1065 publico
943 971 1134 1061 cavissent,
1161 984 1201 1041 ut
1215 974 1244 1040 si
1266 973 1345 1063 quis
1359 974 1484 1063 Mega·
1537 970 1620 1043 tatis
1642 983 1756 1040 certae
1782 994 1823 1040 ac
1844 972 2000 1045 directae
2020 999 2146 1050 norma
2173 982 2297 1053 crebro
2318 984 2527 1059 aberrabitis

498 1083 662 1154 ,emtum
679 1079 799 1170 pedem
815 1068 974 1143 Athenas
996 1073 1156 1143 intulisse
1174 1070 1413 1164 deprehensus
1427 1098 1483 1144 es·
1536 1070 1698 1142 destituti
1719 1073 1830 1143 ductu
1854 1071 2099 1163 Geometriae,
2138 1105 2229 1174 quae
2247 1088 2318 1156 τοῦ
2340 1081 2396 1158 ἀεὶ
2419 1086 2527 1172 ὄντος

501 1197 574 1267 get,
611 1206 649 1251 e,
677 1201 730 1248 ηε
757 1178 789 1245 ei
821 1170 964 1245 homini
986 1176 1144 1264 capitalis
1166 1189 1273 1258 esset,
1305 1173 1483 1247 Eucliden
1535 1177 1767 1271 yvuioscest,
1810 1188 1844 1245 et
1865 1171 2026 1247 methodi
2048 1180 2193 1268 artifex,
2233 1200 2268 1256 et
2290 1191 2456 1259 extructis
2481 1214 2523 1262 ac

501 1286 564 1379 qui
581 1279 730 1368 Megaris
750 1290 842 1361 erat,
868 1290 902 1347 et
916 1271 1071 1347 Athenis
1084 1298 1157 1346 esse
1180 1291 1262 1346 ante
1284 1277 1320 1345 id
1344 1292 1482 1370 tempus
1536 1273 1708 1345 contextis
1727 1276 2090 1350 demonstrationibus
2121 1284 2195 1353 sola
2227 1309 2316 1377 pene
2346 1285 2390 1361 τὸ
2419 1288 2521 1387 ὕπαρ

501 1403 602 1477 atque
624 1381 748 1451 audire
771 1377 951 1451 Socratem
976 1391 1224 1458 consueverat,
1251 1393 1329 1469 post
1348 1381 1482 1451 editum
1536 1377 1718 1446 evidenter
1746 1377 1899 1467 profert,
1914 1405 1916 1410 ¹
1934 1392 1969 1449 et
1993 1384 2147 1473 quaesit
2170 1387 2222 1456 vis
2247 1390 2522 1464 demonstratio·

500 1490 533 1555 id
550 1487 728 1553 decretum
745 1481 812 1550 sub
827 1494 966 1550 noctem
989 1478 1194 1571 priusquam
1217 1482 1483 1577 advesperasce-
1534 1502 1621 1548 num
1650 1479 1688 1546 in
1712 1478 1879 1548 omnibus
1903 1480 2056 1566 artibus,
2088 1508 2177 1575 quae
2205 1490 2399 1576 certitudo,
2431 1520 2521 1588 quae

495 1599 548 1658 ret
563 1584 683 1655 tunica
701 1584 805 1671 longa
827 1581 992 1652 muliebri
1013 1580 1179 1651 indutum
1203 1595 1237 1653 et
1259 1584 1369 1673 pallio
1393 1584 1482 1651 ami·
1535 1579 1743 1649 discrimina
1760 1581 1984 1650 certitudinis
1999 1586 2163 1659 ostendit.

495 1703 590 1759 ctum
615 1685 845 1767 versicolore,
877 1697 912 1755 et
941 1697 1045 1774 caput
1074 1697 1179 1777 atque
1202 1707 1263 1753 ora
1288 1685 1440 1755 velatum
1464 1707 1483 1752 e
1635 1676 1803 1782 Physicas
1816 1678 1981 1776 θεωρίας
1994 1686 2154 1756 mutilari
2176 1691 2313 1760 exclusa
2336 1707 2371 1763 st
2391 1697 2518 1767 omissa

497 1794 604 1860 domo
635 1812 697 1856 sua
721 1783 876 1873 Megaris
898 1779 1058 1854 Athenas
1088 1808 1316 1867 commeasse,
1357 1800 1397 1857 ut
1426 1787 1482 1854 vel
1536 1780 1851 1854 Geometria-certo
1867 1785 1969 1854 vobis
1984 1789 2233 1877 persuadeatis.
2274 1789 2405 1864 Eamm
2422 1799 2516 1868 enim

497 1890 611 1961 noctis
634 1889 753 1981 aliquo
777 1902 933 1976 tempore
954 1886 1182 1957 consiliorum
1209 1910 1482 1981 sermonumque
1534 1908 1610 1952 non
1638 1883 1823 1952 minimam
1859 1899 1991 1976 partem
2016 1910 2037 1955 a
2061 1911 2230 1984 masuram
2254 1893 2386 1966 iudicio
2416 1914 2520 1993 atque

497 1992 653 2063 Socratis
668 1991 766 2060 lieret
783 1989 976 2080 particeps,
1002 2011 1192 2083 rursusque
1208 1991 1400 2061 sublucem
1424 2014 1481 2058 ea·
1535 1984 1842 2055 animadvertlwe
1884 1987 2106 2071 ⁰rdi²¹¹l⁰ms
2158 1993 2337 2064 rationum
2376 1998 2518 2090 quidem

497 2096 578 2163 dem
601 2104 697 2161 veste
723 2102 851 2161 tectum
873 2090 985 2160 millia
1008 2114 1172 2181 passuum
1196 2092 1304 2181 paulo
1328 2092 1482 2181 amplius
1534 2082 1759 2179 physicarum
1775 2104 1979 2174 argumenta
1997 2090 2195 2173 declarant,
2220 2091 2422 2179 ἀποδείξεις
2435 2107 2517 2172 vero

497 2195 623 2285 viginti
640 2193 794 2262 rediisse.
847 2189 1050 2281 Huncergo
1067 2217 1147 2263 cum
1170 2217 1244 2262 non
1258 2194 1410 2284 piguerit
1425 2191 1481 2258 vel
1529 2186 1764 2276 geometricae
1779 2188 1906 2278 planae
1926 2189 2119 2263 absolvunt
2141 2218 2181 2263 ac
2204 2198 2399 2273 stabiliunt.
2448 2199 2519 2271 Ne-

497 2320 577 2368 tum
593 2294 718 2385 capitis
734 2294 788 2363 sui
804 2294 960 2385 periculo
977 2307 1115 2364 tantum
1140 2295 1258 2362 eundo
1281 2295 1482 2363 redeundo·
1533 2312 1602 2382 que
1615 2303 1864 2381 assequuturos
1879 2315 1942 2360 vos
1956 2293 2142 2364 confidatis
2157 2319 2327 2390 unquam,
2353 2302 2438 2393 quid
2455 2303 2518 2374 illo

497 2421 567 2491 qne
590 2398 657 2468 iter
681 2394 838 2488 quotidie
860 2396 1051 2477 conficere,
1077 2408 1118 2464 ut
1133 2393 1287 2465 Socratis
1304 2395 1481 2466 frueretur
1533 2390 1693 2461 Platonis
1711 2388 1951 2481 pulcherrimo
1972 2393 2188 2482 significetur
2207 2397 2320 2483 dicto,
2343 2398 2411 2474 τὸν
2426 2400 2520 2477 θεὸν

496 2498 795 2590 disputationibus
826 2498 974 2568 eruditis
1002 2496 1116 2565 nortis
1136 2495 1253 2587 aliqua
1275 2511 1390 2589 parte,
1418 2518 1481 2565 vos
1533 2488 1589 2565 ἀεὶ
1604 2495 1847 2590 γεωμετρεῖν,
1875 2519 1947 2587 quo
1965 2519 2028 2567 ceu
2043 2496 2204 2587 pingitur
2225 2503 2434 2573 admiranda
2454 2528 2520 2597 gu-

495 2622 569 2670 non
591 2600 704 2691 pigeat
726 2612 779 2670 tot
801 2597 1045 2668 occasionibus
1066 2597 1253 2682 invitatos,
1276 2612 1327 2669 tot
1342 2599 1480 2668 adiutos
1533 2595 1693 2665 bernatio
1711 2610 1747 2665 et
1763 2596 1871 2666 totius
1887 2611 2034 2669 naturae
2049 2611 2084 2669 et
2098 2600 2238 2689 generis
2254 2596 2420 2685 humani,
2447 2608 2518 2675 nisi

496 2702 817 2793 oportunitatibus,
846 2711 897 2768 tot
912 2697 1160 2767 amantissimis
1175 2702 1320 2771 monitis
1338 2699 1481 2781 nostris,
1532 2696 1608 2764 ea‘m
1632 2709 1763 2780 artem,
1801 2722 1891 2790 quae
1914 2698 2000 2791 quid
2025 2700 2068 2769 sit
2090 2704 2314 2800 γεωμετρεῖν
2336 2706 2520 2797 profitetur

493 2799 1044 2890 etobtestationibusimpulsos,¹
1067 2801 1289 2871 sedulitatem
1307 2802 1480 2872 imitando
1533 2810 1566 2864 et
1591 2797 1758 2884 explicat,
1787 2800 2056 2891 consulueritis,
2091 2828 2181 2896 quae
2212 2807 2269 2875 vel
2297 2809 2391 2892 sola,
2426 2809 2518 2879 socia

494 2900 654 2974 Euctiuis
678 2905 714 2969 in
738 2924 877 2970 summo
894 2916 927 2972 et
943 2902 1236 2994 tranquillissimo
1257 2904 1334 2972 ocio
1350 2924 1480 2991 cogno-
1532 2911 1650 2965 tanen
1671 2896 1739 2962 sibi
1759 2899 1924 2970 adiuncta
1946 2915 2124 2971 tantorum
2151 2922 2341 2977 conatuum
2366 2921 2400 2978 et
2422 2910 2521 2980 taho

494 3028 600 3083 scere,
616 3026 706 3095 qnae
722 3002 759 3069 in
777 2996 1106 3073 hisElementorum
1122 3004 1224 3073 libris
1240 3004 1481 3093 congestade-
1533 3021 1613 3066 cum
1633 2989 1885 3080 arithmetica,
1911 3001 2026 3069 &¹⁰¹³st
2045 3002 2083 3070 5¹¹
2109 3004 2267 3089 melum,
2291 3020 2327 3076 et
2347 3003 2520 3081 humum

494 3107 695 3193 scriptaque
717 3117 836 3198 extpnt
857 3128 960 3173 verae
973 3101 1226 3193 Philosophiae
1247 3107 1478 3176 fundamenta
1532 3110 1667 3167 mentes
1695 3090 1796 3166 humi
1824 3097 1993 3181 abiectas,
2026 3113 2131 3193 atque
2161 3104 2333 3193 caligante
2360 3125 2520 3196 gravatas

494 3203 695 3289 praecipua.
1195 3212 1202 3226 “
1535 3201 1709 3282 caecitate,
1735 3199 1899 3290 interque
1915 3220 2037 3287 vepres
2052 3214 2085 3269 et
2099 3202 2243 3272 dumeta
2259 3218 2433 3295 reptantes
2450 3211 2521 3279 eri-

596 3332 681 3403 Non
715 3332 898 3403 instituam
933 3336 1304 3404 commemorationem
1338 3334 1478 3423 longam

492 3447 662 3505 notorum
680 3448 714 3505 et
736 3435 1008 3525 conspicuorum
1034 3437 1232 3519 fructuum,
1258 3436 1320 3529 qui
1344 3459 1385 3505 ex
1405 3459 1480 3505 ma-

491 3530 691 3606 thematicis
707 3535 905 3625 disciplinis
921 3538 964 3604 ad
980 3549 1087 3605 totam
1097 3533 1381 3626 Philosophiam,
1406 3537 1478 3606 imo

491 3640 535 3706 ad
561 3633 755 3707 Ecclesiam
786 3647 821 3704 et
852 3636 1051 3704 societatem
1081 3638 1218 3723 generis
1248 3633 1395 3706 humani
1422 3661 1480 3706 re-

492 3743 603 3810 deunt
618 3737 801 3809 uberrimi.
852 3733 924 3805 Nec
942 3735 1299 3806 commonefactiones
1314 3751 1479 3828 repetam,

492 3864 582 3936 quae
605 3862 705 3911 aures
722 3851 855 3907 vestras
871 3837 1132 3906 circumsonant
1155 3837 1337 3930 quotidie,
1362 3841 1423 3908 sed
1438 3853 1478 3910 ut

491 3966 612 4014 carum
635 3939 866 4031 vosmetipsos
890 3937 1102 4026 cogitatione
1127 3938 1282 4008 excitetis
1299 3950 1333 4007 et
1349 3939 1478 4008 confrr-

491 4045 594 4114 metis
617 4046 660 4112 ad
687 4042 867 4111 ardentius
889 4040 1085 4128 impensius
1108 4051 1142 4109 et
1165 4039 1382 4108 constantius
1404 4054 1478 4110 stu-

492 4147 592 4216 dium
607 4142 743 4218 bortor.
793 4142 847 4213 De
863 4136 1094 4211 Arithmetica
1111 4141 1288 4233 praeclare
1302 4137 1403 4210 Plato
1421 4141 1479 4209 in-

492 4249 587 4344 quit:
627 4238 767 4319 Πάντα
800 4237 841 4314 δὲ
875 4240 1040 4315 ἀπολεῖτε
1072 4239 1115 4314 τὸ
1150 4235 1350 4337 παράπαν,
1386 4238 1479 4315 ὅταν

491 4343 746 4446 ἀριθμητικὴν
767 4341 822 4426 τῖς
846 4341 968 4437 ἀνέλῃ.

592 4485 702 4567 Fures
717 4484 810 4554 enim
829 4483 903 4570 ipsa
919 4482 1080 4571 aperitet
1095 4480 1284 4571 praestruit
1298 4503 1337 4549 ac
1353 4479 1478 4550 sternit

490 4589 628 4660 aditum
646 4587 692 4656 ad
707 4585 862 4679 reliquas
876 4582 1091 4673 disciplinas.
1119 4580 1270 4651 Foribus
1289 4582 1344 4650 vel
1360 4581 1477 4652 occlu-

492 4691 540 4760 sis
557 4703 661 4783 atqne
677 4686 866 4767 obseratis,
889 4686 945 4754 vel
960 4706 1104 4776 prorsus
1120 4683 1307 4753 obstructis
1332 4707 1400 4776 qua
1420 4706 1477 4751 ac-

494 4791 657 4860 cedetur?
692 4790 748 4859 vel
765 4787 936 4883 quaeerit
957 4786 1110 4856 eruditio
1127 4785 1203 4854 sine
1226 4784 1357 4856 noticia
1379 4783 1476 4854 ordi-

495 4889 554 4956 nis
571 4904 603 4959 et
618 4914 858 4964 numerarunt.

598 5018 811 5092 Exercehitis
835 5046 916 5112 ergo
939 5017 1031 5090 hanc
1066 5021 1180 5109 primo
1211 5021 1372 5088 omnium
1402 5043 1477 5088 ma-

490 5127 607 5205 xime,
640 5127 800 5196 Μᾶλλον
821 5119 861 5195 tt
883 5124 915 5194 el
935 5117 998 5194 καὶ
1021 5120 1219 5217 ἅνθρωποι
1236 5117 1379 5212 μέλλειν
1401 5118 1477 5192 ἔσε-

1533 3300 1605 3388 git,
1631 3300 1740 3392 inque
1753 3299 1851 3367 illam
1869 3322 1991 3370 rursm
2006 3301 2189 3372 coelestem
2207 3306 2325 3374 sedem
2343 3305 2520 3396 subvehit,

1532 3416 1568 3471 et
1591 3401 1847 3492 sapientissime
1871 3415 2090 3474 constructae
2113 3407 2240 3476 mundi
2262 3405 2446 3480 machinae
2467 3414 2520 3483 fa-

1532 3505 1677 3586 bricam,
1702 3503 1848 3593 propius
1864 3517 2049 3589 monstrat,
2075 3506 2257 3577 declaratis
2273 3510 2394 3602 aliquo
2410 3516 2517 3584 modo

1532 3598 1711 3674 architecti
1733 3603 1901 3684 consilio,
1927 3604 2171 3677 informando
2191 3609 2519 3708 distribuendoquc,

1532 3705 1754 3797 providentia
1771 3705 1810 3774 in
1826 3708 2068 3799 conservando
2083 3732 2122 3777 ac
2138 3710 2391 3798 gubernando,
2416 3716 2519 3785 deni·

1531 3830 1599 3898 que
1627 3806 1809 3876 exulantes
1836 3808 1976 3878 animos
2002 3808 2041 3877 in
2074 3811 2258 3881 coelestem
2287 3816 2424 3887 reducit
2456 3832 2519 3908 pa-

1531 3909 1655 3991 triam,
1678 3921 1712 3977 et
1725 3910 1770 3977 ad
1786 3909 2063 3981 familiaritatem
2078 3911 2282 3985 coelestium
2300 3916 2458 4010 adeoque
2473 3919 2518 3988 ad

1530 4009 1748 4098 agnitionem
1764 4006 1834 4078 Dei
1849 4005 2031 4082 architecti
2047 4025 2080 4081 et
2100 4015 2247 4086 rectoris
2261 4038 2300 4086 ac
2318 4020 2519 4089 moderato-

1531 4111 1580 4177 ris
1593 4123 1773 4179 tantorum
1790 4133 1937 4200 operum
1951 4114 2112 4202 perpetui
2128 4138 2168 4185 ac
2183 4117 2434 4207 sapientissimi
2447 4132 2519 4189 tra-

1531 4209 1648 4287 ducit,
1674 4209 1846 4297 explicato
1860 4222 1937 4279 rato
1953 4225 2114 4306 statuque
2137 4217 2264 4287 ordine
2278 4221 2421 4289 orbium
2437 4243 2518 4289 coc-

1530 4309 1692 4392 lestium,
1733 4323 1767 4379 et
1797 4311 2036 4401 pervestigatis
2059 4329 2220 4386 motuum
2250 4319 2453 4388 certissimis
2477 4343 2517 4389 ac

1530 4411 1775 4481 constantibus
1799 4412 1957 4501 legibus,
1992 4414 2080 4484 mira
2106 4417 2249 4509 quidem
2271 4421 2439 4490 varietate
2460 4420 2514 4488 di·

1530 4513 1685 4597 stinctis,
1712 4513 1772 4582 sed
1786 4514 1962 4584 concinna
1978 4527 2098 4586 tamen
2123 4518 2216 4587 inter
2238 4543 2311 4588 sese
2331 4515 2518 4592 harmonia

1530 4614 1825 4703 congruentibus,
1853 4631 2123 4711 mensurataque
2147 4620 2239 4689 mole
2266 4646 2454 4713 corporum
2483 4636 2518 4694 et

1528 4716 1656 4808 spaciis
1675 4717 1805 4809 quibus
1827 4717 2081 4807 disiunguntur
2098 4745 2138 4789 ac
2159 4721 2309 4808 distant,
2335 4737 2429 4792 tanta
2455 4725 2517 4792 de-

1529 4818 1828 4888 monstrationum
1839 4819 2022 4891 ..evidentia
2037 4845 2077 4890 ac
2091 4822 2323 4908 certitudine,
2348 4839 2388 4894 ut
2402 4848 2517 4918 quan·

1524 4920 1661 4989 ‚tumvis
1684 4921 1846 4990 furenter
1866 4922 2158 5009 reclamantibus,
2181 4925 2216 4993 vi
2240 4939 2444 5019 extorqueat
2461 4949 2517 4995 as-

1529 5022 1729 5090 sensionem
1744 5022 1788 5089 de
1807 5021 2030 5108 providentia
2046 5021 2126 5097 Dei.
2177 5011 2254 5095 Hae
2274 5041 2366 5097 artes
2386 5030 2430 5097 de
2451 5030 2518 5097 ob-

1529 5122 1768 5191 servationum
1796 5135 1831 5193 et
1856 5123 2012 5192 eruditae
2034 5125 2268 5215 experientiae
2295 5130 2516 5200 documentis

493 5226 607 5312 σθαι,
643 5227 671 5297 si
707 5239 746 5295 ut
765 5223 866 5296 Plato
895 5226 1034 5316 inquit,
1067 5225 1140 5293 lieri
1163 5238 1197 5294 et
1220 5246 1292 5292 csse
1314 5217 1477 5292 homines
1530 5220 1795 5293 Astronomiam
1817 5223 2072 5308 condiderunt,
2106 5242 2298 5318 quaecum
2329 5231 2407 5301 illas
2437 5254 2514 5301 suas

491 5331 611 5403 vultis.
665 5322 715 5398 At
741 5321 799 5395 his
823 5325 905 5416 ipsis
926 5349 1012 5420 ques
1037 5326 1192 5396 custodit
1214 5338 1247 5394 et
1263 5324 1478 5395 discentibus
1528 5348 1590 5393 ceu
1606 5323 1793 5414 genitrices
1808 5346 1849 5394 ac
1866 5326 2021 5396 nutrices
2035 5326 2158 5397 divelli
2180 5353 2201 5397 a
2223 5353 2296 5402 sese
2319 5352 2357 5402 ac
2380 5331 2514 5401 secludi
2561 5410 2571 5432 .

492 5423 849 5522 aperithrithmetica
863 5427 1000 5496 foribus
1014 5427 1171 5517 cogitetis
1186 5426 1390 5517 inscriptam
1403 5448 1479 5495 csse
1528 5449 1711 5519 nunquam
1731 5427 1905 5515 patiatur,
1926 5427 2140 5499 latissimum
2162 5433 2368 5524 multiplicis
2383 5432 2514 5502 doctri·
2573 5428 2578 5436 ’

492 5528 704 5632 ἐπιγραφὴν
734 5531 852 5600 illam:
890 5521 1164 5625 ἆγεωμὲτρητος
1195 5523 1316 5608 οὐδεὶς
1343 5521 1478 5600 εἰσίτω.
1527 5546 1596 5597 nae
1616 5550 1781 5618 campum
1803 5530 1936 5621 aperit,
1963 5553 2075 5624 quem
2098 5530 2237 5621 ingredi
2259 5558 2323 5603 nec
2346 5533 2514 5602 nitmero-

487 5628 644 5724 lngressi
669 5636 707 5704 in
730 5655 845 5703 arcem
871 5627 1138 5719 disciplinarum
1163 5627 1395 5703 Arithmetica
1419 5630 1476 5698 in·
1528 5654 1607 5701 rum
1620 5630 1782 5701 doctrina
1800 5631 1998 5714 excultum,
2021 5656 2136 5726 neque
2155 5634 2362 5702 instructum
2378 5634 2512 5720 praesi—

494 5735 619 5809 diceet
636 5736 815 5819 ianitrice,
841 5756 905 5804 ceu
921 5725 1116 5823 labyrinthi
1131 5734 1314 5811 cuiusdam
1330 5730 1476 5822 -perple-
1527 5732 1587 5802 dio
1610 5745 1645 5802 et
1671 5735 2155 5904 apparatqogqometricarum
2183 5728 2406 5811 ἀποδείξεων
2432 5758 2513 5805 cum
2622 5767 2624 5772 ·
