6025 6775
492 665 565 744 oss
672 602 681 617 ⁹
896 609 899 616 ’
1009 597 1013 604 ’
1121 652 1867 739 rusurrmuanauruoms.
2439 663 2514 740 ooo

494 840 682 933 oportebat
695 838 857 933 aliquem·
867 837 906 907 in
919 857 1044 929 genere
1059 829 1217 907 humano
1234 858 1386 929 poenam
1408 831 1482 905 sol·
1530 830 1693 904 oneravit
1717 844 1833 904 totum
1854 850 1965 920 genus
1986 825 2205 917 humanum,
2227 844 2268 907 nt
2292 834 2346 906 ira
2370 837 2531 928 conspis

495 966 598 1023 vere,
623 941 680 1011 ‚fit
707 941 906 1023 decretum,
943 949 985 1009 ut
1005 935 1090 1028 ipse'
1104 938 1268 1009 adsumat
1287 932 1480 1010 humanam
1529 933 1661 1021 ciatur,
1697 944 1733 1005 et
1762 934 1838 1025 ipsa
1869 957 1955 1004 voce
1979 933 2170 1005 ministerii
2191 932 2348 1028 Spiritus
2370 952 2511 1009 sanctus

495 1058 681 1125 naturam,
706 1055 740 1113 et
755 1041 812 1111 fiat
825 1038 979 1110 victima.
1030 1036 1084 1110 lta
1100 1038 1179 1131 ipro
1196 1039 1424 1130 deprecante,
1445 1049 1480 1111 ct
1528 1034 1647 1124 arguit
1676 1047 1828 1126 peccata.
1892 1031 2138 1107 Certissimum
2175 1035 2224 1109 sit
2260 1036 2369 1128 igitur
2395 1034 2512 1110 Deum

496 1145 537 1215 iu
570 1164 644 1215 sese
675 1141 854 1212 derivante
887 1160 1058 1230 poenam,
1103 1138 1261 1210 mirabili
1296 1137 1480 1232 sapientia,
1527 1138 1632 1208 valde
1647 1135 1814 1208 detestari
1830 1136 2007 1208 carnalem
2026 1137 2271 1224 securitatem,
2296 1152 2332 1211 et
2354 1138 2445 1208 velle
2469 1152 2511 1210 nt
2551 1166 2553 1169 ’

496 1244 607 1316 mixta
631 1240 871 1312 misericordia
901 1252 936 1312 et
967 1240 1108 1313 iusticia
1139 1254 1240 1336 pater
1270 1241 1478 1314 reconcilia·
1528 1259 1797 1331 expavescamus
1811 1237 1996 1329 agnitione
2017 1238 2228 1312 iustissimae
2249 1240 2324 1311 irae
2343 1242 2513 1334 adversus

496 1361 555 1418 tus
582 1355 644 1414 est·
1526 1352 1678 1434 peccata.
2325 1353 2328 1359 '

508 1487 512 1493 -
595 1436 696 1512 Vlll.
723 1437 815 1512 Cum
831 1440 941 1532 igitur
956 1440 1122 1514 audirent
1135 1465 1256 1513 vocem
1270 1443 1478 1536 promissio·
1552 1517 1554 1521 ,
1628 1437 1767 1514 XVlll.
1799 1436 2006 1514 Adversarii
2020 1442 2128 1514 verba
2144 1441 2289 1537 quidem
2305 1438 2511 1534 buiuspro·
2648 1475 2650 1480 ·

494 1546 551 1617 nis
567 1544 611 1613 de
628 1542 780 1629 semine,
803 1542 1051 1631 intelligebant
1065 1565 1102 1614 se
1119 1544 1247 1637 recipi,
1266 1558 1307 1639 et
1330 1543 1479 1617 sibi-re-
1527 1542 1715 1634 positionis
1729 1542 1904 1628 retinent,
1926 1543 2010 1636 quia
2027 1544 2131 1616 toties
2145 1568 2165 1615 a
2181 1542 2295 1616 Paulo
2312 1545 2459 1637 repetita
2477 1558 2512 1616 et

492 1644 590 1717 mitti
603 1656 758 1735 peccata,
783 1654 928 1735 propter
944 1642 1037 1714 illud
1052 1658 1242 1717 venturum
1256 1668 1388 1732 semen,
1403 1669 1479 1718 non
1527 1645 1703 1716 inculcata
1727 1658 1828 1716 sunt:
1870 1639 2044 1716 Gratis
2070 1643 2404 1745 iustificumur
2426 1670 2512 1740 pro-

491 1760 640 1841 propter
668 1744 826 1839 aliquam
850 1744 1032 1837 propriam
1059 1748 1385 1840 compensationem
1418 1760 1481 1822 aut
1528 1761 1582 1818 ter
1595 1740 1778 1817 Christum
1793 1769 1858 1838 per
1873 1746 1997 1817 fidem:
2029 1748 2212 1819 sedaliam
2229 1747 2440 1820 sententiam
2457 1749 2511 1842 ai·

494 1847 717 1940 dignitatem.
1240 1861 1242 1867 ⁴
1461 1877 1465 1921 ;
1527 1847 1668 1938 fingunt
1682 1847 1895 1918 contrariam
1903 1843 2112 1940 Evangelio.
2154 1847 2291 1939 Negant
2307 1848 2402 1919 enirn
2417 1844 2511 1918 hanc

595 1946 660 2021 IX.
690 1943 741 2017 Ει
754 1944 927 2037 particula
941 1946 1135 2034 exclusiva,
1158 1940 1346 2033 Graiis,
1371 1973 1479 2045 quarn
1528 1946 1827 2045 propositionem,
1866 1949 1911 2017 de
1940 1973 2011 2043 qua
2033 1947 2168 2021 Paulus
2189 1941 2334 2043 proprie
2354 1949 2511 2033 dimicat,

496 2072 600 2142 saepe
619 2047 749 2140 repetit
760 2044 911 2135 Paulus,
933 2047 984 2119 sic
1007 2048 1237 2140 intelligenda
1260 2064 1332 2139 est,
1354 2065 1397 2124 ut
1419 2077 1480 2123 ex·
1529 2049 1701 2142 Agentem
1716 2046 1971 2139 poenitentiam
1988 2064 2152 2140 oportere
2166 2052 2320 2132 credere,
2344 2051 2512 2143 seipsum
2560 2122 2562 2128 ,

496 2153 619 2223 cludat
651 2162 772 2222 nostra
802 2148 927 2220 merita
955 2172 977 2220 a
1007 2151 1215 2223 remissione
1237 2165 1479 2244 peccatorumz
1529 2151 1639 2244 recipi
1661 2146 1791 2234 aDeo,
1818 2163 1964 2241 propter
1985 2152 2215 2223 mediatorem
2235 2152 2362 2243 gratis,
2394 2166 2429 2224 et
2451 2175 2512 2221 cx-

494 2266 704 2323 nouantem
721 2248 889 2321 meritum
901 2244 1056 2338 Christi,
1087 2254 1171 2346 quia
1192 2254 1352 2344 oportuit
1375 2255 1480 2328 iusti·
1528 2276 1646 2347 presse
1673 2250 1801 2322 iubent
1827 2249 2007 2322 dubitare:
2040 2247 2243 2324 Anathema
2264 2253 2434 2347 inquiunt
2453 2253 2513 2337 sit,

496 2355 571 2425 siae
585 2351 654 2423 Dei
667 2349 848 2437 satisfieri,
874 2374 988 2443 poena
1005 2352 1045 2420 in
1061 2354 1292 2425 mediatorem
1309 2356 1478 2429 derivata.
1528 2355 1593 2450 qui
1614 2354 1715 2424 docet
1737 2365 1898 2442 agentem
1922 2351 2177 2444 poenitentiam
2198 2355 2329 2426 debere
2352 2367 2533 2439 statuere,

596 2452 642 2527 K
681 2449 737 2524 Ac
757 2474 898 2524 necesse
920 2464 972 2523 est
993 2454 1204 2525 exclusivum
1227 2456 1375 2528 retineri
1392 2480 1479 2550 pro-
1527 2456 1625 2551 quod
1648 2477 1730 2524 vere
1750 2452 1899 2545 accipiat
1920 2454 2167 2525 remissionem
2189 2468 2437 2549 peccatorum,
2478 2468 2514 2524 et

498 2568 576 2647 pter
588 2551 653 2624 has
668 2553 881 2627 necessarias
897 2575 1029 2627 causas.
1526 2559 1663 2651 placeat
1677 2548 1765 2629 Deo.
1812 2568 1815 2575 '

595 2653 662 2725 xl.
711 2652 874 2725 Primum
906 2667 948 2725 ut
981 2654 1158 2727 tribuatur
1188 2654 1330 2729 debitus
1359 2654 1479 2731 honor
1627 2654 1729 2733 XIX.
1760 2652 1857 2727 Huic
1873 2655 2055 2728 doctrinae
2070 2657 2114 2728 de
2130 2657 2354 2731 dubitatione
2373 2679 2513 2729 necesse

494 2755 570 2829 filio
594 2752 678 2828 Dei.
1338 2787 1348 2805 ·
1457 2787 1464 2800 ·
1528 2772 1580 2834 est
1595 2770 1798 2831 constanter
1812 2758 2002 2843 adversari,
2020 2759 2104 2852 qnia
2119 2761 2306 2833 manifeste
2319 2762 2414 2831 delet
2428 2782 2514 2851 pro·

501 2901 504 2906 ,
596 2854 681 2932 xlt.
712 2852 896 2941 Secundo,
916 2866 958 2927 ut
972 2857 1206 2930 conscientiae
1228 2860 1268 2929 in
1291 2881 1374 2930 vera
1391 2879 1478 2949 poe-
1528 2860 1732 2932 missionem
1746 2855 1953 2951 Evangelii,
1977 2869 2013 2928 et
2029 2873 2151 2951 postea
2172 2864 2306 2935 multae
2329 2874 2515 2951 corrupte-

493 2957 649 3031 nitentia
664 2969 794 3028 certam
809 2955 1000 3046 etfirmam
1023 2958 1304 3031 consolationem
1325 2973 1478 3033 teneant.
1527 2961 1582 3034 lae
1599 2971 1808 3054 sequuntur.
2118 3041 2121 3059 ι
2518 3036 2519 3039 ¹

494 3058 591 3150 Quia
617 3058 648 3129 si
671 3056 831 3129 remissio
846 3060 1016 3147 penderet
1041 3082 1082 3130 er
1106 3062 1312 3134 conditione
1338 3074 1479 3134 nostrae
1628 3057 1710 3132 XX.
1741 3057 1802 3130 sie
1817 3058 2042 3148 intelligunt,
2067 3060 2174 3150 gratis
2185 3062 2256 3131 fide
2268 3059 2513 3142 iustificamnr,

495 3158 700 3253 dignitatis,
725 3157 825 3230 beret
839 3159 984 3232 incerta.
1529 3163 1566 3235 id
1592 3175 1661 3249 est,
1689 3158 1871 3253 aliquibus
1893 3159 2002 3251 gratis
2023 3161 2265 3234 infunduntur
2287 3183 2401 3233 novae
2423 3182 2514 3251 qua-

595 3258 698 3333 Xlll.
739 3257 883 3347 Tertio,
921 3275 962 3334 ut
990 3260 1169 3336 invocatio
1193 3267 1239 3337 ad
1262 3260 1380 3336 Deum
1399 3261 1478 3334 fieri
1528 3266 1658 3349 litates,
1678 3261 1741 3335 sed
1755 3261 1822 3348 ita,
1846 3260 1878 3331 si
1890 3256 2046 3334 habeant
2060 3263 2316 3354 professionem
2330 3261 2515 3334 doctrinae

495 3361 617 3458 possit,
641 3362 726 3459 quia
739 3361 955 3436 conscicntia
968 3365 1136 3438 dubitans
1149 3391 1198 3438 an
1213 3368 1323 3439 simus
1336 3364 1479 3458 recepti,
1528 3368 1575 3440 de
1594 3361 1759 3450 Christo,
1789 3362 1929 3457 qualem
1951 3357 2086 3437 habent
2107 3376 2142 3437 et
2153 3360 2375 3451 Daemones,
2407 3381 2513 3433 nemu

495 3465 587 3556 iugit
600 3460 718 3536 Deum
741 3476 777 3535 et
798 3487 874 3535 non
897 3465 1052 3542 invocat.
1104 3466 1189 3541 Ideo
1213 3468 1384 3560 scriptum
1410 3479 1477 3541 est:
1529 3484 1647 3544 tamen
1662 3477 1793 3538 statuat
1807 3487 1844 3534 se
1860 3464 1993 3537 iustum
2005 3487 2100 3553 esse,
2123 3479 2186 3538 aut
2202 3466 2342 3559 placere
2355 3466 2448 3538 Deo.

498 3561 715 3637 Accedamus
729 3586 810 3635 cum
825 3565 954 3638 fiducia
967 3568 1011 3637 ad
1030 3563 1199 3641 thronum
1215 3570 1358 3661 gratiae.
1390 3631 1392 3634 .
1629 3564 1730 3640 XXI.
1760 3563 1858 3635 Haec
1873 3579 1947 3639 tota
1961 3566 2168 3658 imaginatio
2183 3581 2237 3640 est
2250 3567 2391 3639 otiosae
2411 3585 2514 3634 men-

506 3742 510 3747 ,
598 3661 699 3740 xlv,
731 3661 824 3739 Sunt
837 3668 901 3761 qui
917 3667 1111 3761 improprie
1128 3671 1343 3744 exclusivam
1364 3669 1478 3742 inter·
1528 3672 1575 3745 tis
1591 3661 1840 3766 ‘philosophica
1859 3667 2065 3759 speculatio.
2114 3666 2218 3741 Sicut
2238 3668 2336 3740 enim
2349 3661 2515 3740 Philoso-

451 3846 455 3852 ,
496 3776 700 3858 pretantur,
722 3767 822 3861 quasi
837 3763 931 3840 nihil
947 3782 1027 3861 agat
1042 3772 1216 3850 voluntas.
1278 3771 1419 3852 Gratis,
1439 3771 1478 3842 id
1529 3767 1595 3867 pbi
1619 3773 1827 3844 discernunt
1854 3762 2016 3840 heroicas
2038 3769 2229 3843 virtutes'a
2251 3767 2515 3842 communibuss

495 3881 567 3954 est,
603 3863 804 3939 Deusssiue
826 3870 948 3964 aliquo
971 3886 1094 3946 nostro
1114 3885 1214 3946 motu
1236 3886 1480 3959 concurrente,
1528 3877 1580 3947 sic
1601 3873 1662 3945 isti
1678 3871 1805 3942 dicunt
1827 3868 1867 3938 in
1888 3870 2068 3941 conversis
2093 3873 2236 3943 accendi
2255 3894 2368 3945 novas
2394 3883 2429 3939 et
2457 3890 2515 3938 ar·

493 3968 572 4041 siue
594 3967 829 4056 contritione,
856 3971 936 4044 sine
959 3973 1049 4056 fide,
1075 3974 1236 4048 infundit
1257 3996 1369 4048 novas
1389 3997 1480 4070 qus-
1528 3976 1708 4050 dentiores
1726 3971 1894 4055 virtutes,
1919 3978 2027 4066 ¹quam
2041 3985 2126 4045 sunt
2143 3973 2183 4043 in
2197 3973 2288 4047 aliis.

491 4070 621 4147 litates.
865 4132 869 4137 .
1629 4070 1749 4145 XXll.
1781 4068 1861 4142 Hoc
1876 4072 2022 4164 quidem
2034 4096 2157 4144 verum
2172 4087 2244 4159 est,
2268 4075 2418 4144 sednon
2430 4069 2515 4141 ratis

593 4171 676 4250 XV.
705 4169 804 4245 Haec
827 4173 1073 4269 interpretatio
1098 4175 1294 4271 impropria
1307 4166 1381 4264 est,
1404 4200 1480 4248 non
1529 4189 1582 4248 est
1600 4169 1670 4246 hoc
1690 4174 1834 4256 docere3
1867 4194 1949 4240 nam
1971 4173 2185 4246 couscientia
2209 4197 2284 4244 uon
2308 4176 2454 4244 docetur
2475 4170 2516 4238 in

493 4276 590 4346 enim
612 4274 694 4347 ideo
716 4275 859 4353 tollitur
878 4280 1068 4362 meritum,
1103 4280 1188 4374 quia
1213 4274 1308 4350 nihil
1324 4300 1479 4368 agamus,
1529 4274 1739 4371 pavoribus,
1764 4271 1850 4366 quid
1867 4283 2020 4343 statuere
2036 4274 2081 4344 de
2092 4274 2273 4347 voluntate
2288 4272 2359 4347 Dei
2374 4271 2516 4342 debeat.

496 4377 557 4445 sed
575 4390 617 4449 ut
636 4374 828 4448 mediatori
850 4378 993 4452 debitus
1014 4380 1196 4452 tribuatur
1218 4376 1354 4466 honos,
1379 4392 1414 4452 et
1433 4378 1480 4450 sit
1630 4370 1767 4449 xxttt.
1798 4370 1993 4444 Promissio
2007 4389 2124 4447 autem
2138 4374 2218 4447 ideo
2235 4374 2365 4448 tradita
2384 4385 2454 4453 est,
2480 4385 2516 4443 et

497 4487 590 4545 certa
604 4478 804 4570 promissio,
1529 4476 1765 4549 ministerium
1782 4470 1970 4565 Evangelii
1982 4475 2062 4547 ideo
2078 4476 2279 4548 institutum
2293 4489 2365 4560 est,
2389 4488 2423 4545 et
2439 4495 2516 4543 ser·
2558 4531 2566 4538 .
2607 4514 2612 4524 ·

597 4571 697 4653 xvt.
736 4578 858 4671 Quare
881 4602 957 4652 non
979 4580 1218 4654 excluduntur
1245 4579 1413 4654 contritio
1444 4593 1480 4653 et
1529 4595 1634 4654 vatur
1654 4576 1847 4657 divinitus,
1873 4589 1914 4648 nt
1934 4599 2002 4647 nos
2023 4577 2241 4650 voluntatem
2259 4576 2327 4650 Dei
2348 4575 2515 4664 sciamus,

452 4729 455 4735 ,
498 4681 653 4745 caeteme
681 4677 847 4773 virtmes,
876 4705 972 4779 quae
994 4681 1149 4756 existunt
1172 4685 1212 4755 in
1235 4682 1480 4772 conversione,
1530 4695 1563 4754 et
1581 4680 1764 4774 agnitione
1787 4677 2050 4749 misericordiae
2065 4675 2383 4771 Deirecipiamur,
2414 4690 2513 4748 etex

498 4775 558 4844 sed
574 4769 643 4847 buc
656 4776 824 4858 adimitur
840 4785 903 4875 eis,
928 4808 975 4858 ne
988 4785 1061 4858 sint
1074 4785 1255 4870 meritum,
1280 4810 1343 4859 seu
1354 4809 1480 4857 causae
1529 4784 1720 4878 pavoribus
1735 4781 1842 4854 erecti
1856 4782 2034 4851 donemur
2047 4802 2141 4853 nova
2156 4780 2281 4870 lnceet
2294 4770 2379 4852 vira.

496 4874 707 4967 impuffivte
719 4884 937 4961 remissionis
954 4899 1196 4985 peccatorum,
1219 4901 1254 4964 et
1272 4887 1480 4963 reconcilia·
1629 4880 1767 4958 >tx-tv,
1809 4879 2039 4956 Affirmamus
2063 4882 2173 4974 igitur
2199 4892 2359 4972 agentem
2386 4878 2514 4973 poeui-

496 4974 606 5048 tionis
625 4992 661 5051 et
674 4978 942 5065 iustificationis.
1527 4989 1676 5062 tentiam
1705 4997 1869 5075 oportere
1897 5007 1973 5056 non
2003 4984 2119 5055 solum
2146 4982 2311 5054 mutilam
2330 4982 2513 5077 quandam

602 5070 719 5154 xvlt.
754 5079 900 5163 Necesse
912 5105 965 5166 est
980 5092 1076 5165 enim
1099 5090 1139 5162 in
1159 5090 1391 5164 conversione
1411 5089 1479 5160 ali·
1525 5091 1634 5167 fidem
1647 5083 1798 5171 babere,
1819 5079 1887 5157 hoc
1906 5099 1979 5172 est,
2000 5106 2103 5155 uosse
2125 5096 2162 5156 et
2181 5084 2324 5155 credere
2344 5080 2514 5153 articulos

495 5200 603 5277 quarn
619 5203 694 5252 esse
710 5186 980 5277 contritionem,
1003 5195 1044 5267 id
1061 5205 1132 5279 est,
1158 5192 1297 5288 aliquos
1318 5212 1479 5287 pavores,
1528 5190 1610 5261 fidei
1637 5208 1740 5258 veros
1772 5208 1863 5270 esse,
1903 5186 1995 5256 sicut
2025 5185 2175 5257 credunt
2197 5184 2419 5270 Daemones,
2449 5182 2513 5251 sed

495 5293 530 5351 et
550 5281 770 5373 agnitionem
796 5285 872 5360 irae
893 5287 962 5362 Dei
982 5299 1152 5367 adversus
1173 5308 1326 5387 peccata.
1380 5278 1477 5363 'Ideo
1528 5303 1691 5385 oportere
1711 5285 1781 5360 sibi
1806 5287 1983 5380 applicare
2005 5285 2194 5358 articulum
2219 5288 2264 5359 de
2288 5285 2511 5358 remissione:

494 5381 647 5455 dicitur:
680 5381 788 5474 Agite
807 5389 1074 5480 poenitentiam.
1124 5391 1174 5469 Et
1195 5399 1291 5491 apud
1312 5395 1478 5468 lesaiam:
1527 5389 1645 5466 Credo
1658 5387 1903 5463 remissionem
1921 5402 2162 5481 peccatorum,
2188 5412 2263 5460 nou
2278 5400 2416 5460 tentum
2431 5382 2514 5454 aliis

494 5479 569 5556 Ubi
582 5479 761 5561 habitabit
775 5484 981 5564 Dominari,
1015 5495 1059 5569 ln
1072 5498 1199 5591 spiritu
1216 5499 1388 5585 contrito,
1413 5508 1478 5572 etc.
1527 5495 1606 5566 dari
1620 5492 1727 5566 Petro
1747 5503 1784 5564 et
1798 5487 1934 5577 Paulo,
1964 5489 2027 5560 Μ
2048 5491 2153 5562 tre¹¹⁰
2176 5490 2300 5574 ‘ihm’
2325 5481 2417 5557 mihi
2441 5482 2513 5575 59³i

420 5658 424 5669 ,
495 5582 589 5658 Vere
611 5588 709 5660 enim
733 5601 769 5663 et
791 5585 1015 5666 horribiliter
1026 5595 1188 5671 irascitur
1202 5598 1300 5679 Deus
1314 5599 1477 5673 omnium
1528 5619 1612 5669 vere
1626 5593 1760 5668 amisti
1774 5591 1897 5665 omnis
1913 5604 2214 5686 peceataproptrr
2228 5589 2472 5663 mediatorem.

492 5690 656 5777 peccatis.
721 5683 773 5766 Et
802 5688 898 5766 bane
926 5716 1026 5768 suam
1057 5696 1231 5772 iusticiam
1255 5704 1335 5776 vult
1355 5702 1476 5797 aliquo
1629 5695 1744 5775 XXV.
1778 5690 1822 5765 ln
1835 5689 1903 5767 hac
1917 5693 2158 5766 consolatione
2177 5689 2284 5761 simul
2306 5690 2412 5759 datur
2427 5684 2512 5781 Spi-

493 5791 605 5871 m⁰d⁰
626 5793 789 5886 ⁸8¹¹⁰⁸ti=
827 5794 911 5872 idea
932 5811 967 5874 et
991 5795 1197 5890 ingentibus
1216 5804 1478 5882 calamitatibus
1527 5795 1618 5877 ritus
1631 5811 1790 5885 ιιιιιιιιι,
1815 5809 1851 5872 et
1865 5794 2070 5871 accenditur
2083 5815 2184 5878 ‚nova
2207 5790 2288 5878 tux,
2314 5789 2453 5866 iusticia
2476 5804 2512 5860 es
