6025 6775
500 508 574 585 727
740 491 950 575 SCRIPTA
976 492 1053 566 PH.
1078 488 1199 567 MEL.
1222 488 1296 566 AD
1319 482 2273 569 Htsr.Pttor.1t'rt>1ttt0s.st>ucrnttr1a
2444 494 2522 571 Μ

488 704 581 762 esse,
618 690 654 747 et
675 672 884 746 ardentibus
905 668 997 741 votis
1018 678 1200 766 petamus,
1231 675 1272 733 ut
1292 662 1388 733 iilius
1408 658 1479 735 Dei
1501 721 1505 795 t
1528 665 1685 736 secundo
1710 662 1865 755 proximi
1888 660 1998 744 anni,
2024 662 2084 735 die
2105 664 2254 758 septimo
2277 676 2313 738 et
2334 665 2518 741 vicesimo.

488 781 603 857 notin
614 775 681 849 hac
696 774 857 869 squalida
872 781 1012 840 senecta
1027 766 1211 858 gubernet,
1231 763 1478 838 utEsaiae26.
1530 767 1621 836 Nam
1655 767 1701 834 ad
1742 784 1882 834 menses
1923 765 2067 837 lunares
2107 768 2295 836 duodecim
2331 772 2519 843 addendae

490 884 639 958 diciturz
665 874 786 948 Etiam
801 875 841 942 in
855 883 995 940 senecta
1010 891 1073 938 vos
1084 868 1240 957 gestabo.
1531 882 1614 937 sunt
1635 869 1757 935 decem
1777 865 1870 950 dies,
1896 867 1958 959 qui
1983 870 2218 940 nominantur
2239 864 2401 960 Epactae.
2446 872 2518 949 ¹lta

594 979 729 1054 Scribit
752 974 858 1046 etiam
880 966 1073 1063 Iosephus,
1106 960 1254 1038 Adam
1276 968 1366 1038 duas
1387 966 1480 1059 lapi·
1531 968 1696 1057 congruit
1712 966 1802 1037 ratio
1819 968 1866 1037 ad
1880 968 1968 1039 anni
1983 969 2112 1040 solaris
2132 970 2334 1061 periodum.
2383 969 2432 1045 Et
2444 999 2519 1046 uu-

494 1093 577 1162 dcas
599 1080 738 1155 tabulas
758 1076 964 1158 collocasse,
997 1074 1036 1140 in
1060 1072 1190 1165 quibus
1217 1070 1357 1162 scripsit
1377 1068 1480 1140 initia
1531 1093 1649 1140 merus
1682 1068 1858 1137 mensium
1897 1083 1932 1140 et
1963 1070 2102 1143 dierum
2138 1072 2179 1141 in
2214 1067 2281 1141 hac
2314 1077 2520 1148 narratione

495 1184 699 1266 creationis,
730 1180 869 1270 lapsum
895 1170 1106 1261 hominum,
1127 1186 1176 1244 et
1195 1171 1481 1265 promissionem.
1532 1171 1706 1255 ostendit,
1738 1192 1874 1240 annum
1903 1171 2050 1242 solarem
2078 1173 2305 1262 complexum
2328 1197 2406 1245 esse
2430 1177 2521 1248 dno·

494 1292 569 1363 Has
582 1285 720 1361 tabulas
742 1278 904 1350 existimo
919 1288 1089 1370 tanquam
1104 1275 1276 1365 templum
1294 1272 1421 1358 fuisse,
1448 1284 1482 1341 et
1532 1273 1646 1343 decim
1671 1293 1811 1342 menses
1830 1272 1992 1358 lunares,
2016 1286 2051 1343 et
2071 1273 2145 1343 dies
2168 1275 2304 1346 decem.
2346 1276 2448 1349 ¹Ideo
2462 1279 2523 1349 di-

496 1391 585 1467 centi
606 1386 676 1459 loci
697 1383 857 1472 signum,
887 1379 927 1447 in
950 1402 1055 1471 qoem
1080 1376 1206 1446 solitus
1221 1390 1273 1447 est
1287 1396 1483 1445 convocare
1533 1376 1644 1459 citur,
1678 1368 1782 1443 Noha
1808 1396 1967 1462 egressus
1989 1395 2062 1443 esse
2092 1397 2133 1442 ex
2160 1397 2241 1445 arca
2266 1398 2366 1449 anno
2396 1381 2523 1454 aetatis

479 1516 598 1577 ‚suam
619 1484 828 1567 Ecclesiam,
860 1494 895 1551 et
913 1479 983 1550 ubi
1008 1478 1176 1550 sacrificia
1199 1478 1290 1547 facta
1314 1488 1418 1560 sunt,
1448 1486 1485 1544 et
1533 1499 1616 1547 suae
1631 1475 1884 1548 sexcentesimo
1901 1475 2037 1570 primo,
2060 1471 2223 1548 videlicet
2241 1500 2339 1549 anno
2355 1503 2378 1551 a
2392 1483 2524 1553 condi·

497 1594 643 1667 recitata
655 1585 829 1658 doctrina.
867 1580 1024 1674 Fuitque
1040 1604 1108 1650 vox
1125 1577 1371 1669 promissionis
1383 1576 1486 1646 testi·
1534 1592 1573 1650 to
1594 1578 1749 1662 mundo,
1780 1576 1971 1648 millesimo
1993 1574 2242 1649 sexcentesimo
2262 1580 2523 1676 quinquagesi-

498 1693 659 1768 monium
674 1688 878 1759 discernens
891 1706 1011 1753 veram
1025 1677 1219 1752 Ecclesiam
1237 1703 1256 1748 a
1272 1692 1374 1750 coetu
1383 1674 1486 1762 Caio,
1535 1703 1593 1750 mo
1609 1677 1774 1770 septimo·

500 1797 563 1895 qui
578 1802 767 1866 secesserat
781 1808 802 1855 a
816 1797 925 1875 patre,
949 1798 983 1853 et
996 1780 1123 1854 habuit
1135 1802 1218 1852 suos
1231 1782 1321 1849 ritus
1337 1792 1370 1850 et
1385 1801 1485 1848 suam
1637 1777 1776 1849 Interea
1798 1780 1885 1851 dnm
1906 1778 1946 1847 in
1967 1800 2048 1849 arca
2066 1771 2210 1849 vehitur
2230 1779 2366 1854 familia
2382 1779 2521 1875 Nohae,

501 1912 642 1971 sectam.
692 1888 746 1961 lta
770 1885 889 1956 statim
912 1884 1018 1955 initio
1040 1907 1144 1963 verae
1165 1882 1347 1952 doctrinae
1363 1902 1486 1949 vocem
1537 1893 1649 1950 totum
1672 1902 1784 1969 genus
1807 1875 2226 1955 humanum-universali
2247 1883 2382 1954 diluvio
2400 1888 2520 1976 periit.

501 2014 538 2073 et
552 2017 674 2068 veram
691 1987 886 2061 Ecclesiam
903 2008 985 2076 pars
1001 1981 1150 2055 humani
1163 1983 1301 2073 generis
1323 1980 1488 2066 descruit,
1536 1980 1633 2051 Haec
1646 2004 1761 2072 poena
1775 1982 1930 2073 primum
1945 1981 2130 2070 significat,
2154 1983 2330 2054 conditam
2346 1982 2523 2058 essehanc

502 2116 537 2173 et
554 2092 827 2192 promissionem
848 2087 959 2156 oblita
981 2100 1048 2157 est:
1075 2099 1111 2156 et
1131 2097 1251 2156 tamen
1271 2083 1413 2154 condita
1436 2083 1488 2152 ci-
1537 2105 1657 2152 rerum
1672 2096 1856 2164 naturam,
1882 2096 1924 2153 ut
1939 2083 2070 2155 serviat
2085 2083 2207 2156 electis
2220 2097 2255 2156 et
2274 2086 2385 2162 iustis.
2435 2087 2524 2160 ldeo

501 2203 610 2273 vitate
631 2213 770 2265 necesse
798 2200 869 2274 cst,
899 2210 960 2260 eos
984 2187 1142 2282 aliquam
1167 2185 1254 2274 legis
1277 2184 1487 2276 particulam
1538 2195 1773 2277 sequuturum
1785 2206 1858 2254 esse
1867 2184 2106 2254 universalem
2120 2184 2306 2259 interitum
2323 2188 2526 2280 impiorum,

505 2299 704 2374 retinuisse.
756 2368 758 2372 ¹
1539 2298 1574 2354 et
1604 2283 1715 2355 iustos
1748 2308 1934 2356 mansuros
1964 2307 2038 2354 esse
2071 2285 2111 2355 in
2135 2289 2358 2377 possessione
2382 2303 2525 2361 aeterna

604 2397 730 2470 Postea
753 2394 794 2464 in
815 2390 934 2463 Moise
957 2385 1112 2457 breviter
1130 2397 1299 2458 annotata
1314 2397 1366 2456 est
1381 2384 1489 2454 series
1539 2408 1687 2477 operum
1716 2386 1855 2471 mundi.
1913 2386 2057 2457 Deinde
2086 2380 2154 2458 hoc
2180 2391 2343 2480 exemplo
2378 2403 2526 2463 testator

504 2522 683 2577 annorum
712 2494 901 2589 usquead
930 2488 1118 2562 diluvium.
1178 2487 1291 2577 Quia,
1323 2501 1489 2578 utsupra
1540 2488 1647 2572 Deus,
1672 2507 1710 2557 se
1725 2488 1892 2580 deinceps
1905 2510 2048 2580 quoque
2062 2503 2198 2579 peccata
2210 2490 2427 2581 puniturum
2442 2514 2527 2577 esse,

506 2607 726 2683 dictumest,
750 2597 829 2668 volt
850 2589 1043 2664 Deussciri
1066 2588 1170 2660 initia
1184 2612 1324 2674 rerum,
1350 2601 1384 2658 et
1400 2602 1491 2657 tem·
1540 2611 1746 2681 quanquam
1772 2590 1822 2659 sic
1844 2589 1986 2678 mitigat
2006 2589 2116 2676 iram,
2138 2602 2179 2661 nt
2202 2592 2384 2681 promittat
2397 2594 2527 2663 condi-

506 2728 594 2802 pora
610 2721 753 2772 suarum
766 2693 1051 2789 patefactionnm.
1105 2685 1159 2761 Ac
1180 2711 1236 2760 res
1252 2689 1415 2760 miranda
1431 2710 1490 2758 re·
1540 2703 1575 2762 ta
1590 2687 1705 2771 Iride,
1738 2713 1776 2760 se
1797 2684 2061 2782 deinceps'non
2083 2692 2288 2782 puniturum
2311 2716 2388 2763 esse
2409 2714 2525 2781 genus

462 2827 467 2838 ·
498 2795 736 2894 ,deturbare
757 2798 833 2868 sola
853 2798 899 2865 de
918 2789 966 2861 H
967 2783 1128 2873 enoris,
1155 2791 1308 2886 quinon
1326 2804 1377 2861 est
1393 2814 1491 2859 mor·
1541 2786 1738 2863 humanum
1759 2792 1955 2863 universali
1974 2792 2124 2864 diluvio.
2175 2792 2247 2866 Sed
2267 2793 2372 2863 simul
2385 2793 2527 2883 signifi-

505 2924 610 2991 cuus,
635 2903 696 2973 sed
710 2899 834 2970 vivens
849 2897 889 2966 in
911 2894 1048 2965 coelum
1066 2895 1255 2965 translatus
1268 2904 1331 2968 est.
1381 2889 1491 2981 Quod
1541 2908 1616 2973 cat,
1649 2892 1689 2962 in
1709 2906 1862 2966 extrema
1883 2916 1998 2985 poena
2029 2892 2107 2983 igni
2132 2893 2426 2984 conflagratnmm
2448 2917 2526 2965 esse

503 3017 583 3081 non
604 3002 844 3075 existimemus
862 2998 954 3069 clam
983 2994 1127 3064 nemine
1155 3006 1333 3087 spectante
1358 2994 1501 3065 iactum·
1541 2997 1739 3080 mundum,
1772 3008 1809 3067 et
1829 3018 1867 3066 se
1887 3018 1929 3065 ex
1955 3017 1996 3066 ea
2015 3016 2129 3065 massa
2150 3018 2282 3066 novam
2303 2996 2425 3066 mnndi
2446 2996 2527 3066 ior·

507 3132 601 3194 esse,
629 3096 761 3177 sedvel
775 3102 813 3170 in
828 3098 1006 3173 Ecclesiae
1023 3098 1312 3187 congregatione,
1337 3094 1394 3163 vel
1412 3117 1492 3187 spe-
1541 3119 1638 3166 mam
1660 3098 1833 3169 iacturum
1858 3119 1941 3167 esse.
1994 3091 2080 3168 ldeo
2104 3096 2242 3167 colores
2264 3109 2351 3169 sunt
2370 3096 2405 3166 in
2426 3093 2526 3168 lride

505 3210 685 3286 stantibus
698 3204 834 3298 aliquot
850 3200 1013 3294 patribus
1029 3198 1098 3269 lide
1114 3198 1243 3287 dignis.
1289 3194 1385 3285 Quia
1399 3190 1493 3267 hanc
1542 3198 1628 3269 duo.
1683 3194 1854 3269 Ceruleus
1877 3196 2049 3288 significat
2070 3220 2180 3288 genus
2204 3193 2406 3270 humanum
2427 3199 2530 3291 aquis

506 3308 777 3391 translationem
792 3304 906 3375 voluit
920 3298 1018 3371 Deus
1032 3298 1275 3369 testimonium
1290 3319 1365 3368 csse
1378 3298 1493 3369 deri-
1542 3299 1698 3391 periisse.
1755 3296 1883 3391 lgneus
1913 3321 1975 3370 sen
2005 3322 2206 3393 purpureus
2241 3314 2364 3392 postea
2393 3300 2529 3392 peritu-

508 3432 544 3491 ta
570 3427 605 3486 et
625 3413 739 3484 salute
759 3419 920 3489 aeterna,
951 3404 1067 3473 danda
1086 3397 1163 3485 his,
1187 3402 1249 3494 qui
1266 3402 1385 3471 Deum
1401 3416 1494 3473 recte
1542 3422 1623 3471 rum
1650 3424 1722 3471 esse
1742 3402 1836 3494 igni,
1860 3415 1902 3474 ut
1921 3402 1961 3471 in
1983 3404 2137 3474 secunda
2159 3403 2307 3495 epistola
2327 3401 2426 3474 Petri
2439 3401 2528 3473 scri-

409 3568 412 3573 <
453 3510 455 3515 ’
508 3515 723 3589 invocabant
754 3510 793 3577 in
821 3506 1002 3596 agnitione
1031 3504 1195 3595 promissi
1225 3502 1381 3572 seminis.
1439 3498 1494 3574 hc
1543 3514 1644 3595 ptum
1664 3515 1727 3576 est.

509 3621 584 3691 duo
618 3613 749 3687 similia
783 3607 983 3680 testimonia
1017 3605 1137 3693 generi
1173 3601 1329 3673 humano
1355 3618 1494 3674 ostensa
1644 3599 1784 3675 Eodem
1807 3628 1902 3676 anno
1933 3627 1955 3679 a
1981 3608 2118 3678 mundo
2139 3603 2283 3677 condito
2311 3599 2422 3680 1657.
2447 3627 2528 3676 cum

510 3733 596 3792 sunt
627 3727 709 3786 ante
736 3714 926 3782 adventurn
958 3705 1123 3776 Messias:
1164 3705 1314 3775 alterum
1344 3701 1495 3775 Henoch
1545 3699 1648 3775 Nohe
1663 3728 1820 3794 egressus
1835 3719 1924 3777 esset
1938 3730 1980 3776 ex
1994 3731 2091 3791 arca,
2115 3730 2239 3779 rursus
2254 3704 2433 3778 Ecclesiae
2446 3708 2529 3778 data

508 3835 592 3895 ante
630 3815 828 3896 diluvium,
876 3811 1026 3878 alterum
1060 3803 1161 3876 Eliae
1193 3820 1273 3896 post
1306 3807 1495 3880 diluvium.
1545 3806 1863 3892 sunttestimonia,
1888 3830 1970 3877 cum
1992 3808 2202 3879 sacrificium
2221 3810 2267 3880 de
2288 3810 2387 3880 coelo
2404 3808 2528 3879 ineen-

509 3922 560 3994 tlt
577 3914 774 4010 Prophetae
791 3911 906 3984 testati
923 3921 1024 3989 sont,
1050 3904 1217 3976 Messiam
1233 3907 1364 3977 abolita
1381 3921 1496 3976 morte
1546 3930 1626 3977 sum
1641 3920 1712 3991 est,
1737 3920 1772 3978 et
1794 3907 1997 3996 testimonio
2012 3906 2192 3980 Ecclesiae
2213 3912 2305 3983 duae
2316 3934 2374 3982 res
2386 3909 2528 3982 additae

509 4023 735 4095 redditurum
758 4037 831 4083 esse
851 4014 960 4081 vitam
982 4023 1181 4092 aeternam,
1212 4021 1247 4080 et
1270 4007 1497 4079 concuicatu—
1546 4020 1647 4078 sunt:
1678 4007 1873 4079 Promissio
1896 4011 1941 4078 de
1961 4032 2129 4082 mansuro
2152 4026 2300 4084 naturae
2321 4013 2462 4091 ordine:
2493 4019 2532 4081 et

509 4148 596 4199 rum
613 4132 719 4210 caput
734 4116 915 4206 serpentis.
1547 4108 1724 4179 institutio
1758 4110 1924 4200 politicae
1954 4111 2236 4201 gubernationis.
2295 4114 2399 4184 Tunc
2432 4113 2531 4181 enim

613 4220 754 4294 Citatur
779 4229 814 4286 et
834 4208 1021 4307 prophetia
1045 4207 1216 4300 Henoch,
1248 4212 1293 4282 de
1319 4226 1496 4304 postremo
1547 4232 1706 4300 expresse
1734 4210 1804 4281 lata
1826 4224 1878 4281 est
1897 4210 1975 4297 ier,
2005 4226 2049 4285 ut
2082 4207 2318 4285 homicida
2343 4210 2530 4281 occidatur

512 4325 646 4401 iudicio
670 4323 709 4391 in
729 4317 890 4409 Epistola
912 4317 1036 4386 Iudae:
1064 4309 1106 4380 E
1113 4335 1181 4384 cca
1203 4310 1325 4384 venit
1349 4310 1498 4385 d'omi-
1545 4312 1594 4383 ab
1607 4307 1764 4392 homine,
1790 4312 1852 4406 qui
1866 4328 2003 4404 praeest
2015 4316 2162 4387 caeteris
2173 4311 2388 4386 hominibus.
2429 4306 2532 4382 Haec

512 4453 597 4501 nus
620 4447 702 4498 cnm
724 4433 845 4491 sancto
862 4417 1017 4487 exercitu
1038 4437 1122 4499 suo,
1146 4428 1186 4484 ut
1202 4415 1308 4485 faciat
1325 4416 1497 4487 iudicium
1547 4414 1607 4484 lex
1638 4412 1824 4506 praecipua
1848 4414 1886 4483 in
1910 4416 2038 4486 ordine
2070 4416 2211 4509 politico
2233 4425 2303 4499 est,
2336 4424 2373 4483 et
2395 4435 2531 4484 nervus

511 4545 635 4604 contra
649 4545 787 4608 omnes,
813 4533 847 4590 et
863 4530 987 4609 arguat
1000 4537 1123 4587 omnes
1139 4516 1269 4606 impios
1284 4531 1346 4590 etc.
1400 4516 1441 4586 ln
1457 4541 1498 4588 ea
1548 4508 1725 4584 humanae
1746 4514 1933 4587 societatis.
1983 4515 2037 4590 lta
2058 4517 2169 4588 cernis
2185 4536 2309 4586 rursus
2329 4514 2434 4586 initia
2456 4508 2531 4584 Ec-

512 4626 699 4724 prophetia
714 4622 811 4695 haud
828 4618 938 4691 dubie
958 4608 1212 4708 comprehensa
1233 4617 1303 4688 suit
1321 4618 1499 4709 copiosior
1547 4615 1674 4686 clasiae
1691 4629 1726 4686 et
1738 4615 1894 4707 politiae.
1944 4615 2083 4690 Deinde
2097 4617 2292 4689 recitantur
2306 4616 2453 4686 nomina
2468 4638 2531 4686 eo·

515 4730 678 4800 doctrina
694 4729 738 4795 de
750 4721 1006 4812 promissione,
1033 4719 1078 4788 de
1097 4708 1305 4798 Messio,
1331 4731 1366 4790 ct
1381 4721 1425 4789 de
1440 4720 1499 4792 sn·
1548 4739 1653 4801 rum,-
1677 4716 1742 4809 qui
1765 4741 1807 4788 er
1828 4719 1912 4791 liliis
1933 4715 2057 4790 Nohae
2070 4719 2255 4812 propagati
2268 4731 2371 4804 sunt,
2396 4728 2431 4787 et
2446 4715 2532 4788 stir-

513 4829 605 4903 turis
617 4820 874 4898 mutationibus
891 4822 1029 4911 generis
1044 4814 1205 4890 humani.
1547 4838 1612 4911 pes
1632 4817 1853 4890 diversarum
1872 4822 2042 4912 gentium.
2092 4819 2220 4892 Voluit
2232 4833 2350 4892 antem
2368 4815 2460 4888 hanc
2475 4839 2533 4889 se·

1547 4914 2577 5106 tutissimarumstau·

518 5107 528 5129 ’
565 5202 580 5219 .
616 5122 765 5196 Annua
787 5122 933 5196 condito
953 5118 1091 5191 mundo
1112 5117 1304 5191 millesimo
1317 5133 1498 5193 sescente-
1548 5127 1742 5217 pectendos
1757 5139 1794 5198 et
1807 5127 2090 5218 conspiciendus.
2138 5124 2253 5198 Nobis
2273 5119 2404 5196 adhoc
2422 5122 2532 5192 edam

514 5230 605 5303 simo
621 5223 914 5323 quinquagesimo
933 5234 1049 5310 sesto,
1073 5246 1155 5296 cnm
1172 5217 1277 5293 Noha
1297 5216 1500 5297 inchoasset
1547 5229 1693 5320 prodest
1705 5249 1809 5299 nosse
1822 5241 1963 5320 patrum
1978 5230 2140 5316 nomina,
2158 5239 2201 5298 nt
2212 5227 2364 5298 sciamus
2371 5221 2534 5316 gentium

513 5325 972 5411 annnmsescentesimnm‚
994 5345 1117 5395 mense
1137 5324 1294 5394 secundo
1309 5323 1385 5396 eins
1398 5327 1498 5415 anni,
1548 5329 1724 5421 origines,
1755 5330 1852 5424 qnod
1880 5341 1956 5402 non
1986 5334 2105 5406 solum
2130 5330 2329 5403 iucundum
2359 5338 2430 5412 est,
2468 5325 2534 5395 sed

513 5436 573 5509 dic
588 5429 739 5527 septimo
753 5427 914 5514 decimo,
938 5417 1396 5516 ingrersnsestNohscnm
1410 5451 1498 5500 con·
1547 5430 1655 5501 etiam
1668 5431 1769 5505 utile.
1806 5427 1925 5504 Series
1937 5435 2211 5521 enimtestatur,
2234 5430 2386 5523 primam
2399 5424 2535 5499 doctri·

511 5539 596 5631 iuge
610 5549 646 5608 et
660 5531 745 5606 liliis
766 5529 807 5600 io
830 5551 968 5607 arcam,
992 5530 1030 5597 et
1051 5525 1093 5596 in
1111 5548 1153 5597 ea
1174 5525 1306 5599 mansit
1319 5527 1496 5622 integrum
1547 5552 1632 5601 nam
1647 5533 1692 5601 de
1708 5528 1874 5605 Decesse
1890 5529 2004 5624 hanc,
2028 5536 2178 5632 quaein
2195 5530 2339 5627 scripsis
2360 5528 2473 5604 Moisi
2498 5541 2535 5599 et

514 5664 652 5715 sonum
665 5637 826 5713 tolerem
877 5626 1299 5724 Rursutrnimegressns
1310 5645 1498 5705 estmense
1547 5631 1714 5728 deinceps
1730 5633 1771 5705 in
1786 5631 2046 5731 Prophearnm
2060 5636 2202 5733 scriptii
2216 5633 2352 5710 tradits
2370 5646 2436 5705 est.
2485 5625 2536 5704 Et
