6025 6775
633 731 708 805 stt

637 920 751 967 sermo
772 893 845 964 sive
868 888 1025 982 loquela,
1050 908 1139 977 quae
1161 896 1214 953 est
1231 909 1298 953 vox
1313 884 1518 966 articulata,
1543 885 1618 952 for-

638 1011 798 1068 matura
821 992 959 1079 lingua,
992 988 1096 1077 plane
1120 985 1351 1055 inenarrabili
1373 986 1498 1069 modo,
1523 987 1618 1054 unde

638 1111 784 1191 propter
806 1095 941 1163 diversa
964 1088 1104 1176 linguae
1127 1085 1398 1177 impedimenta,
1430 1087 1492 1154 alii
1517 1086 1619 1164 blesi,

640 1200 702 1270 alii
718 1195 823 1268 trauli
838 1192 999 1260 existunt.

740 1293 808 1364 Hic
832 1290 1092 1360 consideremus
1111 1300 1243 1381 quanta
1265 1287 1311 1355 sit
1326 1286 1421 1356 vocis
1435 1287 1569 1358 utilitas
1585 1301 1619 1357 et

640 1398 805 1476 varietas,
834 1414 940 1484 quam
966 1390 1016 1457 sic
1038 1388 1115 1456 fieri
1139 1388 1283 1481 quidem
1307 1389 1526 1478 experimur,
1557 1392 1616 1457 sed

641 1521 704 1568 cur
726 1508 759 1565 et
783 1494 924 1585 quando
947 1490 986 1557 in
1009 1486 1065 1557 his
1087 1488 1260 1558 meatibus
1275 1489 1336 1556 ae'r
1350 1489 1495 1580 accipiat
1514 1511 1618 1558 sonos

640 1611 673 1667 et
694 1616 861 1664 sonorum
883 1590 1105 1672 varietatem,
1130 1589 1246 1658 dicere
1262 1611 1336 1656 non
1353 1612 1554 1676 possumus,
1578 1612 1618 1656 ac

637 1698 817 1767 fatendum
828 1705 897 1772 est,
923 1713 997 1759 non
1011 1690 1150 1780 penitus
1160 1686 1307 1780 perspici
1317 1704 1491 1759 naturam.
1538 1688 1617 1757 Me-

638 1797 727 1867 mini
749 1777 940 1885 sapientem
957 1792 1072 1860 virum
1090 1791 1224 1867 dicere,
1251 1811 1292 1855 eo
1310 1788 1513 1857 discendam
1530 1784 1618 1858 Phi·

638 1889 858 1986 losophiam,
887 1906 927 1962 ut
947 1913 1129 1983 quousque
1152 1887 1317 1979 progredi
1338 1892 1437 1956 inens
1461 1882 1615 1959 humana

638 1998 765 2091 possit,
791 1993 1107 2073 animadvertatur,
1131 2000 1166 2058 et
1181 2012 1274 2081 quae
1294 2012 1367 2057 non
1385 1986 1616 2079 comprehen-

639 2102 711 2168 dat.
769 2092 929 2184 Cumque
957 2101 1086 2159 restare
1114 2089 1238 2178 ingens
1267 2087 1402 2158 honum
1423 2113 1499 2160 non
1519 2115 1616 2159 com-

638 2191 849 2291 prehensum
882 2191 1075 2277 cernimus,
1108 2187 1260 2260 convicti
1288 2190 1479 2270 fateamur,
1514 2190 1616 2281 opili-

639 2323 712 2369 cem
737 2292 944 2384 sapientiam
965 2304 1000 2362 et
1020 2292 1153 2360 bouum
1178 2312 1262 2363 esse.
1324 2286 1398 2359 Cur
1420 2313 1534 2360 sermo
1556 2291 1618 2359 fiat

639 2401 779 2487 linguae
812 2394 964 2485 plectro,
1016 2390 1095 2482 quis
1129 2390 1213 2459 satis
1248 2402 1445 2460 monstrare
1478 2391 1617 2481 potest?

638 2498 734 2571 Fieri
758 2511 875 2568 tamen
895 2492 1082 2570 sentimus,
1106 2503 1140 2560 et
1161 2491 1284 2578 ingens
1302 2491 1436 2560 bonum
1455 2513 1528 2562 esse
1542 2514 1615 2561 ser-

637 2622 799 2676 monem,
824 2594 1078 2683 significantem
1095 2613 1170 2671 res,
1195 2591 1420 2677 cogitationes
1436 2604 1470 2661 et
1485 2592 1616 2660 volun-

637 2713 725 2770 tates
739 2695 807 2767 Dei
831 2711 865 2765 ct
886 2691 1090 2775 hominum,
1115 2692 1337 2761 manifestum
1354 2707 1416 2764 est.
1468 2688 1534 2762 Est
1549 2693 1616 2781 igi-

637 2815 696 2870 tur
712 2799 848 2887 sapiens
862 2796 1003 2873 artifex,
1028 2815 1132 2885 quem
1146 2814 1388 2882 agnoscamus,
1414 2805 1447 2863 et
1461 2792 1537 2862 eius
1551 2793 1616 2862 be·

637 2900 771 2969 neficiis
796 2908 996 2965 reverenter
1019 2906 1182 2979 utamur,
1215 2916 1352 2984 nosque
1370 2916 1617 2984 praeparemus

637 3003 682 3070 ad
705 2998 885 3069 coelestem
907 2994 1130 3085 sapientiam,
1154 2993 1194 3060 in
1213 3015 1282 3083 qua
1303 2993 1418 3061 ideam
1433 3016 1616 3064 cernemus

637 3102 821 3172 universae
843 3109 989 3165 naturae
1009 3093 1048 3161 in
1069 3093 1145 3184 ipso
1166 3093 1358 3162 conditore.
1407 3090 1497 3161 Vult
1521 3090 1616 3163 Deus

637 3225 722 3272 voce
738 3196 922 3286 Evangelii
937 3195 1077 3265 accendi
1090 3194 1215 3278 vitam,
1239 3192 1353 3262 lucem
1369 3192 1408 3261 in
1424 3194 1616 3279 mentibus,

573 3361 576 3368 .
639 3317 675 3372 et
695 3300 864 3371 iustitiam
887 3297 926 3363 iu
948 3294 1139 3384 coidibus,
1154 3306 1189 3363 et
1209 3294 1351 3385 quidem
1368 3295 1444 3363 vult
1461 3317 1534 3364 sese
1549 3319 1616 3363 no-

638 3403 696 3472 bis
719 3398 977 3468 communicare
999 3390 1065 3461 hac
1088 3394 1163 3483 ipsa
1181 3419 1276 3464 voce.
1328 3394 1384 3463 Ad
1401 3391 1496 3466 hunc
1514 3420 1614 3466 usum

639 3499 799 3571 condidit
822 3492 907 3566 haec
923 3493 1128 3563 admiranda
1144 3517 1269 3582 opera,
1295 3518 1414 3563 vocem
1432 3509 1465 3565 et
1481 3520 1615 3566 sermo·

639 3625 744 3691 nem,
785 3621 873 3691 quae
905 3592 1084 3688 quomodo
1117 3594 1220 3679 fiant,
1259 3607 1343 3665 tunc
1370 3595 1615 3686 intelligemus,

639 3727 718 3775 cnm
741 3704 857 3792 ipsum
874 3695 1033 3789 opificem
1049 3717 1165 3765 coram
1179 3696 1218 3764 in
1232 3694 1311 3767 luce
1324 3697 1506 3767 manifesta
1521 3699 1615 3790 aspi·

639 3803 780 3875 ciemus.
1319 3824 1328 3838 ·
1571 3806 1576 3817 ’

741 3901 813 3971 lam
837 3912 871 3970 et
890 3921 999 3991 pauca
1021 3899 1065 3969 de
1086 3891 1224 3969 trachea
1239 3899 1384 3984 arteria,
1409 3913 1443 3969 et
1457 3901 1501 3970 de
1515 3922 1615 3971 oeso-

641 3999 754 4093 phago
776 4002 901 4069 dicam.
967 3997 1049 4069 Non
1072 3999 1156 4069 dicit
1179 3997 1279 4070 Plato
1302 3995 1383 4069 vehi
1408 4015 1528 4091 potum
1554 4025 1616 4091 per

638 4101 815 4176 tracheam
838 4101 1012 4171 arteriam.
1070 4096 1204 4191 Estque
1225 4102 1408 4174 retinenda
1431 4102 1615 4185 sententia,

639 4206 823 4276 distinctos
846 4224 919 4269 esse
939 4201 1075 4270 canales
1098 4217 1131 4273 et
1142 4202 1305 4273 distincta
1321 4203 1453 4285 officia,
1478 4216 1520 4273 ut
1533 4216 1615 4272 ante

638 4308 802 4378 diximus.
854 4299 1033 4371 Differunt
1055 4314 1090 4371 et
1111 4303 1180 4371 situ
1196 4316 1231 4373 et
1246 4304 1440 4373 substantia
1455 4297 1494 4370 hi
1511 4327 1613 4373 cana·

638 4410 699 4481 les.
748 4399 907 4476 Trachea
928 4401 1055 4473 arteria
1076 4402 1114 4468 in
1136 4402 1309 4471 anteriore
1333 4418 1430 4493 parte
1447 4404 1530 4471 colli
1550 4428 1614 4489 po-

638 4510 703 4577 sita
733 4521 803 4584 est,
838 4518 879 4575 ut
902 4517 994 4574 recta
1016 4504 1136 4571 tendat
1156 4504 1200 4568 ad
1223 4523 1279 4586 os,
1312 4497 1500 4571 hauriendi
1522 4503 1614 4572 aeris

637 4629 755 4689 causa,
780 4599 998 4693 oesophagus
1016 4617 1130 4674 autem
1153 4601 1191 4667 in
1212 4603 1404 4690 posteriore
1418 4620 1516 4693 parte
1531 4604 1613 4672 colli

636 4719 700 4789 est,
725 4718 759 4774 et
773 4706 881 4791 magis
897 4705 990 4786 latet,
1011 4715 1051 4770 ut
1067 4703 1144 4790 plus
1157 4699 1334 4771 contineat
1343 4703 1479 4771 caloris.
1530 4701 1614 4773 Dis-

637 4806 764 4878 cedens
786 4815 901 4873 autem
927 4796 1096 4871 nonnihil
1117 4800 1224 4871 flectit
1244 4822 1281 4870 se
1305 4803 1349 4870 ad
1374 4805 1548 4895 dextram,
1572 4817 1613 4874 ut

636 4910 736 4978 cedat
757 4904 873 4973 locum
895 4916 1026 4971 aortae.
1073 4899 1212 4974 Rursus
1234 4915 1350 4973 autem
1373 4903 1416 4970 ad
1432 4903 1610 4973 sinistram

634 5008 845 5089 reflectitur,
871 5026 950 5076 cum
973 5002 1045 5073 fere
1066 5003 1209 5075 accessit
1229 5004 1274 5073 ad
1299 4999 1547 5094 diaphragma,
1572 5019 1612 5075 ut

634 5113 730 5180 cedat
754 5110 871 5178 locum
895 5130 1004 5177 venae
1024 5129 1139 5175 cavae.
1188 5104 1241 5175 Ita
1264 5105 1362 5181 velut
1385 5127 1505 5174 servus
1530 5107 1610 5175 offi-

631 5210 723 5278 ciose
741 5210 832 5279 cedit
848 5207 1104 5301 praestantibus
1119 5204 1302 5275 membris.
1348 5205 1418 5277 Sed
1434 5207 1611 5276 anfractus

630 5312 685 5380 illi
702 5323 870 5401 prosunt,
895 5321 935 5376 ut
952 5305 1018 5379 hoc
1032 5306 1231 5375 membrum
1245 5305 1412 5388 fulciant,
1433 5319 1467 5377 et
1482 5330 1610 5377 nervos

630 5408 824 5501 excipiant,
850 5408 934 5477 item
950 5430 994 5474 ne
1010 5404 1222 5495 impediatur
1237 5404 1444 5493 deglutiens.
1495 5404 1609 5477 Diffe-

627 5526 712 5583 runt
735 5523 769 5580 et
790 5506 1005 5588 substantia,
1029 5528 1111 5573 nam
1132 5498 1273 5574 trachea
1296 5520 1408 5575 estex
1431 5506 1608 5595 cartilagi-

625 5615 751 5695 nibus,
776 5625 815 5681 ut
831 5611 878 5680 sit
891 5605 1025 5675 firmior
1040 5603 1188 5688 canalis,
1213 5629 1278 5674 nec
1294 5617 1367 5675 toto
1382 5629 1445 5675 suo
1461 5630 1607 5694 corpore

625 5728 745 5797 coeat,
772 5714 832 5781 sed
853 5722 1016 5780 maneant
1038 5720 1190 5789 meatus,
1216 5719 1255 5774 ut
1276 5729 1351 5774 non
1368 5706 1608 5794 impediantur

1036 712 1194 789 DECL.
1218 710 1292 785 ott
1329 709 1613 787 PULMONE
1647 713 1721 788 ΕΤ
1751 712 1826 788 DE
1862 714 2126 801 DISC'RIM.
2158 746 2243 804 arc,

2383 718 2457 808 ’.
2574 751 2652 822 ete

1671 878 1904 976 Oesophagus
1937 912 2022 959 vero
2056 918 2259 990 quanquam
2288 926 2418 978 nervea
2445 913 2654 991 membrana

1670 998 1739 1070 est,
1763 1000 1881 1055 tamen
1903 1001 1955 1058 est
1976 992 2171 1066 substantia
2188 1001 2350 1090 mollior,
2375 1031 2480 1100 quam
2494 1013 2650 1105 trachea,

1670 1099 1703 1155 et
1714 1087 1921 1175 astringitur
1944 1090 2016 1159 suis
2042 1096 2156 1181 villis,
2178 1123 2259 1167 cum
2281 1118 2332 1173 est
2356 1108 2486 1186 inanis.
2534 1112 2600 1188 Est
2615 1134 2650 1191 et

1670 1188 1782 1255 multo
1806 1189 1967 1276 longior,
1991 1214 2096 1282 quam
2120 1194 2279 1287 trachea,
2305 1229 2396 1297 quae
2421 1215 2489 1284 suh
2503 1215 2650 1287 furculis

1670 1287 1836 1356 inseritur
1854 1289 2025 1377 pulmoni.
2066 1292 2120 1365 Ac
2135 1295 2351 1392 oesophagus
2367 1313 2434 1378 sub
2453 1312 2648 1410 diaphrag-

1669 1401 1762 1456 mate
1784 1389 2020 1459 ventriculum
2042 1396 2193 1487 attingit.
2242 1400 2316 1473 Nec
2337 1431 2420 1478 vero
2442 1413 2514 1485 iam
2537 1430 2647 1489 totam

1669 1487 1934 1559 fabricationem
1972 1486 2096 1564 harum
2127 1502 2280 1589 partium
2312 1507 2459 1582 recitare
2490 1510 2649 1605 possum,

1670 1599 1807 1657 tantum
1832 1585 1899 1658 hoc
1921 1604 2069 1679 moneo,
2101 1620 2146 1667 ne
2170 1602 2263 1671 vocis
2288 1629 2419 1696 organo
2441 1615 2647 1688 tribuantur

1669 1688 1783 1757 officia
1797 1689 1946 1770 culinae,
1970 1716 2015 1761 ne
2032 1696 2243 1772 misceantur
2256 1714 2497 1801 propagationi
2512 1719 2646 1788 doctri-

1670 1811 1736 1857 nae
1754 1789 1960 1879 cupiditates
1975 1796 2087 1882 gulae.

1768 1886 1842 1958 Cur
1856 1890 1964 1992 igitur
1978 1894 2280 1994 dixitEuripides:
2308 1906 2440 1982 Vinum
2458 1929 2646 2006 penetrans

1669 1988 1878 2079 pulmonum
1894 1998 2051 2066 meatus?
2076 1996 2276 2076 EtAlceus:
2306 2007 2418 2109 Te'yye
2433 2017 2645 2107 πνεύμονας

1669 2088 1770 2184 οἴνῳ.
1821 2088 1918 2161 Haec
1940 2097 2046 2166 verba
2069 2124 2144 2171 non
2168 2108 2392 2182 confundunt
2413 2115 2523 2185 officia
2539 2140 2646 2187 cana-

1668 2189 1776 2270 lium,
1803 2203 1940 2262 tantum
1959 2192 2028 2265 hoc
2048 2201 2190 2286 dicunt,
2215 2211 2377 2297 pulmoni
2403 2239 2491 2305 opus
2513 2240 2584 2285 esse
2609 2232 2645 2287 et

1668 2291 1885 2363 nutrimento
1906 2307 1940 2365 et
1953 2296 2136 2385 rigatione.
2187 2304 2240 2375 Ac
2256 2312 2477 2382 manifestum
2499 2328 2550 2386 est
2573 2340 2645 2388 nu·

1667 2390 1747 2458 triri
1764 2404 1799 2461 et
1812 2393 1920 2482 rigari
1938 2397 2099 2487 pulmoni
2113 2404 2315 2494 pulmonem
2331 2434 2394 2499 per
2410 2438 2534 2483 venam
2547 2410 2646 2487 ¹arte·

1666 2489 1812 2577 rialem,
1834 2518 1923 2585 quae
1937 2499 2101 2569 subtilem
2117 2507 2321 2594 sanguinem
2335 2506 2430 2583 vehit
2450 2514 2487 2581 in
2503 2518 2647 2605 pulmo·

1666 2613 1759 2661 nem.
1816 2591 1969 2682 Sanguis
1995 2612 2111 2670 autem
2145 2629 2185 2674 ex
2208 2608 2286 2677 cibo
2309 2623 2343 2680 et
2362 2627 2451 2703 potu
2472 2629 2575 2686 antea
2604 2619 2646 2687 in

1669 2702 1767 2782 epate
1790 2707 1977 2769 natusest.
2028 2698 2164 2773 Harum
2187 2709 2364 2779 actionum
2387 2716 2549 2784 ordinem
2573 2741 2647 2788 esse

1667 2797 1789 2882 poetae
1810 2816 1884 2861 non
1903 2813 2049 2885 negant,
2074 2826 2154 2873 cum
2168 2808 2307 2896 dicunt,
2333 2813 2417 2883 vino
2434 2816 2542 2905 rigari
2563 2820 2644 2908 pul·

1668 2914 1819 2963 monem.
1871 2892 1961 2964 Cum
1977 2898 2108 2971 diurno
2124 2923 2220 2978 aestu
2239 2924 2272 2979 et
2283 2911 2419 2987 .labore
2442 2940 2503 2983 cor
2520 2940 2644 2987 accen·

1667 3013 1745 3061 sum
1763 3006 1824 3077 est,
1849 3008 1883 3063 et
1902 2996 2022 3085 pulmo
2036 3005 2216 3092 arefactus,
2241 3033 2262 3078 a
2277 3014 2425 3082 meridie
2438 3018 2646 3106 corporibus

1667 3090 1766 3184 quies
1782 3096 2012 3184 concedatur,
2048 3117 2082 3172 et
2102 3106 2181 3175 cibo
2209 3123 2243 3179 et
2261 3125 2348 3202 potu
2368 3114 2576 3193 reficiantur¹
2589 3119 2647 3185 vi·

1667 3213 1722 3261 res
1740 3205 1773 3262 et
1789 3194 1951 3284 spiritus,
1974 3213 2008 3268 et
2028 3201 2199 3290 rigatione
2218 3204 2464 3285 humectantur
2485 3230 2519 3286 et
2541 3219 2644 3287 refri-

1668 3304 1832 3380 gerentur
1847 3318 1907 3365 cor
1922 3310 1955 3367 et
1971 3301 2104 3389 pulmo.
2155 3304 2224 3375 Hic
2249 3315 2336 3382 ordo
2362 3319 2405 3383 de
2427 3318 2545 3387 multis
2569 3342 2644 3390 ma-

1667 3393 1746 3480 gnis
1769 3396 1875 3466 rebus
1897 3421 1962 3468 nos
1985 3410 2270 3497 commonefacit,
2302 3416 2346 3483 de
2371 3417 2495 3485 ordine
2509 3418 2643 3489 laboris

1669 3508 1702 3563 et
1717 3496 1952 3567 restitutionis
1975 3502 2123 3588 virium,
2149 3523 2182 3578 et
2203 3513 2248 3581 de
2267 3515 2371 3583 modo
2388 3539 2427 3584 ac
2443 3530 2643 3607 temperan-

1669 3596 1731 3677 tia,
1757 3619 1863 3686 quam
1880 3600 1977 3666 scitis
1994 3609 2222 3674 neeessariam
2237 3635 2309 3682 esse
2326 3617 2368 3683 ad
2393 3619 2559 3689 tuendam
2580 3644 2643 3690 va-

1666 3693 1860 3762 letudinem
1877 3697 2046 3784 corporis.
2097 3703 2166 3769 Sed
2183 3729 2249 3774 nos
2263 3710 2300 3776 in
2314 3711 2470 3787 Ecclesia
2487 3722 2643 3814 praecipi

1668 3818 1742 3863 eam
1759 3793 1929 3877 sciamus,
1954 3809 1987 3865 et
2002 3798 2214 3870 valetudinis
2229 3811 2379 3879 tuendae
2395 3838 2516 3900 causa,
2543 3837 2578 3889 et
2595 3845 2643 3890 ne

1668 3917 1770 3964 mens
1781 3894 1995 3985 impediatur
2008 3897 2047 3966 in
2062 3899 2294 3991 invocatione,
2319 3910 2358 3979 in
2375 3913 2644 3988 deliberationi-

1667 3998 1753 4080 bus,
1778 3995 1816 4063 in
1835 3996 1979 4082 studiis,
2004 4013 2039 4070 et
2055 3999 2094 4069 in
2107 4004 2304 4078 actionibus
2320 4012 2399 4082 aliis
2413 4014 2503 4085 vitae
2518 4041 2646 4091 neces-

1666 4096 1777 4167 sariis.
1828 4094 1924 4166 Haec
1948 4101 2066 4169 omnia
2087 4103 2252 4196 impediri
2275 4106 2548 4187 helluationibus
2563 4143 2645 4190 ma-

1666 4198 1830 4267 nifestum
1849 4210 1909 4267 est.
1961 4197 2118 4272 Maxime
2133 4231 2215 4278 vero
2231 4211 2352 4284 scitote
2374 4218 2417 4285 ad
2444 4218 2651 4292 invocatio·

1665 4322 1745 4367 nem
1760 4299 2094 4393 temperantia‘opus
2110 4329 2193 4381 esse.
2238 4307 2328 4381 Cum
2344 4317 2437 4386 enim
2453 4319 2544 4389 inter
2559 4345 2641 4412 pre-

1664 4400 1815 4469 candum
1837 4422 1975 4470 necesse
1991 4402 2057 4487 sit,
2085 4408 2194 4478 multa
2220 4414 2371 4501 cogitare
2399 4420 2443 4487 de
2470 4416 2570 4503 Deo,
2595 4423 2641 4492 de

1666 4499 1840 4569 mandatis
1857 4514 1890 4570 et
1905 4503 2197 4589 promissionibus
2218 4513 2367 4597 divinis,
2391 4520 2467 4587 fieri
2484 4516 2550 4592 hoc
2563 4546 2639 4591 non

1665 4614 1795 4690 potest,
1829 4624 1909 4668 cum
1931 4602 2080 4673 intentio
2103 4607 2142 4674 in
2170 4611 2277 4680 ebriis
2300 4639 2372 4686 esse
2399 4621 2496 4688 nulla
2518 4622 2639 4713 possit.

1664 4698 1711 4771 Et
1733 4723 1812 4769 cum
1833 4702 1956 4771 ardere
1975 4706 2080 4773 corda
2102 4707 2251 4780 flammis
2273 4715 2386 4785 divini
2407 4722 2552 4808 spiritus
2575 4725 2638 4794 de-

1663 4801 1788 4884 beant,
1816 4794 1882 4869 hae
1901 4803 2143 4893 reprimuntur
2169 4809 2366 4900 fuliginosis
2397 4812 2568 4893 halitibus
2598 4823 2638 4891 in

1662 4902 1805 4972 cerebro
1821 4914 1856 4972 ct
1873 4902 1911 4969 in
1925 4906 2050 4988 corde,
2075 4919 2109 4977 et
2124 4910 2213 4978 varii
2228 4929 2310 4984 sunt
2324 4930 2440 4989 aestus
2460 4937 2495 4993 et
2509 4920 2638 5015 Euripi

1661 5004 1862 5071 adfectuum
1876 5002 1915 5070 in
1932 5007 2048 5088 corde,
2074 5012 2168 5099 quod
2185 5031 2368 5087 oneratum
2385 5036 2436 5091 est
2449 5023 2637 5092 immodico

1662 5103 1741 5173 cibo
1757 5115 1792 5172 et
1808 5115 1904 5193 potu.
1956 5103 2075 5192 Quare
2090 5111 2257 5201 scriptum
2273 5131 2340 5188 est:
2366 5120 2451 5192 Sitis
2464 5122 2574 5190 sobrii
2588 5125 2636 5191 ad

1660 5202 1909 5296 precationem.
1959 5203 2122 5300 Denique
2140 5213 2190 5282 sic
2206 5215 2396 5290 vivendum
2413 5235 2480 5304 est,
2506 5238 2546 5290 ut
2565 5247 2636 5293 no·

1660 5319 1730 5377 stra
1743 5327 1889 5395 corpora
1904 5304 1975 5376 sint
1990 5306 2169 5382 domicilia
2186 5327 2220 5384 et
2236 5320 2361 5410 templa
2377 5316 2461 5404 Dei,
2486 5335 2521 5393 ct
2535 5346 2635 5394 cere-

1658 5408 1784 5488 brum,
1809 5427 1888 5490 cor,
1911 5405 2053 5496 lingua,
2078 5424 2113 5481 et
2135 5416 2255 5487 omnia
2278 5419 2348 5487 sint
2363 5440 2491 5506 organa
2507 5426 2575 5499 Dei
2592 5425 2634 5494 in

1658 5506 1771 5579 nobis.
1803 5503 1899 5576 llaec
1914 5510 2097 5597 cogitanda
2112 5530 2208 5599 sunt,
2233 5540 2311 5585 cum
2326 5517 2507 5591 intuemur
2520 5525 2631 5595 fabri·

1658 5607 1831 5675 rationem
1847 5611 2005 5698 corporis
2019 5612 2150 5693 nostri,
2183 5626 2217 5683 et
2238 5615 2399 5685 ordinem
2422 5636 2569 5694 naturae
2590 5626 2630 5693 in

1657 5708 1795 5777 tuenda
1809 5709 2011 5781 valetudine
2031 5710 2273 5782 necessarium.
2324 5709 2378 5787 Ac
2399 5736 2544 5813 propter
2567 5722 2631 5795 has

623 5817 716 5886 ae'ris
736 5815 910 5898 influxus,
941 5823 978 5880 et
1001 5803 1177 5879 halituum
1202 5805 1424 5878 fumosorum
1447 5806 1607 5881 effluxus.
1654 5803 1877 5898 gravissimas
1890 5833 2030 5897 causas,
2052 5824 2195 5904 propter
2210 5826 2365 5945 nqstram
2378 5821 2630 5911 valetudinem,
