6025 6775
473 626 548 703 επ
1016 618 1177 694 nuce.
1211 557 1286 693 nn
1328 612 1650 695 oaauoato
1682 612 1949 704 tvazrtnz.
2417 651 2492 727 27,

468 819 585 884 sessu,
621 807 683 865 aut
715 802 998 863 coacervatorum
1029 784 1222 861 humorum
1252 792 1364 872 vicio,
1402 791 1459 860 vel
1507 801 1543 860 et
1556 787 1811 877 disputationes
1824 794 1953 864 multas
1966 795 2139 887 eontinet,
2164 818 2197 877 et
2211 816 2366 905 exempla
2384 822 2489 914 digna

467 897 703 968 continuitate
723 894 848 965 soluta·
1507 889 1688 989 memoria.
1748 888 1918 964 Libenter
1939 898 2033 966 enim
2057 895 2128 972 huc
2151 899 2317 986 historias
2331 933 2487 998 veterum

571 996 668 1065 Haec
685 991 884 1063 declarandi
906 985 1103 1081 aphorismi
1123 1015 1244 1078 causa,
1269 1017 1338 1085 qua
1355 992 1456 1084 potui
1505 990 1728 1081 Scriptorum
1752 993 1962 1080 adferimus,
1996 1013 2036 1069 ut
2060 1004 2104 1071 ad
2123 1018 2399 1096 cognoscendam
2416 1019 2486 1095 Ee-

469 1098 644 1167 brevitate
667 1094 827 1185 exposui,
859 1105 893 1162 et
912 1116 975 1161 oro
999 1106 1219 1178 reverenter,
1245 1108 1334 1165 utet
1350 1116 1456 1183 argn-
1504 1091 1629 1161 clasiae
1648 1091 1912 1186 antiquitatem,
1945 1111 1980 1169 et
1996 1102 2039 1169 ad
2062 1107 2333 1186 considerandas
2350 1121 2486 1194 diiudi-

470 1200 584 1269 menti
613 1210 646 1267 et
677 1194 848 1263 orationis
881 1192 1087 1263 tenuitatem
1122 1194 1210 1264 boni
1244 1195 1454 1276 consulatis,
1503 1192 1659 1262 cationes
1684 1195 1916 1265 maximorum
1948 1205 2178 1276 certaminum
2202 1211 2359 1289 iuniores
2390 1223 2485 1296 invi.

473 1302 567 1391 quod
589 1299 741 1365 facturos
761 1319 824 1365 vos
848 1296 893 1363 de
907 1287 1127 1363 humanitate
1143 1309 1258 1365 vestra
1283 1309 1316 1367 et
1333 1296 1455 1389 aequi·
1501 1306 1632 1364 tantur.
1683 1289 1732 1364 Et
1759 1291 1903 1385 prodest
1929 1300 2060 1372 intueri
2091 1312 2250 1381 omnium
2286 1330 2484 1413 temporum

471 1413 558 1482 tate,
588 1410 690 1489 atque
711 1417 792 1484 erga
813 1419 871 1465 me
892 1393 1140 1466 benevolentia
1163 1396 1335 1485 singulari
1358 1411 1452 1469 certo
1501 1391 1716 1477 Ecclesiam,
1742 1408 1783 1464 ut
1798 1398 1938 1486 piorum
1954 1401 2095 1473 iudiciis
2120 1410 2163 1477 de
2179 1413 2340 1489 doctrina
2355 1427 2485 1497 confir-

465 1495 556 1567 mihi
574 1497 779 1588 persuadeo.
1502 1520 1659 1579 memur,
1688 1508 1722 1565 et
1736 1498 1904 1587 exemplis
1917 1502 2101 1587 erigamur.
2153 1508 2203 1582 Ut
2222 1538 2301 1585 cum
2323 1523 2483 1598 videmus

568 1595 647 1669 Oro
669 1598 773 1666 etiam
795 1593 910 1667 Deum
932 1610 1131 1681 aeternum,
1155 1610 1289 1688 patrem
1306 1598 1452 1671 Domini
1501 1599 1666 1668 omnibns
1696 1599 1913 1686 temporibus
1938 1604 2098 1695 cymbam
2122 1607 2186 1677 lilii
2208 1610 2277 1685 Ilei
2298 1613 2484 1696 horribili·

465 1699 581 1770 nostri
602 1701 680 1768 Iesu
702 1694 854 1782 Christi,
880 1711 995 1789 peret
1016 1713 1160 1789 propter
1175 1699 1305 1785 lilium,
1329 1713 1369 1771 ut
1389 1702 1453 1769 ad·
1500 1698 1567 1768 bus
1582 1699 1848 1788 tempestatibus
1865 1714 2063 1793 quassatam
2081 1728 2171 1789 esse,
2198 1726 2230 1783 et
2251 1728 2369 1790 tamen
2388 1727 2483 1795 divi-

467 1803 513 1871 sit
532 1797 710 1870 Ecclesiae
731 1821 831 1884 suae,
863 1812 897 1869 et
917 1799 956 1868 in
976 1794 1039 1869 hae
1061 1794 1181 1869 schola
1199 1814 1312 1871 servet
1334 1826 1374 1871 ac
1389 1802 1451 1870 de-
1500 1798 1596 1867 nitns
1611 1812 1803 1884 servatam,
1829 1826 1903 1870 non
1917 1804 2122 1893 frangamur
2135 1809 2262 1900 animis
2276 1819 2337 1896 illa
2352 1825 2482 1897 tristis.

467 1903 591 1972 lendat
611 1901 727 1971 studia
751 1899 931 1970 doctrinae
964 1900 1141 1985 eoelestis,
1174 1922 1214 1969 ar
1239 1915 1451 1973 caeterarum
1500 1899 1589 1967 sima
1612 1899 1745 1989 specie,
1773 1902 2013 1974 'existimantes
2043 1929 2187 1995 prorsus
2215 1915 2387 1990 abiectum
2411 1951 2483 1998 esse

468 2002 599 2073 artium
631 2015 666 2070 et
694 2015 809 2071 totum
838 2001 931 2070 vitae
962 2016 996 2071 et
1019 2002 1220 2072 studiorum
1249 2017 1450 2075 nostrorum
1499 2020 1611 2089 genus
1623 1994 1960 2087 humanumaDeo,
1981 2006 2040 2074 sed
2058 2008 2206 2080 sciamus
2219 2026 2335 2088 tamen
2348 2045 2483 2117 semper

467 2118 611 2173 cursum
634 2116 729 2191 regat
750 2125 790 2169 ac
813 2102 1002 2190 gubernet,
1035 2115 1070 2172 et
1095 2117 1240 2173 conatus
1270 2105 1308 2172 in
1337 2104 1452 2174 medi·
1499 2100 1636 2192 aliquas
1657 2100 1790 2169 servari
1814 2101 2002 2193 reliquias,
2029 2130 2119 2197 quae
2141 2114 2212 2184 sint
2234 2140 2316 2189 vera
2331 2118 2398 2193 Dei
2412 2122 2484 2199 Ec.

466 2205 581 2274 cando
595 2216 734 2273 nostros
748 2215 854 2296 atque
869 2203 1080 2274 industriam
1095 2204 1261 2277 fortunet.
1304 2204 1399 2275 Diri.
1499 2201 1621 2284 alesia,
1645 2215 1679 2272 et
1695 2194 1785 2269 hane
1800 2203 1928 2290 gestari
1942 2206 2106 2277 manibus
2124 2210 2195 2284 lilii¹
2211 2210 2295 2298 Dei,
2320 2244 2365 2291 ne
2379 2250 2484 2316 pror.

1444 2351 1454 2358 ·
1499 2324 1558 2371 sus
1580 2302 1817 2392 opprimatur,
1851 2303 1941 2375 sicut
1964 2309 2056 2395 apud
2082 2305 2223 2381 Esaiam
2252 2319 2383 2392 dietum
2414 2341 2481 2399 est:

1499 2398 1577 2491 Ego
1601 2426 1663 2471 vos
1686 2402 1827 2489 gestabo
1849 2404 1954 2474 etiam
1975 2408 2187 2496 inserena,
2211 2409 2290 2505 Ego
2310 2423 2394 2509 leci,
2418 2450 2481 2517 ego

898 2588 900 2592 Α
1498 2504 1641 2572 salvabo
1664 2525 1738 2577 vos.
1790 2502 1862 2572 Nec
1885 2506 2010 2578 dubito
2033 2511 2119 2601 quin
2138 2536 2261 2585 omnes
2282 2523 2343 2611 qui
2361 2522 2483 2599 Eccle-

465 2568 640 2695 Ἢ
1268 2572 1439 2694 Q
1497 2605 1584 2673 siam
1607 2617 1744 2685 amant,
1778 2599 1834 2671 his
1858 2600 2014 2678 historiis
2037 2611 2271 2701 delectentur,
2296 2620 2334 2689 in
2353 2628 2483 2715 quibus

1499 2705 1705 2787 recitandis,
1742 2706 1807 2776 etsi
1837 2707 1934 2779 deest
1959 2711 2144 2799 splendor,
2183 2740 2287 2809 quem
2318 2723 2484 2809 adhibuit

667 2768 743 2853 De
773 2762 993 2881 Greyort'o
1022 2762 1243 2849 Nazianz·
1499 2817 1651 2892 vetustas
1673 2805 1711 2871 in
1734 2808 1970 2899 panegyricis,
1995 2834 2099 2903 quem
2117 2817 2220 2903 pauci
2245 2821 2383 2896 imitare
2402 2853 2484 2920 pos-

531 2930 565 2983 ln
583 2928 662 2983 ont.
679 2923 713 2979 T.
727 2925 762 2975 v.
772 2921 941 3046 pooeqq,
972 2925 1000 2978 io
1021 2922 1200 2979 orationibus
1217 2923 1361 2996 postremis
1378 2922 1449 2979 Met.
1498 2917 1600 2979 stant,
1633 2903 1769 2972 etiamsi
1793 2906 1922 2977 velint:
1958 2922 2074 2978 tamen
2103 2916 2207 2983 etiam
2238 2921 2357 2993 brevis
2385 2955 2483 2997 com·

806 2990 936 3052 ffi‘h‘d·
953 2992 985 3050 Τ·
997 2993 1045 3049 ¹¹¹·
1064 2992 1164 3067 P·⁷³⁸·
1306 3019 1308 3023 “
1499 3000 1707 3071 memoratio
1729 3004 1857 3071 multas
1877 3010 2141 3081 admonitiones
2162 3017 2264 3086 offert
2283 3026 2386 3093 utiles
2403 3053 2484 3119 par.

563 3016 591 3068 p.
606 2996 650 3049 58.
667 3001 694 3045 et
717 3010 769 3063 spu

1498 3103 1564 3175 tim
1579 3100 1724 3188 studiis,
1748 3103 1878 3193 partim
1894 3108 2063 3176 moribus.

465 3174 595 3243 Oratio
625 3165 672 3236 de
708 3170 885 3261 Gregorio
915 3171 1181 3260 Nazianzenog
1226 3174 1393 3241 recitata
1426 3193 1450 3240 a
1550 3263 1554 3273 Ι
1598 3201 1671 3272 Nee
1693 3226 1778 3271 ΜΟ
1800 3201 1987 3296 quiequam
2010 3207 2149 3277 dulcfu,
2172 3225 2239 3296 eq,
2271 3241 2376 3309 quam
2403 3247 2482 3296 cum

464 3273 517 3341 M·
550 3264 712 3339 1110θῦ0
746 3263 982 3353 Ῑζθθῆπθῒθ
1025 3269 1241 3359 Auillium>
1281 3272 1449 3360 Deffl'wa
1499 3303 1571 3371 illis
1585 3302 1672 3371 viris
1687 3303 1787 3396 quasi
1801 3302 1968 3397 colloqui,
1995 3309 2090 3398 quod
2106 3308 2158 3396 fit,
2181 3335 2260 3382 eum
2278 3316 2316 3384 in
2331 3314 2385 3389 his
2399 3347 2483 3395 nar-

802 3363 864 3441 ²0.
877 3364 982 3439 Febr.
1000 3365 1111 3442 1558·
1206 3394 1210 3401 '
1499 3403 1698 3475 rationibus
1712 3405 1961 3474 confirmamur
1977 3407 2133 3497 ipsorum
2158 3420 2341 3489 sententiis
2358 3423 2401 3491 de
2417 3427 2485 3496 do-

462 3499 648 3583 Honestae
670 3533 792 3579 causae
812 3525 895 3580 sunt
919 3506 1048 3582 horum
1072 3534 1341 3603 congressuum,
1366 3536 1448 3583 nam
1499 3507 1628 3590 ctrina,
1661 3519 1695 3575 et
1719 3504 1907 3594 exemplis,
1940 3530 2029 3598 qnae
2052 3509 2092 3577 in
2114 3511 2289 3586 similibus
2305 3527 2484 3596 aerumnis

463 3626 496 3683 et
513 3610 819 3680 renunciationem
834 3612 1118 3681 testimoniorum
1134 3616 1232 3682 decet
1242 3635 1315 3681 esse
1329 3615 1449 3704 publi·
1499 3618 1560 3676 out
1574 3604 1761 3675 consilium
1778 3608 1988 3693 ostendunt,
2012 3621 2073 3680 aut
2095 3625 2188 3681 certe
2202 3620 2416 3692 moesticiam
2432 3627 2485 3696 le·

462 3737 558 3796 cam,
595 3725 630 3780 et
653 3710 841 3778 convenire
870 3732 971 3779 senes
996 3723 1165 3803 tanquam
1197 3734 1378 3793 censores,
1410 3729 1450 3785 ut
1499 3706 1615 3776 niunt.
1673 3703 1847 3775 Videmur
1867 3706 1963 3775 enim
1994 3707 2126 3781 iniuste
2155 3729 2292 3804 petere,
2325 3736 2365 3791 ut
2389 3741 2484 3798 extra

462 3813 610 3886 audiant
628 3810 746 3903 qualia
770 3809 842 3878 sint
857 3810 1038 3880 iuniorum
1058 3812 1196 3896 studia,
1221 3812 1310 3881 utile
1324 3827 1393 3900 est,
1415 3828 1449 3886 et
1498 3829 1721 3877 communem
1746 3806 1847 3899 quusi
1869 3806 2001 3897 legem,
2034 3812 2138 3882 nobis
2155 3812 2247 3885 nihil
2262 3819 2409 3892 insuave
2425 3850 2484 3896 ac·

462 3915 538 4007 ipse
553 3924 758 4001 conspectus
779 3910 974 3980 multorum
998 3912 1218 3981 eruditorum
1241 3911 1279 3979 in
1296 3906 1360 3982 hac
1377 3914 1447 3984 fre-
1498 3909 1612 3992 cidat,
1637 3931 1718 3978 cum
1733 3907 1877 3999 quidem
1893 3909 2061 3997 sciamus,
2083 3936 2192 4005 qnare
2210 3917 2483 3996 totahominum

463 4015 606 4109 quentia
620 4012 779 4081 accendit
792 4011 930 4081 animos
945 4011 1125 4081 iuniorum
1142 4014 1185 4081 ad
1201 4012 1445 4100 cogitationem
1497 4022 1623 4078 natura
1638 4008 1841 4097 ingentibus
1860 4010 2013 4080 miseriis
2033 4029 2175 4086 onerata
2193 4017 2258 4104 sit,
2286 4036 2319 4093 et
2334 4024 2414 4094 illos
2429 4027 2484 4098 vi.

463 4121 508 4186 de
540 4113 668 4184 studiis
703 4113 896 4185 doctrinae.
960 4109 1203 4182 Convenimus
1229 4126 1345 4181 autem
1372 4139 1446 4184 non
1497 4131 1557 4178 ros
1574 4108 1738 4177 meliores
1753 4108 1930 4197 asperiora
1948 4112 2082 4183 tulisse.

463 4229 600 4288 tantum
622 4215 668 4282 ad
689 4208 776 4283 haee
795 4214 1011 4304 spectacula,
1044 4215 1103 4298 sed
1125 4212 1239 4284 multo
1267 4214 1378 4303 magis
1401 4217 1444 4283 ad
1600 4204 1654 4275 Ac
1676 4207 1715 4272 in
1737 4205 1814 4295 ipso
1837 4206 1941 4277 initio
1966 4204 2073 4282 huius
2095 4209 2262 4289 historiae
2277 4219 2346 4293 hoc
2367 4249 2484 4295 exem-

462 4316 712 4411 precationem.
764 4311 884 4402 Quare
905 4310 1011 4383 initio
1031 4309 1191 4383 ad-hanc
1216 4338 1329 4383 meam
1350 4338 1447 4383 com·
1498 4308 1597 4399 plum
1612 4306 1717 4374 nobis
1732 4316 1869 4393 gratnm
1886 4311 2105 4398 essedebet,
2131 4321 2225 4410 quod
2242 4324 2372 4392 scimus
2390 4324 2484 4396 Gre-

462 4416 753 4489 memorationem
777 4415 984 4503 gemituset
1004 4427 1085 4484 vota
1109 4428 1223 4484 vestra
1250 4415 1446 4506 adiungite:
1498 4406 1635 4500 gorium
1658 4404 1918 4477 Nazianzennm
1940 4422 2061 4480 natum
2085 4437 2157 4485 esse
2175 4432 2273 4508 patre
2294 4420 2484 4513 Episcopo,

465 4518 607 4593 Gratias
622 4517 756 4604 agimus
772 4516 851 4585 Deo
869 4528 1029 4598 aeterno,
1060 4515 1152 4606 patri
1166 4511 1312 4583 Domini
1333 4517 1445 4587 nostri
1499 4523 1533 4580 et
1547 4504 1669 4578 scribit
1686 4506 1761 4597 ipse
1776 4519 1846 4576 tam
1860 4508 1944 4578 lelix
1960 4511 2066 4581 fuisse
2081 4517 2302 4606 coniugium,
2329 4539 2368 4594 ut
2383 4526 2482 4596 aliud

464 4619 546 4690 lesu
566 4611 717 4702 Christi,
751 4615 900 4686 creatori
921 4616 1058 4704 generis
1080 4611 1249 4699 humani,
1277 4641 1348 4685 una
1365 4641 1445 4688 cum
1498 4607 1727 4700 tranquillius
1747 4630 1822 4675 non
1845 4608 1985 4683 viderit.
2046 4612 2199 4686 Matrem
2224 4620 2328 4689 etiam
2350 4641 2481 4711 narrat,

411 4712 416 4717 ⁸
462 4721 537 4791 lilio
574 4742 638 4789 suo
658 4715 813 4788 Domino
841 4729 964 4787 nostro
989 4715 1068 4786 lesu
1089 4711 1231 4788 Christo
1253 4729 1287 4786 et
1309 4715 1446 4808 Spiritu
1498 4711 1581 4806 qnia
1609 4720 1753 4800 propter
1779 4710 2004 4799 prudentiam
2037 4727 2072 4784 et
2098 4718 2335 4792 unctissimas
2366 4749 2483 4797 mores
2538 4809 2541 4816 .

466 4835 603 4900 saneto,
631 4823 725 4910 quod
748 4842 833 4888 voce
855 4813 1041 4908 Evangelii
1064 4818 1158 4887 inter
1180 4840 1246 4886 nos
1269 4831 1446 4888 aeternam
1498 4833 1623 4900 magna
1638 4809 1713 4878 eius
1728 4809 1898 4880 autoritas
1918 4813 2012 4902 apud
2029 4838 2152 4887 omnes
2170 4811 2334 4893 honestas
2351 4840 2484 4897 matro·
2563 4822 2572 4836 '

465 4913 658 4989 Ecclesiam
672 4916 824 5009 colligit,
849 4931 883 4988 et
899 4915 1066 4988 bactenus
1084 4941 1150 4988 nos
1167 4919 1356 4988 clementer
1371 4941 1445 4988 ser·
1498 4937 1562 4983 nas
1586 4923 1679 4994 erat,
1710 4910 1903 4979 multomm
1925 4913 2310 5004 dissidiorumsemina
2331 4925 2371 4994 in
2394 4929 2482 4999 urbe

466 5017 582 5101 vavit,
605 5029 640 5086 et
653 5020 766 5089 studia
783 5021 963 5091 doctrinae
977 5020 1070 5110 apud
1087 5043 1151 5088 nos
1166 5020 1273 5102 rexit,
1297 5043 1446 5112 eumque
1497 5013 1670 5084 Nazianza
1689 5021 1724 5078 et
1738 5009 1869 5079 vicinia
1884 5013 2078 5085 extinxisse.

399 5172 409 5187 .
465 5142 628 5201 oramus,
659 5132 700 5188 ut
721 5120 882 5210 deinceps
903 5144 969 5191 nus
991 5134 1105 5189 servet
1129 5133 1162 5189 et
1191 5120 1381 5209 gubernet,
1412 5134 1448 5189 et
1599 5108 1665 5180 Est
1696 5120 1812 5178 11111111
1842 5109 2013 5182 Nouianae
2040 5116 2212 5206 oppidum
2240 5117 2483 5211 Cappadociae

464 5243 541 5290 non
558 5218 952 5308 sinat‘ertinguilucem
975 5221 1158 5290 doctrinae
1180 5243 1280 5304 suae,
1306 5233 1447 5290 etsem-
1500 5214 1655 5282 vicinum
1685 5206 1890 5293 Caesareae,
1932 5211 1970 5279 in
1993 5237 2063 5304 qua
2092 5230 2195 5288 natus
2220 5236 2294 5293 erat
2317 5222 2483 5310 Basilius,

462 5345 529 5414 per
545 5321 720 5390 internos
736 5334 909 5390 aeternam
922 5318 1115 5391 Ecclesiam
1135 5321 1289 5409 colligat.
1499 5338 1579 5384 cnm
1596 5334 1667 5404 quo
1686 5322 1803 5400 postea
1828 5304 1910 5378 bnie
1926 5325 1960 5381 et
1976 5313 2130 5387 amicitia
2143 5336 2334 5412 perpetua,
2360 5340 2392 5394 et
2409 5340 2483 5395 stu·

566 5419 707 5491 Deinde
723 5443 803 5489 cnm
816 5414 960 5491 honeste
975 5422 1177 5492 institutum
1194 5421 1259 5505 sit,
1281 5431 1323 5488 ut
1338 5417 1374 5484 iu
1390 5411 1447 5484 his
1499 5415 1642 5485 diorum
1664 5411 1808 5479 societas
1828 5409 1916 5494 luit,
1940 5424 1981 5483 nt
2001 5428 2120 5504 postea
2136 5420 2262 5496 dicam.
2313 5423 2403 5494 Cum
2419 5449 2484 5494 au·

465 5522 712 5612 congressibns
737 5523 875 5591 dicatur
897 5522 1029 5612 aliquid
1053 5524 1097 5592 sd
1113 5522 1314 5590 excitandos
1329 5516 1448 5585 ionio-
1499 5529 1570 5585 tem
1591 5512 1689 5584 domi
1721 5511 1968 5602 aparentibus
1998 5513 2146 5589 disceret
2165 5518 2423 5613 Prophetarum
2449 5538 2484 5597 et

465 5646 520 5693 res
541 5626 586 5693 ad
603 5625 831 5701 discendum,
857 5633 918 5690 aut
934 5622 978 5699 ad
994 5619 1179 5692 formanda
1203 5621 1354 5702 indicia,
1386 5619 1447 5686 de·
1499 5613 1751 5707 Apostolorum
1788 5611 2045 5702 enarrationes,
2091 5613 2267 5689 Ecclesiae
2298 5617 2482 5694 historiam

465 5725 560 5794 crevi
572 5719 757 5795 historiam
770 5721 917 5794 recitare
932 5717 1095 5812 Gregorii
1103 5721 1332 5803 Nazianzeni',
1357 5741 1447 5814 qnae
1499 5731 1534 5788 et
1557 5715 1684 5788 indicia
1706 5717 2088 5884 sanctumqteqirorum
2106 5718 2149 5787 de
2164 5718 2379 5806 gravissimis
2397 5749 2483 5796 con.
