6025 6775
1001 702 1155 784 ⁶⁶6

1219 867 1348 947 66.
1419 869 1710 941 Falsum
1756 877 1862 937 est
1903 861 2160 955 igitur,
2232 859 2426 956 quod
2473 859 2832 935 Pontificii
2882 859 3020 956 ‹li-⁷

1011 989 1223 1058 cunt,
1272 976 1466 1046 bona
1500 991 1718 1062 opera
1755 989 1903 1038 esse
1936 963 2188 1036 merita
2219 964 2405 1034 vitae
2436 979 2791 1048 aeternae.

1221 1088 1346 1167 57.
1422 1088 1676 1160 Manet
1725 1099 1965 1158 tamen
2011 1097 2339 1156 aeternus
2404 1096 2475 1154 et
2530 1078 2997 1154 immutabilis

1017 1202 1211 1274 ordo-
1227 1192 1611 1287 sapientiae
1645 1201 1714 1260 et
1741 1186 2061 1258 iusticiae
2087 1186 2166 1255 in
2196 1182 2373 1269 Deo,
2422 1196 2504 1254 ut
2535 1197 2850 1253 creatura
2881 1203 2998 1262 rag-

978 1343 983 1350 ·
1022 1300 1313 1374 tionalis
1355 1297 1515 1366 Deo
1567 1292 2028 1380 obtemperet.
2146 1284 2317 1356 Ideo
2366 1310 2526 1355 vera
2570 1282 2998 1377 propositio:

1025 1404 1234 1473 Nova
1299 1393 1704 1467 obedientia
1767 1405 1870 1459 est
1929 1387 2342 1461 necessaria.
2443 1385 2604 1456 Non
2669 1385 3000 1456 addimus

1026 1500 1215 1576 hanc
1262 1494 1681 1590 particulam
1734 1494 1826 1563 ad
1884 1491 2222 1574 salutem,
2285 1489 2407 1566 sed
2454 1487 2791 1556 dicimus:
2849 1485 3001 1552 sine

1028 1604 1181 1676 ulla
1211 1593 1595 1691 sophistica
1643 1592 2107 1663 necessariam
2143 1613 2328 1673 esse,
2380 1589 2545 1681 quia
2581 1583 2772 1657 hunc
2805 1586 3004 1655 ordi-

1028 1728 1197 1778 nem
1226 1699 1456 1772 sanxit
1482 1697 1697 1768 Deus.
1803 1689 1903 1764 Et
1940 1692 2172 1786 qualis
2198 1690 2560 1761 barbaries
2591 1702 2721 1773 est,
2764 1687 3000 1756 offnn-

1030 1812 1201 1879 dere
1245 1799 1515 1895 populo
1568 1791 1753 1867 hanc
1803 1792 2420 1883 imaginationem,
2487 1791 2680 1884 quod
2726 1787 3000 1856 licitum

930 1945 938 1952 ·
1034 1910 1128 1981 sit
1162 1926 1370 1977 ruere
1399 1911 1644 1972 contra
1674 1894 2174 1967 conscientiam
2206 1893 2285 1961 in
2317 1892 2559 1962 omnia
2589 1890 2849 1960 scelera
2868 1891 2900 1957 ?

1237 2032 1362 2109 58.
1436 2033 1884 2103 Damnamus
1932 2039 2000 2094 et
2054 2018 2238 2093 hanc
2284 2023 2531 2093 falsam
2579 2035 2648 2091 et
2678 2017 3007 2091 barbari-

1036 2163 1194 2212 cam
1238 2132 1815 2225 imaginationem
1849 2122 2445 2209 Antinomorum,
2519 2147 2655 2217 qna
2707 2124 3008 2211 tingunt,

942 2239 946 2243 ’
1036 2265 1192 2311 non
1223 2231 1859 2324 effundiSpiritum
1894 2239 2213 2296 sanctum
2244 2225 2521 2295 delictis
2555 2237 2801 2293 contra
2834 2245 3007 2290 con-

1043 2338 1455 2420 scientiam,
1505 2356 1667 2403 eum
1695 2329 1961 2400 Paulus
2003 2349 2321 2416 expresse
2371 2327 2589 2402 dicat:
2645 2324 3008 2395 Scortato-

1042 2466 1196 2523 res,
1260 2433 1567 2509 adulteri
1614 2446 1749 2502 etc.
1803 2452 1951 2498 non
2002 2427 2464 2519 possidebunt
2505 2449 2803 2514 regnum
2847 2423 3009 2506 Dei,

1044 2559 1116 2615 ct
1159 2541 1376 2613 Iudae
1425 2541 1528 2611 1.:
1611 2531 2086 2604 Transierunt
2147 2528 2443 2619 gratiam
2489 2524 2627 2598 Dei
2674 2527 2752 2595 in
2798 2520 3009 2596 ἀσέλ-

1043 2666 1371 2834 γειαν69.
1442 2750 1825 2842 Quomodo
1876 2760 2109 2819 autem
2161 2746 2429 2839 placeat
2474 2745 2633 2814 Deo
2677 2724 3007 2814 inchoata

1044 2855 1495 2940 obedientia„
1546 2873 1949 2947 quanquam
1999 2850 2204 2918 valde
2248 2848 2584 2935 languida
2632 2858 2776 2931 est,
2824 2857 3010 2914 recte

1040 2966 1127 3034 'in
1169 2956 1505 3032 Ecclesiis
1560 2953 1827 3025 nostris
1881 2951 2282 3041 exponitur.

1053 3065 1237 3136 scire
1265 3079 1546 3131 necesse
1576 3067 1716 3135 est,
1769 3066 1840 3123 et
1870 3052 2227 3145 quomodo
2258 3072 2554 3141 persona
2588 3049 2680 3118 sit
2709 3059 3009 3137 accepta,

1046 3179 1121 3237 et
1163 3160 1523 3258 quomodo
1585 3156 1905 3247 placeant
1959 3175 2194 3243 opera.
2296 3148 2474 3220 Nam
2534 3142 2669 3216 hae
2725 3170 3007 3240 quoque
3066 3198 3067 3201 η

1044 3264 1456 3339 barbaricae
1497 3271 1702 3328 v'oces
1750 3254 2176 3324 execrandae
2221 3264 2422 3330 sunt,
2473 3249 2675 3319 Deus
2707 3260 2854 3318 no'n
2882 3272 3008 3319 cn·-

1047 3380 1162 3441 rat
1192 3387 1429 3460 opera.
1511 3358 1728 3431 Item:
1782 3353 1989 3426 Bona
2020 3376 2235 3447 opera
2268 3352 2531 3422 obsunt
2553 3351 2784 3422 saluti.
2886 3344 3007 3420 An

1044 3472 1250 3542 Deus
1274 3487 1424 3534 non
1451 3472 1653 3533 curat
1676 3480 1913 3549 opera,
1944 3480 2107 3526 cum
2142 3452 2573 3525 horrendam
2602 3453 2781 3522 iram
2807 3474 3005 3523 suam

1004 3557 1011 3563 ¹
1051 3569 1389 3641 adversus
1428 3572 1708 3653 peccata
1746 3560 1827 3627 in
1874 3569 2024 3626 toto
2068 3577 2322 3645 genere
2357 3548 2669 3623 humano
2698 3552 3008 3642 ingenti-

1049 3672 1188 3740 hus
1217 3661 1734 3735 calamitatibus
1767 3657 2120 3726 declaret?
2173 3655 2413 3743 Quare
2440 3655 2646 3725 etiam
2693 3651 2831 3724 hoc
2876 3655 3010 3722 do·-

1052 3789 1325 3839 cemus:
1384 3760 1539 3834 Etsi
1601 3760 1788 3829 bona
1828 3778 2039 3846 opera
2086 3778 2235 3824 non
2297 3767 2464 3825 sunt
2517 3755 2766 3833 merita
2823 3756 3010 3823 vitae

1052 3881 1417 3948 aeternae,
1476 3874 1712 3932 tamen
1760 3856 2015 3926 mereri
2056 3878 2135 3925 ea
2194 3854 2705 3942 mitigationem
2746 3857 3011 3925 multa-

1050 3990 1213 4042 rum
1243 3985 1633 4061 poenarum
1677 3959 2121 4051 publicarum
2165 3969 2238 4028 et
2277 3956 2828 4049 privatarum'in
2875 3952 3008 4026 hac

1046 4072 1235 4155 vita,
1303 4078 1376 4136 et
1417 4066 1770 4143 donorum
1815 4060 2281 4139 incrementa,
2332 4057 2529 4128 iuxta
2570 4052 2744 4129 haec
2789 4057 3008 4126 dicta:

1048 4171 1129 4244 si
1171 4191 1306 4240 nos
1351 4165 1824 4235 indicaremus
1869 4159 2038 4250 ipsi,
2088 4184 2239 4231 non
2272 4158 2752 4232 iudicaremur
2788 4181 2828 4228 a
2858 4156 3010 4230 Do-

1046 4271 1276 4342 mino.
1376 4266 1590 4337 Item:
1639 4261 1822 4334 Date
1856 4275 1925 4332 et
1954 4261 2243 4332 dabitur
2274 4261 2497 4330 vobis.

1247 4403 1376 4482 60.
1457 4397 1641 4471 Cum
1688 4397 1907 4488 igitur
1935 4393 2390 4464 manifestum
2418 4392 2546 4477 sit,
2595 4391 3008 4466 Pontificios

1042 4488 1301 4599 magna
1351 4514 1579 4575 errata
1625 4511 1868 4568 contra
1914 4495 2141 4585 legem
2165 4492 2300 4565 Dei
2357 4505 2425 4563 et
2472 4507 2717 4564 contra
2764 4492 3007 4566 Evan-

1045 4610 1312 4699 gelium
1354 4601 1767 4684 defendere,
1849 4609 1920 4668 et
1971 4597 2229 4665 addere
2268 4593 2639 4665 manifesta
2698 4595 2889 4665 idola
2940 4609 3010 4668 et

1043 4704 1470 4801 parricidia,
1534 4722 1813 4770 necesse
1855 4710 1956 4768 est
2003 4695 2278 4785 seiungi
2317 4695 2409 4764 ab
2457 4692 2593 4779 eis,
2656 4693 2849 4766 iuxta
2894 4696 3008 4766 di-

1045 4821 1272 4879 ctum:
1337 4801 1592 4891 Fugite
1641 4798 1860 4871 idola.
1959 4796 2391 4889 Nec'tamen·
2435 4794 2655 4864 simus
2698 4818 3008 4884 errones,

1045 4909 1172 4978 sed
1209 4904 1660 4976 ostendamus
1689 4920 1818 4968 nos
1852 4897 2267 4967 coniunctos
2301 4918 2448 4967 esse
2477 4919 2637 4966 cum
2673 4921 2754 4965 eo
2784 4912 3008 4984 coetu,

1045 5010 1174 5104 qui
1209 5019 1393 5078 recte
1425 5006 1668 5088 docet,
1721 5012 1791 5070 et:
1819 5023 1970 5071 non
2001 4998 2316 5070 defendit
2359 4997 2817 5091 pertinaciter
2849 4998 3007 5069 ido-

1039 5110 1146 5196 la,
1194 5122 1265 5182 et
1294 5107 1667 5199 opiniones
1698 5127 1858 5175 cum
1885 5101 2351 5173 fundamento
2386 5110 2806 5193 pugnantes,
2839 5099 3007 5194 quia

1038 5208 1238 5283 Deus
1272 5210 1425 5280 vult
1452 5231 1596 5279 esse
1626 5202 2015 5277 Ecclesiam
2035 5252 2057 5283 ,
2107 5215 2178 5272 et
2208 5200 2809 5274 consociationem
2843 5226 3001 5272 cum

1036 5308 1391 5395 Ecclesia,
1444 5323 1512 5380 et
1550 5308 1628 5376 in
1673 5302 1859 5376 hanc
1902 5303 2352 5373 includamus
2399 5326 2575 5388 nos,
2626 5304 2807 5376 sicut
2838 5303 3004 5374 dnl-

1037 5414 1315 5487 cissime
1356 5409 1624 5481 dictum
1688 5390 1927 5478 est⁰in
1986 5423 2195 5473 versu
2243 5402 2701 5474 Nazianzeni:
2782 5395 3002 5498 Ζήτω

1036 5516 1208 5589 Νῶε
1245 5503 1611 5609 κιβωτὸν,
1666 5502 1868 5587 ὅπως
1892 5501 2136 5600 μόρον
2164 5500 2380 5577 atvar
2412 5497 2680 5585 ἀλύξω.
2783 5501 3001 5591 Haec,

1035 5632 1116 5691 ut
1148 5637 1361 5710 supra
1388 5614 1656 5685 dictum
1684 5619 1811 5688 est,
1851 5604 2173 5701 quotidie
2207 5604 2573 5696 cogitanda
2604 5619 2789 5691 sunt,
2841 5631 2999 5677 cum

2539 628 3520 767 ms'pn'rA'moNEs

2399 2947 2581 3017 Nam
2622 2960 3008 3038 utrumque
3054 3010 3055 3013 ,

4926 702 5079 779 656

3304 857 3427 928 61.
3496 853 3789 929 Solebat
3829 858 4066 928 dicere
4109 880 4328 929 senex
4376 885 4526 933 non
4567 863 4796 951 ἄθεος
4838 867 5068 946 Faber

3102 956 3581 1049 stapulensis,
3646 958 3826 1028 illud
3863 958 4190 1032 Catonis:
4246 960 4482 1051 Quem
4522 967 4789 1057 fugiam
4819 966 5069 1062 habeo,

3103 1084 3315 1154 quern
3366 1083 3655 1154 sequar,
3704 1083 3854 1129 non
3898 1055 4151 1137 habeo.
4255 1060 4646 1139 Fatebatur
4700 1075 5066 1149 manifeste

3105 1175 3174 1232 et
3209 1160 3542 1252 fugienda
3579 1184 3724 1231 esse
3760 1162 3948 1230 idola
3978 1163 4377 1253 pontificia,
4411 1155 4549 1237 'sed
4584 1172 4875 1254 videbat
4907 1200 5073 1246 nae-

3103 1286 3231 1331 vos
3264 1263 3338 1332 in
3370 1262 3613 1343 nobis,
3659 1277 3949 1354 propter
3981 1289 4157 1356 quos
4184 1267 4766 1342 coniunctionem
4797 1291 5074 1348 metue·

3106 1365 3250 1439 bat.
3354 1363 3495 1434 Sed
3526 1365 3825 1433 sciamus
3857 1358 4120 1436 di'ctum
4149 1366 4278 1434 filii
4305 1368 4479 1439 Dei:
4532 1369 4799 1445 Beatus
4833 1378 4961 1471 qni
4998 1380 5076 1447 in

3107 1488 3221 1534 me
3259 1488 3405 1534 non
3436 1465 3650 1535 fuerit
3686 1465 4020 1536 offensus.
4120 1463 4420 1539 Etiamsi
4460 1485 4564 1544 est
4588 1499 4841 1565 magna
4869 1480 5077 1549 infir·

3108 1565 3313 1635 mitas
3360 1566 3438 1634 in
3487 1566 3734 1648 nohis,
3789 1580 4023 1636 tamen
4066 1563 4423 1640 Ecclesiae
4465 1579 4897 1651 consociatio
4946 1603 5070 1650 ex-

3108 1668 3411 1759 petenda
3458 1680 3596 1750 est,
3650 1681 3719 1738 et
3769 1681 4039 1738 certum
4088 1681 4226 1755 est,
4274 1671 4677 1747 defensores
4704 1679 5066 1752 idolorum

3112 1782 3181 1838 et
3204 1769 3588 1858 parricidas
3621 1791 3769 1840 non
3811 1793 3956 1839 esse
3985 1767 4413 1857 Ecclesiam,
4465 1787 4539 1846 et
4563 1800 4803 1850 eorum
4842 1783 5065 1852 socie-

3111 1883 3327 1941 tatem
3360 1868 3768 1958 fugiendam
3807 1894 3971 1940 esse.
4049 1867 4283 1942 Erant
4309 1886 4380 1943 et
4411 1874 4492 1944 in
4530 1875 4783 1951 Iudaea
4813 1883 5068 1953 tristis·

3107 1971 3328 2040 simae
3369 1971 3907 2040 dilacerationes
3952 1983 4269 2063 tempore
4314 1971 4740 2067 Zachariae,
4790 1982 5070 2053 Simeo-

3111 2072 3246 2151 nis,
3300 2066 3641 2142 Iohannis
3670 2069 4050 2165 Baptistae,
4099 2087 4170 2144 et
4207 2088 4443 2146 tamen
4478 2071 4734 2150 horum
4768 2085 5072 2154 coniun-

3113 2174 3251 2242 ctio
3287 2173 3670 2264 expetenda
3707 2187 3878 2259 erat,
3931 2175 4205 2245 etiamsi
4234 2175 4314 2244 in
4347 2173 4610 2252 horum
4636 2185 5073 2256 auditoribus

3113 2296 3363 2364 magna
3398 2274 3532 2343 fuit
3566 2271 3963 2351 infirmitas.

3316 2373 3441 2445 62.
3506 2373 3968 2446 Manifestum
4012 2390 4151 2458 est,
4218 2401 4363 2449 esse
4419 2382 4654 2456 cultus
4711 2383 5070 2457 idolorum

3113 2476 3632 2546 invocationem
3665 2471 4040 2548 hominum
4072 2481 4574 2570 mortuorum,‘
4597 2499 4665 2556 et
4712 2488 5073 2557 adoratio-

3114 2600 3274 2647 nem
3318 2577 3522 2667 panis
3565 2577 3642 2647 in
3684 2579 4368 2668 circumgestatione,
4439 2598 4507 2654 et
4568 2584 4646 2653 in
4707 2589 5071 2659 sacrificiis

3114 2678 3665 2770 pontificiorum.
3748 2678 3943 2752 Haec
3972 2682 4161 2751 idola
4191 2682 4484 2776 perinde
4508 2685 4841 2776 fugienda
4874 2706 5068 2775 sunt,

3114 2791 3193 2850 ut
3241 2773 3545 2872 ethnica.
4812 2847 4833 2864 ,

3314 2879 3440 2950 63.
3473 2879 3764 2952 Resutat
3794 2880 4311 2954 invocationem
4345 2879 4718 2958 hominum
4744 2902 5070 2960 mortuo·

3111 3005 3270 3050 rum
3314 2975 3485 3050 haec
3527 3008 3663 3051 vox
3711 3005 4063 3074 expresse:
4139 2980 4534 3055 Dominum
4581 2987 4813 3058 Deum
4861 3004 5066 3061 tuum

3114 3082 3479 3163 adorabis,
3532 3097 3599 3153 et
3634 3081 3763 3174 ipsi
3802 3084 3935 3152 soli
3966 3085 4245 3154 servies.
4346 3082 4442 3157 Et
4487 3088 4723 3181 qualis
4764 3093 5065 3162 amentia

3113 3197 3251 3264 est,
3319 3183 3652 3255 invocare
3695 3184 4006 3278 aliquid,
4046 3210 4089 3256 a
4137 3211 4277 3279 quo
4324 3188 4595 3260 nescias
4646 3204 4715 3262 te
4760 3193 4951 3262 cerni
5001 3209 5076 3267 et

3112 3284 3396 3355 audiri?
4487 3342 4491 3346 -
4815 3356 4820 3360 .

3317 3382 3439 3460 64.
3522 3381 3836 3477 Dignum
3881 3387 4224 3459 memoria
4285 3402 4387 3460 est
4426 3387 4729 3464 Lutheri
4780 3395 5071 3483 dictum,

3113 3486 3645 3559 Invocationem
3700 3483 4077 3558 hominum
4138 3505 4586 3562 mortuorum
4645 3519 4728 3565 eo
4787 3521 5072 3592 quoque

3115 3591 3600 3661 detestandam
3648 3613 3831 3675 esse,
3881 3590 4050 3684 quia
4096 3590 4428 3664 obscurat
4465 3587 4602 3666 hoc
4645 3596 4922 3669 illustre
4950 3623 5071 3668 ar-

3114 3703 3529 3782 gumentum
3586 3693 3673 3760 de
3718 3686 4040 3761 Christo:
4091 3688 4512 3783 prophetica
4569 3712 4641 3768 et
4687 3699 5068 3789 apostolica

3114 3790 3296 3861 dicta
3333 3792 3587 3889 docent
3619 3792 4095 3860 invocandum
4127 3794 4659 3894 essenMessiam.
4759 3796 4895 3871 Est
4936 3799 5070 3891 igi·

3113 3905 3231 3964 tur
3263 3893 3341 3960 in
3372 3916 3454 3960 eo
3486 3905 3741 3961 natura
3771 3889 4043 3963 divina.

3314 3988 3442 4065 65.
3491 3990 3864 4063 Caeterum
3895 3986 4263 4065 historiam
4292 3997 4662 4070 universae
4692 3995 5069 4086 Ecclesiae,

3114 4093 3366 4161 seriem
3401 4094 3944 4183 patefactionu'm
3978 4091 4154 4176 Dei,
4202 4121 4327 4188 per
4356 4122 4568 4191 quos,
4607 4101 4757 4184 ubi,
4811 4103 5072 4195 quibus

3066 4223 3067 4226 ¹
3114 4193 3538 4265 testimoniis
3584 4194 3905 4265 doctrina
3953 4197 4245 4284 repetita
4291 4199 4421 4283 sit,
4480 4202 4835 4291 quomodo
4869 4201 5066 4273 Deus

3115 4295 3587 4388 praesentiam
3632 4318 3829 4364 suam
3881 4295 3958 4364 in
4007 4294 4320 4368 Ecclesia
4366 4299 4788 4381 ostenderit,
4854 4323 5067 4373 nosse

3066 4441 3067 4446 κ
3113 4396 3584 4467 necessarium
3631 4407 3765 4480 est,
3824 4412 4169 4489 quantum
4216 4394 4385 4470 haec
4434 4399 4703 4495 inquiri
4750 4418 5071 4491 possunt.
5181 4386 5191 4397 ⁸

3115 4495 3201 4566 ln
3235 4521 3313 4565 ea
3345 4497 3909 4567 consideratione
3939 4500 4322 4588 gratiarum
4343 4500 4523 4571 actio
4553 4501 4673 4573 fiat
4699 4504 4785 4572 ad
4805 4504 5073 4590 Deum,

3114 4599 3572 4667 confirmetur
3615 4611 3684 4668 et
3735 4599 3906 4668 fides
3952 4594 4283 4671 exhibitis
4332 4603 4795 4685 testimoniis,
4844 4618 4916 4675 et
4947 4631 5074 4675 co-

3112 4696 3327 4789 gnitis
3407 4698 3692 4789 piorum
3772 4703 4355 4774 confessionibus.
4510 4699 5073 4796 Expavescamus

3111 4799 3319 4870 etiam
3353 4797 3707 4870 intuentes
3734 4793 4110 4872 horribilia
4140 4825 4300 4872 vasa
4331 4802 4502 4885 irae,
4553 4802 4862 4889 Saulem,
4912 4803 5077 4876 Ab-

3111 4900 3468 4985 solonem,
3533 4901 3877 4987 fanaticos
3918 4903 4275 4988 doctores,
4339 4916 4718 4996 tyrannos,
4769 4921 4835 4977 et
4883 4910 5074 4978 veris

3110 5000 3491 5092 gemitibus
3521 5015 3877 5095 petamus,
3927 5016 4009 5073 ut
4038 4999 4232 5073 Deus
4261 5005 4473 5076 faciat
4502 5029 4634 5077 nos
4660 5030 4825 5078 vasa
4861 5010 5080 5080 mise-

3107 5101 3486 5192 ricordiae,
3515 5116 3807 5197 propter
3834 5101 4061 5174 filium
4094 5119 4163 5177 et
4195 5127 4324 5197 per
4352 5130 4539 5192 eum,
4587 5107 4770 5180 sicut
4804 5110 5071 5203 inquit:

3106 5198 3268 5296 Ego
3305 5226 3463 5275 sum
3508 5205 3715 5293 vitis,
3776 5228 3904 5276 vos
3945 5206 4295 5300 palmites.
4408 5205 4741 5303 Denique
4780 5210 5073 5299 amplis-

3106 5304 3287 5377 sima
3335 5307 3682 5399 sapientia
3730 5318 3836 5378 est
3879 5307 4352 5380 consideratio
4393 5304 4733 5381 historiae
4760 5308 5070 5382 Sancto·

3106 5429 3270 5479 rum
3290 5454 3312 5489 ,
3362 5421 3635 5479 remota
3668 5432 3916 5479 eorum
3946 5410 4425 5483 invocatione.

3309 5507 3439 5579 66.
3488 5505 3828 5582 Fremant
3858 5509 4026 5584 licet
4051 5536 4297 5584 omnes
4341 5507 4750 5606 hypocritae
4792 5528 4861 5586 et
4899 5537 5072 5606 por-

3107 5620 3218 5678 tae
3252 5606 3668 5695 inferorum,
3725 5623 3964 5683 tamen
3991 5607 4176 5684 hanc
4209 5637 4446 5684 veram
4476 5615 4873 5687 doctrinam
4907 5639 5079 5707 pro-

1034 5718 1368 5790 dicimus:
1444 5713 1679 5787 Credo
1712 5731 1890 5800 ‘esse
1945 5703 2339 5781 Ecclesiam
2392 5717 2703 5777 sanctam
2757 5704 3002 5780 catho-
3046 5676 3054 5796 Ι
3107 5706 3285 5803 poni
3336 5730 3616 5780 necesse
3656 5724 3791 5784 est:
3844 5711 4013 5785 Non
4057 5708 4270 5787 habet
4312 5714 4517 5807 panis
4559 5717 4909 5801 rationem
4944 5716 5080 5788 Sa-

968 5826 973 5831 ’
1034 5818 1264 5892 litam·

3046 5805 3054 5886 l
3108 5808 3453 5881 eramenti
3484 5824 3677 5887 extra
3711 5811 4119 5888 institutum
4148 5836 4381 5901 usum.
4428 5817 4593 5910 quia
4623 5816 5082 5892 Sacramenta
