6025 6775
485 694 559 771 755
719 680 930 768 SCRIPTA
956 678 1032 753 PH.
1057 672 1174 753 MEL.
1201 670 1269 748 An
1293 673 1422 750 lllST.
1449 672 1596 753 PROF.
1619 671 1688 745 ΕΤ
1714 669 1908 756 PHlLOS.
1933 674 2258 761 SPECTANTlA.
2428 695 2503 769 756

592 854 839 944 othoniel,
866 878 908 925 ex
922 853 1019 923 tribu
1033 849 1141 933 luda,
1167 869 1280 916 anuos
1294 858 1385 922 octo.
1519 844 1685 915 salutaris
1704 845 1837 932 fuerat,
1871 861 1992 919 tamen
2015 855 2169 944 populus
2189 860 2354 948 expetivit
2373 888 2503 937 novam

594 965 635 1037 E
642 960 756 1048 had,
776 984 817 1030 ex
831 950 1139 1035 tribuBeniamin,
1154 970 1267 1019 annos
1283 947 1471 1036 octoginta.
1520 945 1787 1036 gubernationis
1808 949 1971 1020 formam.
2029 952 2137 1025 Hunc
2167 981 2323 1030 errorem
2353 977 2386 1036 et
2411 962 2504 1039 hanc

491 1070 670 1146 Interfecit
690 1063 805 1154 Eglon
825 1080 940 1148 regem
953 1052 1082 1136 Moab,
1107 1064 1142 1122 et
1157 1050 1350 1142 profligatis
1364 1047 1472 1118 Moa·
1521 1048 1749 1139 cupiditatem
1765 1051 1887 1140 populi
1900 1049 1996 1122 Deus
2009 1052 2253 1145 reprehendit.
2315 1147 2317 1151 Ι

492 1175 577 1248 bitis
595 1165 784 1241 trucidavit
797 1162 918 1231 decem
934 1155 1045 1225 millia
1059 1149 1259 1224 hominnm.
1624 1148 1677 1217 ae
1706 1149 1835 1241 siquis
1866 1153 2072 1244 interrogat:
2107 1155 2216 1245 Quod
2240 1163 2351 1235 fuerit
2382 1171 2506 1258 populi

596 1264 835 1340 Dabaraet
852 1255 1027 1342 Barac,
1048 1245 1388 1343 extribuNepbtali,
1408 1273 1473 1319 an·
1522 1261 1720 1340 peccatum,
1754 1274 1833 1320 cum
1871 1254 2031 1324 videatur
2062 1258 2239 1347 sapienter
2270 1266 2508 1340 deliberatum

493 1398 559 1448 „03
577 1368 817 1465 quadraginta.
868 1360 1040 1434 Vicernnt
1064 1354 1239 1433 Sisaram,
1266 1354 1391 1422 durem
1417 1375 1474 1419 re·
1524 1372 1614 1434 esse,
1639 1363 1679 1421 ut
1702 1366 1816 1423 certus
1843 1353 1915 1422 dux
1937 1356 2046 1425 esset?
2087 1359 2232 1449 simplex
2248 1371 2437 1457 responsio
2456 1386 2509 1443 est

495 1481 548 1568 gis
564 1473 685 1554 labin,
709 1468 771 1560 qui
785 1462 900 1536 tenuit
916 1459 1045 1543 Hazor,
1070 1480 1160 1550 quae
1176 1470 1261 1525 tunc
1276 1449 1392 1523 adhuc
1407 1453 1475 1522 fuit
1523 1447 1623 1520 haec:
1659 1449 1740 1521 Duo
1755 1477 1880 1543 magna
1896 1471 2035 1546 peccata
2058 1462 2183 1546 taxari,
2207 1465 2443 1539 diffidentiam
2470 1485 2508 1544 et

496 1575 591 1667 regia
608 1574 878 1642 cananaeorum
894 1563 933 1629 in
949 1574 1044 1630 sorte
1059 1551 1237 1647 Nephtali.
1524 1553 1706 1622 audaciam
1729 1578 1842 1624 nuvae
1872 1558 2004 1626 lormae
2034 1561 2312 1651 constituendae,
2344 1565 2504 1642 humano

599 1665 804 1750 Gadaon,
827 1662 979 1734 extribu
995 1658 1171 1742 Manasse,
1195 1655 1475 1746 annosquadra·
1524 1653 1693 1733 consilio,
1728 1654 1766 1722 in
1797 1658 1921 1747 politia
1955 1659 2129 1729 divinitus
2160 1667 2357 1738 constituta.
2416 1672 2505 1745 Vult

495 1783 600 1874 ginta.
654 1763 990 1841 VicitMadianitas.
1525 1755 1620 1823 enim
1643 1753 1739 1825 Deus
1762 1757 1959 1847 intelligere
1979 1755 2195 1849 Ecclesiam,
2220 1772 2353 1860 protegi
2374 1786 2408 1842 et
2430 1797 2504 1845 aar.

599 1858 886 1945 Abimslaoh,
912 1875 1016 1932 natus
1038 1882 1079 1927 ea
1101 1859 1297 1929 concubina
1315 1854 1477 1939 Gedeon,
1526 1855 1603 1923 vari
1618 1878 1692 1924 eam
1709 1879 1728 1923 a
1745 1858 1840 1941 lilio,
1865 1861 1926 1952 qui
1943 1874 1993 1929 est
2009 1876 2115 1951 caput
2126 1859 2319 1955 Ecclesiae,
2344 1897 2419 1943 non
2434 1870 2505 1945 bu·

500 1979 675 2053 interfecit
701 1974 826 2041 iratres
855 1960 1093 2055 septuaginta,
1128 1970 1162 2027 et
1185 1959 1284 2030 velut
1305 1971 1477 2050 tyrannus
1524 1956 1639 2023 manis
1660 1958 1855 2045 praesidiis.
1907 1958 1955 2030 Et
1981 1963 2059 2032 vult
2081 1987 2158 2032 eam
2183 1985 2359 2061 expectare
2381 1976 2506 2045 desen·

498 2078 659 2171 regnavit
682 2075 719 2141 in
742 2068 847 2142 lsradl
871 2078 941 2134 tres
964 2083 1096 2144 anuos,
1122 2072 1156 2129 et
1171 2059 1375 2129 interiectus
1390 2069 1476 2127 esta
1526 2057 1660 2125 sionem
1673 2057 1863 2143 divinitus,
1889 2062 1980 2132 sicut
2000 2078 2245 2154 expectaverat
2262 2073 2506 2147 liberationem

500 2185 573 2256 anis
594 2178 746 2248 civibus.
802 2169 919 2239 Tanta
934 2162 1113 2233 calamitas
1135 2160 1263 2230 accidit
1282 2158 1478 2249 posteritati
1527 2159 1566 2225 in
1587 2158 1765 2251 Aegypto,
1797 2162 1878 2253 plus
1905 2164 2082 2252 octoginta
2106 2170 2223 2241 annis.
2283 2172 2359 2243 Hac
2379 2177 2508 2248 fiducia

503 2277 701 2362 Gedeonis,
726 2294 829 2367 quem
847 2268 948 2337 Deus
969 2262 1139 2351 singulari
1160 2263 1267 2330 modo
1286 2273 1479 2344 vocaverat,
1527 2272 1612 2329 tunc
1647 2261 1801 2331 seniores
1837 2263 1973 2334 abiecta
2011 2266 2212 2353 cogitabant
2252 2275 2298 2342 de
2343 2271 2508 2349 humanis

500 2399 536 2457 et
565 2390 752 2452 ornaverat
781 2368 978 2440 illustribus
1006 2364 1165 2434 victoriis
1192 2377 1226 2433 et
1255 2361 1478 2441 testimoniis,
1528 2361 1723 2452 praesidiis.

501 2485 584 2579 quia
608 2481 681 2571 ipse
711 2476 853 2545 tandem
877 2466 1032 2537 instituit
1055 2464 1187 2535 cultum
1214 2464 1290 2533 sine
1313 2464 1478 2531 mandato
1628 2457 1793 2533 Alterum
1816 2464 1982 2536 delictum
2002 2477 2070 2550 est,
2099 2470 2243 2541 audacia
2265 2478 2508 2551 constituendi

500 2585 580 2657 Dei.
639 2576 687 2650 Et
714 2573 828 2644 voluit
850 2568 947 2640 Deus
974 2567 1174 2651 ostendere,
1207 2588 1244 2634 se
1275 2589 1348 2633 non
1378 2564 1480 2643 velle,
1529 2565 1879 2635 novamformamin
1893 2566 2144 2657 politiaaDeo
2165 2575 2362 2651 constituta.
2415 2580 2509 2650 Nam

503 2703 704 2780 quenquam
720 2695 889 2764 occupare
903 2667 1180 2739 dominationem
1196 2666 1322 2735 fiducia
1333 2666 1481 2752 generis,
1531 2664 1625 2732 Deus
1645 2688 1762 2757 neque
1780 2668 1996 2751 doctrinam,
2022 2692 2137 2761 neque
2158 2674 2288 2759 cultus,
2315 2701 2431 2771 neque
2452 2683 2508 2750 le-

504 2788 565 2858 scd
581 2780 802 2854 retinendam
817 2794 890 2842 csse
907 2767 1192 2847 Aristocratiam,
1219 2781 1254 2837 et
1275 2790 1295 2836 a
1317 2761 1401 2834 Deo
1422 2790 1481 2836 ex·
1530 2789 1618 2855 gem,
1644 2790 1750 2858 quam
1766 2769 1968 2851 tradiderat,
1989 2772 2119 2839 mutari
2135 2773 2257 2845 voluit.
2306 2776 2424 2866 Quare
2440 2805 2507 2851 nec

504 2885 711 2980 pectandam
729 2900 802 2947 esse
819 2870 1122 2963 gubernationem.
1530 2869 1679 2935 formam
1695 2868 1839 2957 politiae
1854 2869 1982 2938 mutari
1999 2870 2149 2951 volebat,
2172 2877 2254 2966 quia
2269 2878 2345 2945 talis
2358 2884 2507 2953 mutatio

604 2975 781 3059 Thala,
815 2999 856 3045 ex
881 2972 979 3043 tribu
1010 2963 1186 3050 lsaschar,
1223 2990 1336 3037 annos
1365 2968 1482 3057 vigin·
1532 2968 1635 3038 etiam
1661 2968 1774 3057 legem
1797 2983 1830 3039 et
1853 2970 2049 3038 doctrinam
2080 2972 2282 3060 labefactat,
2315 2980 2404 3050 sicut
2425 2984 2512 3052 vin-

503 3089 533 3161 fi
554 3109 623 3158 ω,
912 3108 918 3120 ·
1532 3068 1608 3137 cula
1624 3070 1741 3156 legum
1757 3091 1857 3159 saepe
1878 3093 1975 3158 reges
1989 3092 2090 3159 aegre
2105 3074 2234 3145 serunt.
2277 3076 2386 3149 Multi
2402 3083 2511 3153 etiam

605 3180 631 3254 Ι
640 3180 730 3262 air,
755 3204 796 3249 ex
815 3177 913 3248 tribu
934 3172 1118 3252 Manasse‚
1143 3169 1183 3238 in
1206 3167 1362 3255 Galaad,
1393 3192 1482 3264 quae
1533 3170 1719 3239 inflectunt
1735 3169 1922 3259 religiones
1942 3174 1985 3241 ad
2004 3171 2331 3266 suas‘cupiditates,
2356 3196 2397 3252 ut
2411 3208 2513 3275 reges

505 3289 601 3381 regio
631 3285 699 3358 luit
729 3283 822 3352 ultra
845 3275 1051 3361 lordanem,
1087 3294 1208 3342 versus
1237 3269 1415 3341 Libanum
1448 3286 1484 3343 et
1532 3268 1709 3341 Samariae
1730 3295 1863 3340 novum
1880 3272 2013 3342 cultum
2032 3276 2132 3363 regni
2147 3300 2249 3347 causa
2267 3281 2512 3360 instituebant.

506 3389 694 3471 Arabiam,
718 3397 837 3477 postea
862 3380 956 3450 dicta
978 3374 1115 3461 lturea,
1141 3374 1262 3453 idest,
1287 3375 1482 3466 scopulosa,
1532 3369 1603 3441 Nec
1615 3372 1742 3444 desunt
1758 3373 1914 3465 exempla
1930 3375 2057 3444 veteris
2072 3376 2174 3463 dicti,
2195 3380 2259 3450 ulli
2276 3385 2396 3457 aetati:
2423 3380 2513 3457 Pie-

507 3493 603 3585 quod
618 3490 712 3558 idem
731 3481 877 3554 Graecis
891 3493 943 3550 est
960 3469 1205 3574 Τραχωγίτις,
1231 3476 1267 3545 id
1285 3488 1355 3560 est,
1382 3497 1481 3567 aspe-
1532 3480 1609 3554 tus,
1637 3469 1848 3557 Sanctitas,
1873 3474 1997 3561 Fides,
2022 3479 2157 3569 privata
2171 3481 2263 3552 bona
2281 3500 2375 3560 sunt.
2429 3488 2513 3578 Qua

506 3614 558 3665 ra.
609 3587 767 3658 Praeluit
779 3604 891 3652 annos
909 3580 1035 3670 viginti
1050 3583 1150 3650 duos.
1532 3574 1629 3644 iuvat
1646 3598 1743 3665 reges
1759 3588 1851 3645 eant.
2346 3580 2349 3585 '

609 3683 635 3757 l
644 3679 792 3784 sptbs,
821 3706 862 3752 ex
884 3682 982 3753 tribu
996 3678 1159 3749 Manassc
1173 3675 1212 3743 in
1228 3674 1388 3763 Galaad,
1417 3702 1482 3748 an·
1632 3675 1731 3746 Haec
1744 3679 1978 3750 consideratio
2002 3680 2046 3747 de
2060 3681 2196 3751 delictis
2212 3685 2336 3775 populi
2353 3712 2514 3762 commo·

507 3814 575 3864 nos
589 3811 666 3876 sex,
689 3783 874 3860 temerario
894 3797 978 3853 voto
999 3777 1161 3849 mactavit
1182 3776 1293 3847 liliam
1314 3793 1480 3871 tanquam
1532 3777 1663 3846 nelacit
1685 3802 1749 3848 nos
1773 3780 1816 3846 de
1839 3781 2055 3868 protectione
2068 3777 2262 3867 Ecclesiae,
2290 3802 2323 3858 et
2343 3790 2387 3858 de
2403 3791 2514 3885 impia

502 3893 667 3967 huniam,
1531 3875 1743 3948 Pontificum
1757 3891 1790 3949 et
1804 3880 1956 3949 aliorum
1970 3882 2135 3968 audacia,
2159 3887 2221 3977 qui
2238 3911 2332 3958 nova
2347 3892 2512 3982 dogmata

608 3987 789 4063 Abesan
813 3977 1086 4056 Bethlehemites
1109 4006 1150 4053 cx
1169 3983 1268 4053 tribu
1288 3978 1391 4062 luda,
1416 4002 1481 4049 an·
1531 3991 1567 4047 et
1580 4003 1694 4049 novos
1709 3980 1824 4050 cultus
1838 3983 2068 4055 instituerunt
2088 3998 2149 4055 aut
2163 3990 2364 4077 stabiliunt,
2389 3995 2515 4068 relicta

506 4107 728 4188 nosscptem.
780 4087 936 4177 Quidam
955 4085 1133 4168 scribunt,
1157 4079 1254 4154 hunc
1270 4102 1344 4151 esse
1362 4074 1481 4169 Boas,
1531 4080 1684 4170 puritate
1700 4081 1835 4172 primae
1849 4077 2035 4155 Ecclesiae.
2090 4083 2198 4175 Item,
2222 4093 2284 4185 qui
2308 4108 2429 4165 contra
2447 4122 2516 4167 vo.

505 4213 639 4292 patrem
655 4189 759 4275 Isai,
782 4213 887 4259 avum
899 4185 1058 4257 Davidis.
1532 4179 1703 4250 cationem
1719 4195 1863 4252 movent
1879 4180 2126 4274 Respublicas.

605 4291 648 4365 E
655 4290 672 4362 t
679 4316 750 4377 on,
774 4313 816 4361 cx
828 4290 925 4360 tribu
941 4285 1121 4368 Sabulon,
1145 4282 1257 4354 annos
1268 4283 1398 4356 decem.
1633 4278 1842 4354 Adsentitur
1856 4297 1973 4354 tamen
1989 4286 2104 4374 Deus,
2131 4305 2164 4361 et
2182 4312 2291 4378 regem
2308 4293 2511 4381 constituit,

605 4389 788 4478 Abdan,
813 4389 965 4461 extribu
978 4380 1171 4475 Ephraim,
1195 4399 1414 4457 annosocto.
1531 4385 1591 4454 sed
1615 4384 1786 4475 praedicit
1808 4409 1915 4454 onera
1934 4390 2051 4477 regni:
2085 4389 2160 4460 Hoc
2181 4401 2232 4458 est
2253 4389 2308 4458 ius
2327 4392 2421 4480 regis
2438 4408 2509 4471 etr.

604 4496 820 4574 Samson,
845 4514 887 4562 ex
904 4489 1000 4560 tribu
1013 4487 1116 4567 Dan,
1141 4485 1407 4575 annosviginti.
1531 4482 1600 4554 Hic
1615 4486 1737 4555 dicunt
1752 4485 1863 4579 aliqui
1878 4489 2029 4559 describi
2050 4507 2255 4584 tyrannum,
2285 4515 2359 4561 non
2378 4518 2511 4585 regem,

606 4601 732 4670 Postea
743 4604 746 4609 '
759 4618 835 4665 non
857 4589 1090 4662 nominantur
1109 4588 1232 4668 duces,
1262 4590 1323 4657 sed
1343 4585 1479 4678 praeci·
1531 4608 1596 4654 nee
1611 4585 1681 4655 dici
1699 4580 1785 4657 haec
1800 4589 1867 4673 ita,
1893 4601 2058 4684 tanquam
2074 4591 2291 4681 approbante
2305 4589 2381 4664 Deo
2396 4602 2511 4670 servi.

506 4722 577 4792 pua
597 4697 768 4768 autoritas
793 4693 862 4762 luit
887 4689 1018 4762 summi
1032 4689 1221 4760 sacerdotis
1239 4682 1344 4776 Eli,
1378 4688 1478 4758 cuius
1530 4699 1652 4757 tutem.
1711 4684 1781 4757 Sed
1801 4703 1915 4761 textus
1936 4692 2093 4761 nominat
2121 4688 2194 4761 ius
2226 4695 2371 4788 regis,
2396 4711 2431 4768 et
2453 4701 2511 4770 lo-

504 4800 574 4871 tuit
589 4795 735 4865 infoelix
752 4791 883 4873 exitus,
906 4790 1144 4873 amiseram,
1176 4812 1281 4883 quam
1299 4784 1397 4859 Deus
1411 4788 1479 4857 mi·
1530 4787 1652 4879 quitur
1665 4787 1711 4857 de
1726 4791 1911 4873 oneribus,
1933 4792 2189 4885 stipendiorum
2207 4819 2308 4866 causa
2324 4797 2512 4891 impositis,

503 4898 627 4971 randis
657 4891 774 4963 modis
804 4887 958 4960 restituit
982 4889 1169 4975 Israelitis,
1197 4904 1238 4960 ut
1269 4891 1479 4974 ostenderet,
1530 4912 1603 4958 non
1618 4887 1746 4960 tribuit
1762 4906 1968 4984 potestatem
1993 4894 2206 4965 instituendi
2229 4910 2417 4968 extremam
2433 4925 2511 4975 ser.

500 4997 696 5074 Ecclesiam
709 5016 809 5067 suam
832 5014 906 5062 non
927 4983 1094 5059 humanis
1112 4990 1271 5062 consiliis
1285 5002 1320 5062 et
1333 4989 1478 5076 viribus,
1528 4989 1677 5061 vitutem
1692 5007 1815 5064 contra
1831 4994 1943 5085 legem
1957 4994 2130 5070 divinam.
2171 4996 2265 5086 Quia
2282 5000 2511 5075 Deuterono-

503 5103 563 5173 sed
579 5100 702 5174 divina
715 5092 873 5191 potentia
892 5088 1010 5182 colligi
1026 5103 1062 5163 et
1077 5091 1222 5164 serrari.
1527 5091 1670 5165 miili.
1691 5109 1915 5186 praeceptum
1940 5111 2010 5183 est,
2035 5112 2078 5168 ut
2100 5121 2161 5168 rex
2185 5099 2296 5171 diseat
2319 5102 2448 5193 legem,
2472 5121 2507 5175 et

602 5201 676 5274 Nec
698 5212 818 5272 tamen
846 5207 908 5266 aut
930 5194 1107 5265 veteribus
1134 5192 1303 5284 exemplis
1327 5187 1478 5263 author
1528 5215 1605 5263 eam
1626 5209 1796 5288 sequatur
1818 5197 1856 5264 iu
1879 5209 1954 5267 tota
1973 5200 2240 5287 gubernatione.
2292 5198 2340 5273 Et
2360 5206 2508 5294 punitur

501 5304 634 5379 recenti
656 5314 691 5374 et
719 5296 851 5371 illustri
875 5295 1046 5365 miraculo
1074 5294 1163 5363 moti
1185 5306 1269 5363 aunt
1290 5290 1479 5376 lsraiilitae,
1528 5289 1671 5385 Achab,
1695 5296 1778 5387 quia
1795 5296 2059 5369 distinctionem
2083 5301 2345 5388 dominiorum,
2369 5305 2407 5372 in
2432 5306 2510 5395 lege

499 5434 570 5506 quo
598 5404 719 5477 minus
739 5396 908 5472 humanis
932 5393 1089 5465 consiliis
1121 5405 1299 5463 mutarent
1327 5392 1478 5462 formam
1527 5395 1717 5477 sancitam,
1761 5393 1885 5466 tollere
1918 5400 2051 5482 voluit,
2097 5425 2178 5472 cum
2210 5401 2354 5474 Naboth
2395 5407 2510 5479 invito

498 5501 766 5604 gubernationis
800 5492 931 5570 aDeo
961 5495 1170 5565 institutam.
1233 5488 1326 5564 Sunt
1360 5504 1477 5564 autem
1527 5506 1710 5583 erepturus
1733 5507 1808 5564 erat
1825 5496 1977 5568 vineam.
2029 5498 2244 5597 Quanquam
2262 5518 2378 5575 autem
2396 5522 2431 5579 et
2451 5511 2512 5579 in-

496 5614 585 5686 anni
598 5607 660 5682 Eli
673 5627 787 5702 usque
800 5601 846 5672 ad
861 5598 937 5668 eius
949 5605 1100 5664 mortem
1116 5590 1360 5683 quadraginta.
1526 5594 1667 5664 tardum
1685 5593 1782 5664 mitis
1804 5609 1838 5667 et
1859 5600 2023 5671 salutaris
2047 5617 2100 5673 est
2115 5605 2229 5676 torma
2247 5607 2365 5696 regni,
2390 5621 2514 5683 tamen

381 5698 384 5704 ¹
536 5698 541 5710 ’
597 5701 789 5782 Samuel
829 5711 865 5769 et
895 5692 927 5765 S
933 5688 1035 5777 aot,
1079 5710 1193 5762 annos
1230 5690 1475 5785 quadraginta.
1526 5690 1685 5781 asperior
1713 5709 1782 5781 est,
1820 5722 1925 5793 quam
1952 5696 2197 5777 Aristocratia
2256 5702 2306 5780 Et
2335 5714 2441 5800 pauci
2472 5714 2515 5784 in

496 5812 711 5907 Quanquam
736 5816 854 5877 antem
878 5793 1053 5867 Samuelis
1078 5792 1287 5885 gubernatio
1311 5791 1419 5862 foelix
1443 5804 1478 5861 et
1524 5812 1652 5886 magna
1667 5797 1825 5886 potentia
1839 5801 2015 5872 moderati
2030 5816 2126 5876 sunt.
