6025 6775
531 674 603 747 961
1090 673 1118 747 Ι.
1169 666 1460 744 CHRONICON
1485 667 1733 752 CARlONlS.
1781 676 1907 750 PARS
1933 678 1980 753 ll.
2313 729 2316 736 ·
2466 694 2541 765 962

531 841 752 911 manifestato
774 842 953 926 dicantur,
978 862 1114 909 necesse
1136 854 1185 910 est
1202 841 1240 908 in
1258 865 1299 910 eo
1316 864 1389 911 esse
1403 854 1507 910 natu·
1559 843 1644 909 tudo
1663 845 1762 935 quasi
1783 871 1887 917 omen
1905 874 2053 944 sequens
2072 856 2292 931 acclamavit:
2326 853 2442 928 Probe
2459 859 2535 930 Au-

530 967 605 1012 ram
624 944 794 1016 diviuam.
844 942 892 1012 Et
905 945 948 1010 ad
965 938 1088 1010 Ebrae.
1101 945 1132 1010 1.
1147 942 1292 1011 dicitur:
1318 939 1387 1010 Per
1403 965 1506 1034 quem
1555 950 1672 1033 gusta,
1686 940 1762 1012 Dii
1776 955 1807 1015 lc
1825 960 1974 1026 servent.

531 1045 646 1112 secula
665 1043 767 1126 fecit,
790 1044 851 1135 qui
874 1056 924 1110 est
943 1034 1174 1138 ἀπαύγασμα
1198 1042 1349 1129 gloriae,
1374 1056 1409 1112 et
1424 1037 1508 1111 cha·

530 1158 643 1213 racter
665 1144 875 1213 substantiae
896 1143 970 1211 eius
989 1143 1104 1212 ferens
1121 1142 1240 1212 omnia
1258 1142 1367 1211 verbo
1381 1156 1506 1234 poten·
1608 1160 1716 1231 Anno
1745 1169 1872 1236 mundi
1902 1186 2026 1262 quate,
2051 1175 2255 1264 millesimo,
2291 1180 2529 1250 ducentesimo

529 1245 596 1314 tiae
610 1268 713 1326 suae,
741 1256 803 1311 etc.
1049 1303 1052 1308 .
1762 1270 2027 1358 quadragesimo
2044 1279 2210 1345 secundo.
2513 1277 2515 1285 ⁴

630 1360 779 1429 Talibus
800 1357 900 1426 dictis
922 1378 988 1425 nos
1010 1358 1274 1443 confirmemus,
1300 1371 1333 1427 et
1348 1358 1505 1428 testimo·
1605 1357 1712 1431 Auno
1730 1363 1866 1436 Romae
1883 1373 2071 1443 millesimo
2089 1378 2277 1447 tricesimo.

529 1464 587 1530 nia
612 1460 738 1529 veteris
752 1455 940 1532 Ecclesiae,
951 1456 1183 1544 adiungamus
1198 1456 1332 1527 lrenaei
1357 1471 1391 1527 et
1414 1458 1503 1526 alio·
1606 1460 1713 1534 Anno
1728 1461 1862 1537 Christi
1879 1472 2117 1546 ducentesimo
2134 1482 2381 1568 octuagesimo.

527 1585 618 1634 rum.
668 1556 717 1629 Et
737 1559 881 1649 quidem
902 1556 1064 1627 adfirmat
1077 1556 1240 1628 Irenaeus
1256 1582 1290 1627 sc
1306 1558 1502 1627 doctrinam

527 1685 625 1731 suam
655 1659 826 1747 accepisse
856 1680 875 1724 a
905 1655 1100 1749 Polycarpo
1133 1654 1302 1728 Iohannis
1332 1660 1502 1730 auditore.

524 1760 705 1831 Discernit
719 1758 833 1846 igitur
854 1754 985 1825 Paulus
1006 1753 1184 1828 Christum
1207 1784 1226 1828 a
1247 1759 1390 1829 caeteris
1412 1758 1503 1828 San·
1657 1750 1703 1829 V
1699 1752 1837 1828 alerius
1849 1757 1994 1835 Probus
2009 1770 2119 1839 factus
2134 1789 2185 1842 est
2198 1774 2388 1865 imperator
2403 1778 2529 1845 suffra-

496 1894 498 1897 ⁴
526 1865 608 1943 ctis,
635 1862 702 1942 ait,
722 1860 762 1929 in
786 1881 827 1927 eo
850 1852 1010 1927 habitare
1030 1860 1252 1929 divinitatem
1275 1864 1501 1949 σωματικῶς,
1553 1858 1620 1946 giis
1638 1858 1809 1927 exercitus
1825 1865 1887 1952 qui
1906 1866 2008 1937 Tarsi
2029 1883 2123 1954 erat,
2154 1886 2188 1940 et
2203 1875 2355 1945 libenter
2370 1892 2529 1967 receptus

524 1962 624 2055 quasi
648 1961 756 2028 dicat:
784 1955 826 2026 ln
848 1959 991 2028 caeteris
1012 1971 1052 2027 ut
1071 1959 1109 2025 in
1125 1956 1223 2043 Elia,
1248 1957 1384 2029 Davide
1400 1956 1503 2029 habi·
1553 1982 1572 2027 a
1590 1957 1722 2028 Senatu
1738 1972 1771 2029 et
1787 1964 1953 2034 omnibus
1969 1971 2188 2044 exercitibus.
2225 1972 2401 2064 Regnavit
2417 2001 2529 2046 annos

524 2060 754 2132 tatdivinitas
769 2059 924 2127 effective
940 2070 972 2127 et
987 2059 1237 2147 separabiliter.
1288 2055 1337 2129 At
1351 2054 1503 2129 inChri-
1553 2083 1611 2127 sex
1648 2072 1683 2128 et
1717 2084 1852 2131 menses
1884 2079 1962 2135 tres.
2041 2068 2152 2139 Natus
2175 2074 2241 2143 luit
2264 2076 2302 2142 in
2324 2075 2463 2169 Syrmio
2487 2103 2528 2147 cx

524 2176 578 2231 sto
608 2158 905 2250 inseparabiliter,
939 2170 973 2226 et
1001 2159 1049 2227 ita
1079 2174 1120 2228 ut
1149 2155 1325 2229 humanae
1357 2173 1502 2231 naturae
1553 2173 1650 2250 patre
1665 2159 1852 2243 Tribuno,
1878 2167 1934 2233 vir
1949 2167 2062 2240 iustus
2076 2184 2110 2240 et
2124 2172 2237 2246 fortis.

523 2261 620 2330 unita
639 2261 684 2329 sit
700 2260 861 2327 mirando
878 2259 984 2325 modo
998 2257 1131 2327 unione
1149 2254 1376 2352 hypostatica.
1428 2260 1501 2328 Ve-
1656 2276 1765 2348 luigo
1785 2281 1923 2371 imperii
1940 2286 2041 2354 duxit
2064 2290 2234 2358 exercitus
2259 2315 2299 2359 ex
2315 2287 2463 2363 Oriente
2491 2296 2528 2362 in

520 2373 630 2430 iustas
644 2381 706 2428 Usa
723 2373 774 2426 esl
786 2359 1022 2449 qualicunque
1036 2358 1282 2443 similitudine,
1308 2385 1397 2453 quae
1410 2376 1502 2433 exldl
1553 2376 1728 2463 Galliam,
1776 2384 1858 2472 quia
1890 2398 1925 2455 ρῑ
1958 2383 2086 2454 Franci
2117 2412 2193 2456 eam
2226 2391 2446 2472 invaserant,
2495 2408 2530 2464 et

520 2462 614 2551 apud
638 2456 891 2539 Athanasium,
923 2455 1096 2548 Cyrillum
1122 2472 1156 2527 el
1178 2458 1369 2529 lusllnfflm
1403 2460 1501 2534 Sicut
1549 2478 1718 2569 Lugduni
1732 2474 1929 2565 Proculus,
1957 2501 1991 2556 et
2014 2488 2085 2555 dux
2107 2488 2230 2559 limitis
2245 2487 2529 2563 RheticiBono-

518 2561 638 2631 anima
668 2571 779 2648 gestat
807 2550 1174 2676 cirpml'umanum!
1207 2562 1256 2630 ³5⁶
1288 2564 1413 2648 geslssrl
1442 2563 1500 2629 5¹¹·
1549 2603 1630 2664 sus,
1653 2582 1926 2654 nominaverant
1941 2610 1976 2654 se
1991 2586 2230 2676 imperatores.
2279 2590 2527 2682 Depulsisigi-

519 2662 647 2754 quiunt
669 2661 713 2726 ab
736 2659 888 2743 lm³g¹¹¹⁰
905 2670 1067 2726 melem
1084 2673 1176 2749 Patrl
1198 2675 1357 2730 stillulam
1373 2659 1504 2749 huma&
1550 2691 1608 2747 tur
1631 2705 1671 2748 ex
1688 2680 1806 2750 Gallia
1822 2684 1984 2767 Francis,
2012 2700 2045 2755 ct
2069 2688 2252 2760 interfecto
2268 2689 2438 2775 Proculo,
2465 2719 2527 2784 pa-

518 2785 601 2830 nam
640 2760 678 2825 in
714 2752 865 2829 Chrlslo·
932 2755 1049 2826 Verba
1082 2762 1176 2850 apud
1208 2758 1382 2831 lUSll'ssum
1414 2758 1499 2831 haec
1550 2794 1623 2849 cata
1642 2777 1777 2866 Gallia,
1802 2783 1940 2853 Probus
1954 2783 2098 2855 Bonoso
2114 2789 2175 2881 qui
2191 2787 2357 2861 Rhetiam
2377 2796 2528 2876 tenebat,

518 2874 617 2931 sunt:
655 2851 758 2978 Ttpdc
785 2850 855 2946 μὲν
883 2852 951 2977 τῂν
977 2854 1109 2931 ἕνωσιν
1130 2852 1181 2941 ὡς
1201 2867 1324 2957 ψυχῆς
1345 2857 1437 2953 πρὸς
1455 2857 1498 2933 τὸ
1549 2892 1584 2947 et
1598 2877 1761 2948 Almonis
1777 2883 1911 2953 bellum
1928 2886 2068 2970 intulit,
2097 2911 2185 2980 quos
2199 2892 2293 2961 ultra
2306 2890 2454 2961 Nicrum
2471 2918 2527 2961 ce-

518 2966 627 3053 σῶμα
640 2979 857 3050 νοησαατες,
884 2953 1001 3037 οὕτως
1015 2953 1275 3046 ἐκδεδώκασιν,
1301 2958 1364 3034 καὶ
1381 2956 1498 3054 ἁρμό·
1548 2980 1629 3048 dere
1652 2981 1776 3069 coegit,

517 3058 609 3181 deor!
627 3084 670 3156 γε
692 3053 735 3129 τὸ
757 3050 1012 3152 παράδειγμα,
1048 3061 1079 3129 el
1101 3057 1164 3131 καὶ
1184 3059 1236 3154 μὴ
1256 3057 1352 3134 κατὰ
1374 3056 1498 3135 πάντα

1825 1617 2046 1691 Valerius
2071 1623 2256 1697 Probus.

1649 3092 1692 3162 ln
1709 3092 1774 3165 hac
1797 3094 1944 3169 historia
1967 3106 2122 3192 primum
2142 3106 2286 3175 invenio
2310 3132 2438 3177 nomen
2455 3107 2526 3178 Al-

515 3186 610 3232 κατα
624 3185 658 3230 τι
670 3182 778 3257 yovt·
1547 3217 1760 3279 manorum,
1786 3222 1875 3289 quae
1891 3204 2078 3291 appellatio
2100 3208 2253 3277 abolevit
2277 3231 2406 3277 nomen
2425 3206 2526 3280 Rhe-

612 3274 709 3346 Haec
736 3275 889 3345 brevilel'
912 3276 1047 3345 lnSCI'Ul
1068 3274 1234 3346 historiae
1242 3327 1254 3361 ‚
1288 3291 1329 3348 Ul
1351 3279 1496 3348 lCClOPES
1546 3296 1625 3367 fiae·
1675 3293 1746 3365 Nec
1762 3299 1909 3367 dubium
1926 3317 1977 3372 est
1992 3307 2135 3397 proprie
2153 3303 2244 3376 hanc
2260 3333 2380 3378 vocem
2401 3311 2439 3376 in
2464 3334 2525 3377 ve.

514 3395 548 3451 et
568 3378 695 3448 veteris
711 3374 889 3445 Ecclesiae
910 3376 1039 3446 iudicia
1060 3378 1301 3461 considerent,
1327 3393 1361 3450 et
1380 3374 1496 3449 abhis
1544 3397 1678 3466 teribus
1703 3393 1860 3468 historiis
1886 3404 1996 3474 tribui
2025 3409 2185 3498 popufis,
2234 3412 2296 3501 qui
2323 3425 2405 3481 sung
2432 3411 2525 3480 inm

513 3479 780 3550 commonefacti
800 3477 1001 3546 testimonia
1024 3479 1063 3545 in
1079 3479 1236 3547 lontibus
1250 3494 1438 3570 quaerant,
1462 3493 1495 3548 et
1543 3494 1653 3586 Alpes
1669 3512 1702 3567 eg
1716 3497 1951 3588 Mogungim

512 3580 720 3649 confirment
749 3579 789 3646 in
817 3579 1008 3647 mentibus
1023 3601 1121 3646 veras
1143 3578 1332 3647 sententias
1355 3581 1397 3647 de
1420 3579 1493 3648 filio

512 3681 602 3763 Dei,
627 3693 667 3748 ut
687 3680 807 3749 ardeat
830 3679 1024 3762 invocatio,
1051 3692 1084 3748 et
1107 3679 1268 3748 alacriter
1288 3680 1493 3768 confugiant
1542 3716 1634 3785 dedu

511 3782 556 3849 ad
579 3802 678 3862 eum,
701 3779 790 3846 sicut
806 3780 990 3867 praecipit:
1018 3777 1145 3850 Venite
1162 3781 1276 3848 adme
1293 3781 1492 3873 omnesqui

508 3880 677 3951 laboratis
692 3892 726 3948 et
741 3878 878 3948 onerati
892 3880 992 3961 estis,
1016 3893 1050 3951 et
1063 3902 1125 3969 ego
1141 3880 1294 3950 reficiam
1307 3903 1381 3952 vos.

1644 3612 1749 3685 Unde
1764 3641 1894 3687 nomen
1911 3623 2043 3695 factum
2056 3627 2101 3696 sit
2117 3628 2312 3717 quaeritur.
2363 3626 2521 3717 Quidam

1638 3730 1722 3785 cunt
1745 3741 1765 3786 a
1790 3719 1869 3788 lacu
1891 3720 2061 3797 Lemano.
2113 3726 2190 3794 Alii
2213 3728 2413 3800 existimant
2439 3752 2522 3812 esse,

1539 3817 1642 3906 quasi
1659 3816 1788 3908 stetten
1807 3818 1916 3908 hicn,
1943 3824 1981 3890 id
2005 3839 2074 3909 est,
2101 3828 2336 3914 promiscuam
2357 3830 2521 3899 multitu-

1540 3917 1678 4001 dinem,
1704 3944 1793 4011 quae
1817 3925 1996 3994 concurrit
2019 3926 2063 3992 ad
2088 3926 2285 3997 libertatem
2309 3952 2520 4021 recuperan-

1540 4019 1621 4086 dam
1633 4031 1777 4106 propter
1789 4022 2246 4110 tyrannidesRomanorum
2258 4030 2399 4104 ducum.
2425 4029 2520 4115 Aga-

558 4132 664 4200 Anno
680 4129 807 4199 muudi
820 4129 1140 4221 quatermillesimo
1151 4131 1389 4201 ducentesimo
1400 4156 1489 4224 qua.
1538 4111 1630 4185 thies
1648 4140 1667 4184 a
1685 4114 1818 4184 Graeca
1836 4143 1921 4187 voce
1935 4121 2047 4190 dictos
2064 4147 2136 4194 esse
2150 4127 2290 4210 scribit,
2315 4130 2415 4220 quasi
2431 4124 2519 4219 ἀλή-

711 4231 908 4319 dragesimo
925 4230 1052 4318 primo,
1537 4239 1676 4306 μονας,
1711 4215 1843 4301 idest,
1877 4234 2033 4290 errantes
2057 4246 2118 4293 seu
2141 4227 2382 4314 vagabundos.
2440 4225 2517 4316 Ego

560 4329 814 4402 gnuogomag
831 4328 1018 4396 millesimo
1036 4331 1200 4398 vicesimo
1218 4351 1326 4398 nono,
1539 4316 1698 4386 existimo
1721 4316 1815 4386 idem
1836 4343 1974 4410 nomen¹
1996 4345 2068 4393 esse
2092 4319 2300 4396 Alanorum
2328 4342 2364 4399 et
2386 4322 2519 4397 Alma-

555 4424 662 4498 Auno
678 4428 810 4502 Christi
828 4428 1069 4499 ducentesimo
1084 4429 1338 4520 septuagesimo
1354 4450 1463 4501 nono.
1538 4438 1683 4488 'mmm-

1639 4532 1732 4605 Sunt
1746 4549 1861 4607 autem
1887 4533 1995 4608 hodie
2010 4537 2120 4611 Alani
2142 4566 2214 4613 non
2238 4546 2361 4636 procul
2383 4543 2517 4616 aCon-

1538 4635 1765 4725 stautinopoli
1778 4691 1788 4720 ,
1815 4663 1967 4730 quorum
1986 4654 2081 4712 tanta
2101 4658 2152 4714 est
2175 4646 2304 4730 virtus,
2338 4659 2378 4714 ut
2400 4643 2516 4717 adhuc

604 4743 759 4817 Tacitus
775 4748 965 4839 impetam
985 4751 1097 4820 factus
1122 4762 1173 4821 εει
1193 4774 1233 4819 ex
1249 4749 1487 4824 senatuscon.
1537 4736 1712 4807 retineant
1724 4738 1921 4808 libertatem
1938 4736 2162 4815 etEcclesias.
2214 4744 2337 4816 Fuisse
2353 4770 2411 4816 eos
2427 4749 2513 4816 olim

505 4850 616 4934 sulto,
644 4873 724 4931 cum
747 4871 804 4916 sex
824 4853 1004 4921 mensibus
1025 4852 1102 4921 sine
1123 4852 1334 4941 imperatore
1355 4856 1486 4923 exerci-
1536 4833 1636 4906 Gelis
1662 4835 1813 4909 θῑῦὃῑῖὅ
1835 4840 1971 4911 Vl⁰l¹¹⁰⁸
1993 4860 2137 4934 apparel
2160 4869 2200 4914 ⁸¹
2215 4843 2379 4941 Dl⁰¹¹l¹⁸ll
2401 4851 2514 4916 versi·

503 4963 560 5019 tus
575 4963 708 5027 essent,
735 4962 770 5019 et
785 4946 930 5021 Senatui
945 4952 1117 5023 iudicium
1136 4952 1396 5042 permitterent,
1423 4957 1485 5047 qui
1534 4937 1620 5020 busa
1657 4937 1722 5008 ubl
1746 4940 1893 5010 dltllufss
1933 4937 2123 5017 Advort'
2150 4943 2305 5027 ἄσπετος
2326 4942 2409 5038 αἶα)
2448 4946 2513 5019 καὶ

500 5064 648 5140 propter
670 5051 836 5121 virtutem
861 5050 962 5140 elegit
986 5052 1162 5126 Tacitum.
1227 5051 1297 5122 Sed
1321 5065 1357 5123 et
1379 5077 1483 5125 senex
1533 5033 1624 5153 ‘lllld
1641 5035 1738 5116 ἕνης
1752 5036 1903 5124 etevat,
1937 5043 1975 5112 ld
1999 5059 2069 5129 ⁰³12
2099 5046 2240 5138 lata‘lul'
2255 5045 2433 5118 D³⁶⁰f⁰m
2457 5074 2513 5117 re·

499 5152 589 5236 luit,
615 5164 649 5220 et
673 5164 770 5221 sexto
792 5171 910 5219 mense
932 5152 1069 5242 imperii
1093 5168 1253 5225 mortuus
1274 5152 1377 5237 estin
1392 5158 1482 5225 urbe
1530 5159 1610 5224 8¹⁰³
1645 5138 1752 5207 s⁰¹l⁰⁸
1777 5152 1811 5207 θῑ
1832 5135 1953 5211 Alani·
2013 5143 2512 5237 Est-‘²1‘'llffi‘llllflfoellinum

500 5249 625 5323 Tarso.
680 5249 894 5342 Quanquam
918 5266 1032 5322 autem
1046 5250 1255 5324 Florianus
1270 5252 1386 5324 Taciti
1409 5255 1480 5326 lca.
1530 5236 1701 5311 tibrost.
1717 5238 1821 5343 longa
1839 5236 2037 5313 Alanorum
2054 5247 2251 5336 descriptio.
2305 5248 2511 5319 Bellatum

497 5366 552 5422 ter
572 5355 757 5423 succedere
780 5351 811 5418 ei
832 5365 977 5420 conatus
994 5367 1061 5437 est,
1085 5371 1203 5425 tamen
1221 5354 1391 5426 exercitus
1407 5356 1478 5425 ele-
1527 5335 1670 5408 Hfflmls
1687 5353 1868 5428 80⁸⁸ffl¹¹¹l
1884 5354 2042 5433 tempore
2063 5345 2232 5421 Valentis·
2527 5368 2531 5374 ’

495 5455 546 5540 git
565 5454 812 5542 imperatorem
836 5449 1016 5522 Valerium
1036 5450 1211 5542 Probum,
1242 5458 1341 5524 cuius
1365 5456 1476 5526 virtus
1627 5452 1704 5526 Etsi
1720 5472 1838 5528 autem
1862 5481 1994 5528 nomen
2011 5458 2172 5531 Almam‘
2193 5466 2347 5535 vicinum
2371 5477 2440 5548 est,
2474 5480 2508 5536 et

486 5556 704 5637 ¹exercitibts
730 5565 811 5621 nata
840 5566 924 5622 erat.
993 5549 1082 5621 Cum
1111 5547 1218 5642 igitur
1243 5557 1474 5626 inconcione
1525 5556 1671 5625 effusam
1700 5580 1774 5626 esse
1802 5557 2000 5631 Alanorum
2035 5578 2173 5652 gentem
2204 5567 2241 5633 in
2276 5561 2506 5636 Occidentem

494 5651 637 5724 militari
661 5656 794 5724 dictum
818 5666 926 5736 esset,
960 5655 1199 5745 quaerendum
1222 5680 1295 5726 esse
1319 5657 1471 5749 impera·
1524 5670 1675 5726 constat:
1701 5670 1817 5727 tamen
1837 5684 1909 5727 non
1927 5663 2075 5734 adfirmo
2093 5666 2177 5733 inde
2196 5665 2322 5732 factam
2347 5687 2421 5734 esse
2441 5691 2505 5758 ap·

491 5776 602 5834 torem
628 5757 772 5842 sortem,
808 5767 966 5825 sanctum
991 5765 1024 5823 et
1049 5752 1221 5841 probum,
1253 5770 1325 5830 tota
1347 5759 1468 5830 multi·
1522 5759 1748 5851 pellationem
1768 5758 2018 5838 Almanorum.
2075 5763 2259 5834 Caeterum
2291 5767 2503 5859 etymologia

890 4601 1101 4669 Tacitus.
