<?xml version="1.0" encoding="UTF-8"?>
<!DOCTYPE html PUBLIC "-//W3C//DTD XHTML 1.0 Transitional//EN"
    "http://www.w3.org/TR/xhtml1/DTD/xhtml1-transitional.dtd">
<html xmlns="http://www.w3.org/1999/xhtml" xml:lang="en" lang="en">
 <head>
  <title>
</title>
<meta http-equiv="Content-Type" content="text/html;charset=utf-8" />
  <meta name='ocr-system' content='tesseract 3.04.00' />
  <meta name='ocr-capabilities' content='ocr_page ocr_carea ocr_par ocr_line ocrx_word'/>
</head>
<body>
  <div class='ocr_page' id='page_1' title='image "./philippimelanth12melagoog/philippimelanth12melagoog_0091.png"; bbox 0 0 6025 6775; ppageno 0'>
   <div class='ocr_carea' id='block_1_1' title="bbox 454 695 2472 807">
    <p class='ocr_par' dir='ltr' id='par_1_1' title="bbox 454 695 2472 807">
     <span class='ocr_line' id='line_1_1' title="bbox 454 695 2472 807; baseline 0.003 -32"><span class='ocrx_word' id='word_1_1' title='bbox 454 715 521 793; x_wconf 83' lang='lat'><strong>161</strong></span> <span class='ocrx_word' id='word_1_2' title='bbox 1034 702 1193 781; x_wconf 85' lang='lat' dir='ltr'><strong>DECL.</strong></span> <span class='ocrx_word' id='word_1_3' title='bbox 1231 701 1304 780; x_wconf 85' lang='lat' dir='ltr'><strong>DE</strong></span> <span class='ocrx_word' id='word_1_4' title='bbox 1338 697 1570 779; x_wconf 87' lang='lat' dir='ltr'>SCHOLA</span> <span class='ocrx_word' id='word_1_5' title='bbox 1601 695 1889 783; x_wconf 86' lang='lat' dir='ltr'><strong>ROSTOCH.</strong></span> <span class='ocrx_word' id='word_1_6' title='bbox 2400 734 2472 807; x_wconf 71' lang='lat'><strong>162</strong></span> 
     </span>
    </p>
   </div>
   <div class='ocr_carea' id='block_1_2' title="bbox 351 871 2570 3363">
    <p class='ocr_par' dir='ltr' id='par_1_2' title="bbox 351 871 2570 3363">
     <span class='ocr_line' id='line_1_2' title="bbox 452 871 2470 983; baseline 0.007 -29"><span class='ocrx_word' id='word_1_7' title='bbox 452 909 558 956; x_wconf 86' lang='lat' dir='ltr'><strong>verae</strong></span> <span class='ocrx_word' id='word_1_8' title='bbox 583 882 790 965; x_wconf 88' lang='lat' dir='ltr'><strong>doctrinae,</strong></span> <span class='ocrx_word' id='word_1_9' title='bbox 820 892 854 950; x_wconf 89' lang='lat' dir='ltr'><strong>et</strong></span> <span class='ocrx_word' id='word_1_10' title='bbox 875 880 919 948; x_wconf 93' lang='lat' dir='ltr'><strong>ad</strong></span> <span class='ocrx_word' id='word_1_11' title='bbox 941 900 1061 948; x_wconf 87' lang='lat' dir='ltr'><strong>veram</strong></span> <span class='ocrx_word' id='word_1_12' title='bbox 1083 876 1343 948; x_wconf 76' lang='lat' dir='ltr'><strong>invocationem</strong></span> <span class='ocrx_word' id='word_1_13' title='bbox 1360 871 1439 961; x_wconf 87' lang='lat' dir='ltr'><strong>Dei,</strong></span> <span class='ocrx_word' id='word_1_14' title='bbox 1489 872 1664 943; x_wconf 90' lang='lat' dir='ltr'><strong>maiorum</strong></span> <span class='ocrx_word' id='word_1_15' title='bbox 1688 887 1888 946; x_wconf 88' lang='lat' dir='ltr'><strong>nostrorum</strong></span> <span class='ocrx_word' id='word_1_16' title='bbox 1911 878 2013 949; x_wconf 88' lang='lat' dir='ltr'><strong>dietis</strong></span> <span class='ocrx_word' id='word_1_17' title='bbox 2034 895 2069 953; x_wconf 89' lang='lat' dir='ltr'><strong>et</strong></span> <span class='ocrx_word' id='word_1_18' title='bbox 2093 884 2193 957; x_wconf 85' lang='lat' dir='ltr'><strong>factis</strong></span> <span class='ocrx_word' id='word_1_19' title='bbox 2212 895 2470 983; x_wconf 74' lang='lat' dir='ltr'><strong>conspicimus?</strong></span> 
     </span>
     <span class='ocr_line' id='line_1_3' title="bbox 453 969 2475 1084; baseline 0.007 -29"><span class='ocrx_word' id='word_1_20' title='bbox 453 1001 488 1057; x_wconf 90' lang='lat' dir='ltr'><strong>et</strong></span> <span class='ocrx_word' id='word_1_21' title='bbox 520 985 714 1077; x_wconf 86' lang='lat' dir='ltr'><strong>petendum</strong></span> <span class='ocrx_word' id='word_1_22' title='bbox 744 995 792 1051; x_wconf 90' lang='lat' dir='ltr'><strong>est</strong></span> <span class='ocrx_word' id='word_1_23' title='bbox 820 994 859 1051; x_wconf 90' lang='lat' dir='ltr'><strong>nt</strong></span> <span class='ocrx_word' id='word_1_24' title='bbox 880 980 980 1050; x_wconf 91' lang='lat' dir='ltr'><strong>Deus</strong></span> <span class='ocrx_word' id='word_1_25' title='bbox 1008 1001 1074 1047; x_wconf 88' lang='lat' dir='ltr'><strong>nos</strong></span> <span class='ocrx_word' id='word_1_26' title='bbox 1102 979 1292 1068; x_wconf 78' lang='lat' dir='ltr'><strong>gubernet,</strong></span> <span class='ocrx_word' id='word_1_27' title='bbox 1323 989 1438 1047; x_wconf 86' lang='lat' dir='ltr'><strong>servet</strong></span> <span class='ocrx_word' id='word_1_28' title='bbox 1489 969 1561 1044; x_wconf 89' lang='lat' dir='ltr'><strong>Ubi</strong></span> <span class='ocrx_word' id='word_1_29' title='bbox 1582 973 1747 1043; x_wconf 87' lang='lat' dir='ltr'><strong>firmioris</strong></span> <span class='ocrx_word' id='word_1_30' title='bbox 1772 989 1807 1046; x_wconf 92' lang='lat' dir='ltr'><strong>et</strong></span> <span class='ocrx_word' id='word_1_31' title='bbox 1828 978 1941 1047; x_wconf 91' lang='lat' dir='ltr'><strong>virilis</strong></span> <span class='ocrx_word' id='word_1_32' title='bbox 1961 984 2083 1054; x_wconf 87' lang='lat' dir='ltr'><strong>aetatis</strong></span> <span class='ocrx_word' id='word_1_33' title='bbox 2105 986 2189 1056; x_wconf 87' lang='lat' dir='ltr'><strong>fides</strong></span> <span class='ocrx_word' id='word_1_34' title='bbox 2210 1003 2245 1060; x_wconf 92' lang='lat' dir='ltr'><strong>et</strong></span> <span class='ocrx_word' id='word_1_35' title='bbox 2261 988 2475 1084; x_wconf 81' lang='lat' dir='ltr'><strong>constantia,</strong></span> 
     </span>
     <span class='ocr_line' id='line_1_4' title="bbox 455 1074 2466 1183; baseline 0.006 -28"><span class='ocrx_word' id='word_1_36' title='bbox 455 1088 555 1155; x_wconf 89' lang='lat' dir='ltr'><strong>inter</strong></span> <span class='ocrx_word' id='word_1_37' title='bbox 569 1106 634 1154; x_wconf 90' lang='lat' dir='ltr'><strong>nos</strong></span> <span class='ocrx_word' id='word_1_38' title='bbox 647 1079 856 1160; x_wconf 73' lang='lat' dir='ltr'><strong>Ecclesiam,</strong></span> <span class='ocrx_word' id='word_1_39' title='bbox 880 1094 914 1151; x_wconf 91' lang='lat' dir='ltr'><strong>et</strong></span> <span class='ocrx_word' id='word_1_40' title='bbox 928 1100 1059 1171; x_wconf 90' lang='lat' dir='ltr'><strong>poenas</strong></span> <span class='ocrx_word' id='word_1_41' title='bbox 1074 1078 1220 1168; x_wconf 89' lang='lat' dir='ltr'><strong>mitiget.</strong></span> <span class='ocrx_word' id='word_1_42' title='bbox 1488 1096 1595 1166; x_wconf 89' lang='lat' dir='ltr'><strong>quam</strong></span> <span class='ocrx_word' id='word_1_43' title='bbox 1619 1074 1780 1164; x_wconf 87' lang='lat' dir='ltr'><strong>superius</strong></span> <span class='ocrx_word' id='word_1_44' title='bbox 1801 1079 1955 1150; x_wconf 83' lang='lat' dir='ltr'><strong>seculum</strong></span> <span class='ocrx_word' id='word_1_45' title='bbox 1981 1080 2020 1151; x_wconf 90' lang='lat' dir='ltr'><strong>in</strong></span> <span class='ocrx_word' id='word_1_46' title='bbox 2040 1084 2126 1154; x_wconf 88' lang='lat' dir='ltr'><strong>viris</strong></span> <span class='ocrx_word' id='word_1_47' title='bbox 2145 1087 2200 1155; x_wconf 89' lang='lat' dir='ltr'><strong>sui</strong></span> <span class='ocrx_word' id='word_1_48' title='bbox 2216 1096 2384 1183; x_wconf 88' lang='lat' dir='ltr'><strong>temporis</strong></span> <span class='ocrx_word' id='word_1_49' title='bbox 2400 1100 2466 1167; x_wconf 92' lang='lat' dir='ltr'><strong>ad·</strong></span> 
     </span>
     <span class='ocr_line' id='line_1_5' title="bbox 564 1174 2462 1278; baseline 0.007 -26"><span class='ocrx_word' id='word_1_50' title='bbox 564 1183 647 1252; x_wconf 89' lang='lat' dir='ltr'><strong>Vult</strong></span> <span class='ocrx_word' id='word_1_51' title='bbox 668 1176 751 1249; x_wconf 89' lang='lat' dir='ltr'><strong>baec</strong></span> <span class='ocrx_word' id='word_1_52' title='bbox 773 1180 848 1272; x_wconf 88' lang='lat' dir='ltr'><strong>peti</strong></span> <span class='ocrx_word' id='word_1_53' title='bbox 860 1177 975 1264; x_wconf 85' lang='lat' dir='ltr'><strong>Deus,</strong></span> <span class='ocrx_word' id='word_1_54' title='bbox 1000 1180 1083 1271; x_wconf 89' lang='lat' dir='ltr'><strong>qnia</strong></span> <span class='ocrx_word' id='word_1_55' title='bbox 1103 1180 1181 1249; x_wconf 88' lang='lat' dir='ltr'><strong>vult</strong></span> <span class='ocrx_word' id='word_1_56' title='bbox 1196 1175 1347 1267; x_wconf 81' lang='lat' dir='ltr'><strong>intelligi</strong></span> <span class='ocrx_word' id='word_1_57' title='bbox 1362 1200 1437 1246; x_wconf 94' lang='lat' dir='ltr'><strong>non</strong></span> <span class='ocrx_word' id='word_1_58' title='bbox 1486 1174 1653 1258; x_wconf 90' lang='lat' dir='ltr'><strong>miratur,</strong></span> <span class='ocrx_word' id='word_1_59' title='bbox 1694 1187 1728 1244; x_wconf 88' lang='lat' dir='ltr'><strong>et</strong></span> <span class='ocrx_word' id='word_1_60' title='bbox 1760 1179 2005 1267; x_wconf 87' lang='lat' dir='ltr'><strong>praedicatur?</strong></span> <span class='ocrx_word' id='word_1_61' title='bbox 2064 1181 2165 1271; x_wconf 87' lang='lat' dir='ltr'><strong>Quae</strong></span> <span class='ocrx_word' id='word_1_62' title='bbox 2198 1202 2249 1259; x_wconf 89' lang='lat' dir='ltr'><strong>est</strong></span> <span class='ocrx_word' id='word_1_63' title='bbox 2281 1197 2462 1278; x_wconf 82' lang='lat' dir='ltr'><strong>mollicies,</strong></span> 
     </span>
     <span class='ocr_line' id='line_1_6' title="bbox 457 1274 2462 1375; baseline 0.005 -20"><span class='ocrx_word' id='word_1_64' title='bbox 457 1281 620 1355; x_wconf 88' lang='lat' dir='ltr'><strong>humanis</strong></span> <span class='ocrx_word' id='word_1_65' title='bbox 640 1281 796 1349; x_wconf 89' lang='lat' dir='ltr'><strong>consiliis</strong></span> <span class='ocrx_word' id='word_1_66' title='bbox 820 1286 854 1350; x_wconf 88' lang='lat' dir='ltr'><strong>&#39;et</strong></span> <span class='ocrx_word' id='word_1_67' title='bbox 875 1277 1066 1372; x_wconf 84' lang='lat' dir='ltr'><strong>praesidiis·</strong></span> <span class='ocrx_word' id='word_1_68' title='bbox 1080 1280 1211 1350; x_wconf 88' lang='lat' dir='ltr'><strong>servari</strong></span> <span class='ocrx_word' id='word_1_69' title='bbox 1231 1276 1436 1363; x_wconf 76' lang='lat' dir='ltr'><strong>Ecclesiam,</strong></span> <span class='ocrx_word' id='word_1_70' title='bbox 1486 1297 1576 1366; x_wconf 88' lang='lat' dir='ltr'><strong>quae</strong></span> <span class='ocrx_word' id='word_1_71' title='bbox 1591 1274 1730 1359; x_wconf 85' lang='lat' dir='ltr'><strong>levitas,</strong></span> <span class='ocrx_word' id='word_1_72' title='bbox 1755 1300 1845 1368; x_wconf 89' lang='lat' dir='ltr'><strong>quae</strong></span> <span class='ocrx_word' id='word_1_73' title='bbox 1857 1278 1989 1364; x_wconf 91' lang='lat' dir='ltr'><strong>libido,</strong></span> <span class='ocrx_word' id='word_1_74' title='bbox 2013 1284 2057 1351; x_wconf 93' lang='lat' dir='ltr'><strong>ad</strong></span> <span class='ocrx_word' id='word_1_75' title='bbox 2074 1308 2179 1375; x_wconf 88' lang='lat' dir='ltr'><strong>quam</strong></span> <span class='ocrx_word' id='word_1_76' title='bbox 2194 1287 2353 1364; x_wconf 85' lang='lat' dir='ltr'><strong>florentis</strong></span> <span class='ocrx_word' id='word_1_77' title='bbox 2366 1312 2462 1367; x_wconf 85' lang='lat' dir='ltr'><strong>aeta-</strong></span> 
     </span>
     <span class='ocr_line' id='line_1_7' title="bbox 459 1375 2476 1476; baseline 0.006 -21"><span class='ocrx_word' id='word_1_78' title='bbox 459 1400 492 1455; x_wconf 88' lang='lat' dir='ltr'><strong>et</strong></span> <span class='ocrx_word' id='word_1_79' title='bbox 507 1381 630 1471; x_wconf 85' lang='lat' dir='ltr'><strong>depelli</strong></span> <span class='ocrx_word' id='word_1_80' title='bbox 647 1375 765 1449; x_wconf 87' lang='lat' dir='ltr'><strong>hostes</strong></span> <span class='ocrx_word' id='word_1_81' title='bbox 779 1381 941 1450; x_wconf 90' lang='lat' dir='ltr'><strong>diabolos</strong></span> <span class='ocrx_word' id='word_1_82' title='bbox 956 1392 991 1450; x_wconf 91' lang='lat' dir='ltr'><strong>ct</strong></span> <span class='ocrx_word' id='word_1_83' title='bbox 1003 1402 1134 1468; x_wconf 83' lang='lat' dir='ltr'><strong>organa</strong></span> <span class='ocrx_word' id='word_1_84' title='bbox 1148 1380 1384 1451; x_wconf 83' lang='lat' dir='ltr'><strong>diabolorum.</strong></span> <span class='ocrx_word' id='word_1_85' title='bbox 1485 1375 1531 1443; x_wconf 89' lang='lat' dir='ltr'><strong>tis</strong></span> <span class='ocrx_word' id='word_1_86' title='bbox 1556 1398 1690 1458; x_wconf 86' lang='lat' dir='ltr'><strong>mores,</strong></span> <span class='ocrx_word' id='word_1_87' title='bbox 1723 1377 1784 1468; x_wconf 73' lang='lat' dir='ltr'><strong>qui</strong></span> <span class='ocrx_word' id='word_1_88' title='bbox 1804 1390 1887 1448; x_wconf 66' lang='lat'><strong>³⁰10</strong></span> <span class='ocrx_word' id='word_1_89' title='bbox 1907 1384 2117 1454; x_wconf 66' lang='lat' dir='ltr'><strong>verecundia</strong></span> <span class='ocrx_word' id='word_1_90' title='bbox 2139 1397 2175 1455; x_wconf 75' lang='lat' dir='ltr'><strong>et</strong></span> <span class='ocrx_word' id='word_1_91' title='bbox 2196 1392 2331 1476; x_wconf 77' lang='lat' dir='ltr'><strong>pudore</strong></span> <span class='ocrx_word' id='word_1_92' title='bbox 2355 1399 2476 1473; x_wconf 82' lang='lat' dir='ltr'><strong>nobis¹</strong></span> 
     </span>
     <span class='ocr_line' id='line_1_8' title="bbox 498 1476 2460 1587; baseline 0.01 -40"><span class='ocrx_word' id='word_1_93' title='bbox 498 1510 502 1519; x_wconf 95' lang='lat'>·</span> <span class='ocrx_word' id='word_1_94' title='bbox 555 1478 712 1569; x_wconf 75' lang='lat' dir='ltr'><strong>Vagatur</strong></span> <span class='ocrx_word' id='word_1_95' title='bbox 723 1477 880 1551; x_wconf 80' lang='lat' dir='ltr'><strong>Ecclesia</strong></span> <span class='ocrx_word' id='word_1_96' title='bbox 898 1482 991 1550; x_wconf 91' lang='lat' dir='ltr'><strong>inter</strong></span> <span class='ocrx_word' id='word_1_97' title='bbox 1007 1480 1188 1564; x_wconf 84' lang='lat' dir='ltr'><strong>diabolos,</strong></span> <span class='ocrx_word' id='word_1_98' title='bbox 1212 1493 1247 1551; x_wconf 90' lang='lat' dir='ltr'><strong>et</strong></span> <span class='ocrx_word' id='word_1_99' title='bbox 1259 1481 1351 1551; x_wconf 90' lang='lat' dir='ltr'><strong>inter</strong></span> <span class='ocrx_word' id='word_1_100' title='bbox 1365 1479 1433 1547; x_wconf 85' lang='lat' dir='ltr'><strong>im·</strong></span> <span class='ocrx_word' id='word_1_101' title='bbox 1483 1476 1843 1557; x_wconf 82' lang='lat' dir='ltr'><strong>commendabantur,</strong></span> <span class='ocrx_word' id='word_1_102' title='bbox 1864 1502 1939 1548; x_wconf 90' lang='lat' dir='ltr'><strong>non</strong></span> <span class='ocrx_word' id='word_1_103' title='bbox 1958 1478 2029 1550; x_wconf 88' lang='lat' dir='ltr'><strong>sint</strong></span> <span class='ocrx_word' id='word_1_104' title='bbox 2044 1481 2268 1574; x_wconf 87' lang='lat' dir='ltr'><strong>impudenter</strong></span> <span class='ocrx_word' id='word_1_105' title='bbox 2281 1494 2460 1587; x_wconf 81' lang='lat' dir='ltr'><strong>prolapsi?</strong></span> 
     </span>
     <span class='ocr_line' id='line_1_9' title="bbox 450 1571 2458 1675; baseline 0.008 -25"><span class='ocrx_word' id='word_1_106' title='bbox 450 1583 509 1675; x_wconf 91' lang='lat' dir='ltr'><strong>pia</strong></span> <span class='ocrx_word' id='word_1_107' title='bbox 531 1581 680 1671; x_wconf 89' lang='lat' dir='ltr'><strong>imperia</strong></span> <span class='ocrx_word' id='word_1_108' title='bbox 702 1580 742 1648; x_wconf 93' lang='lat' dir='ltr'><strong>in</strong></span> <span class='ocrx_word' id='word_1_109' title='bbox 761 1584 914 1665; x_wconf 91' lang='lat' dir='ltr'><strong>mundo,</strong></span> <span class='ocrx_word' id='word_1_110' title='bbox 938 1581 1028 1650; x_wconf 89' lang='lat' dir='ltr'><strong>sieut</strong></span> <span class='ocrx_word' id='word_1_111' title='bbox 1047 1580 1191 1669; x_wconf 87' lang='lat' dir='ltr'><strong>exiguus</strong></span> <span class='ocrx_word' id='word_1_112' title='bbox 1213 1604 1294 1670; x_wconf 85' lang='lat' dir='ltr'><strong>grex</strong></span> <span class='ocrx_word' id='word_1_113' title='bbox 1312 1579 1433 1649; x_wconf 89' lang='lat' dir='ltr'><strong>ovium</strong></span> <span class='ocrx_word' id='word_1_114' title='bbox 1483 1571 1575 1661; x_wconf 83' lang='lat' dir='ltr'><strong>Quis</strong></span> <span class='ocrx_word' id='word_1_115' title='bbox 1596 1579 1683 1645; x_wconf 92' lang='lat' dir='ltr'><strong>ordo</strong></span> <span class='ocrx_word' id='word_1_116' title='bbox 1706 1600 1727 1644; x_wconf 87' lang='lat' dir='ltr'><strong>a</strong></span> <span class='ocrx_word' id='word_1_117' title='bbox 1749 1577 1881 1648; x_wconf 87' lang='lat' dir='ltr'><strong>virtute</strong></span> <span class='ocrx_word' id='word_1_118' title='bbox 1902 1585 2077 1664; x_wconf 91' lang='lat' dir='ltr'><strong>veterum,</strong></span> <span class='ocrx_word' id='word_1_119' title='bbox 2103 1596 2138 1652; x_wconf 91' lang='lat' dir='ltr'><strong>et</strong></span> <span class='ocrx_word' id='word_1_120' title='bbox 2158 1584 2262 1657; x_wconf 88' lang='lat' dir='ltr'><strong>laude</strong></span> <span class='ocrx_word' id='word_1_121' title='bbox 2281 1594 2458 1666; x_wconf 90' lang='lat' dir='ltr'><strong>maiorum</strong></span> 
     </span>
     <span class='ocr_line' id='line_1_10' title="bbox 351 1674 2458 1771; baseline 0.006 -20"><span class='ocrx_word' id='word_1_122' title='bbox 351 1703 356 1721; x_wconf 77' lang='lat'>¹</span> <span class='ocrx_word' id='word_1_123' title='bbox 450 1685 545 1752; x_wconf 91' lang='lat' dir='ltr'><strong>inter</strong></span> <span class='ocrx_word' id='word_1_124' title='bbox 561 1681 670 1763; x_wconf 91' lang='lat' dir='ltr'><strong>multa</strong></span> <span class='ocrx_word' id='word_1_125' title='bbox 688 1680 855 1770; x_wconf 87' lang='lat' dir='ltr'><strong>luporum</strong></span> <span class='ocrx_word' id='word_1_126' title='bbox 872 1682 1028 1771; x_wconf 85' lang='lat' dir='ltr'><strong>agmina,</strong></span> <span class='ocrx_word' id='word_1_127' title='bbox 1051 1702 1115 1749; x_wconf 89' lang='lat' dir='ltr'><strong>nec</strong></span> <span class='ocrx_word' id='word_1_128' title='bbox 1132 1682 1351 1750; x_wconf 80' lang='lat' dir='ltr'><strong>defensorem</strong></span> <span class='ocrx_word' id='word_1_129' title='bbox 1367 1674 1432 1770; x_wconf 81' lang='lat' dir='ltr'><strong>ba·</strong></span> <span class='ocrx_word' id='word_1_130' title='bbox 1482 1696 1557 1744; x_wconf 90' lang='lat' dir='ltr'><strong>non</strong></span> <span class='ocrx_word' id='word_1_131' title='bbox 1585 1677 1736 1767; x_wconf 86' lang='lat' dir='ltr'><strong>turpiter</strong></span> <span class='ocrx_word' id='word_1_132' title='bbox 1763 1677 2007 1766; x_wconf 86' lang='lat' dir='ltr'><strong>degeneravit,</strong></span> <span class='ocrx_word' id='word_1_133' title='bbox 2035 1694 2071 1751; x_wconf 89' lang='lat' dir='ltr'><strong>et</strong></span> <span class='ocrx_word' id='word_1_134' title='bbox 2095 1682 2265 1771; x_wconf 84' lang='lat' dir='ltr'><strong>flagitiose</strong></span> <span class='ocrx_word' id='word_1_135' title='bbox 2287 1691 2458 1767; x_wconf 87' lang='lat' dir='ltr'><strong>descivit?</strong></span> 
     </span>
     <span class='ocr_line' id='line_1_11' title="bbox 449 1770 2456 1870; baseline 0.005 -15"><span class='ocrx_word' id='word_1_136' title='bbox 449 1785 513 1866; x_wconf 82' lang='lat' dir='ltr'><strong>bet</strong></span> <span class='ocrx_word' id='word_1_137' title='bbox 533 1794 666 1852; x_wconf 89' lang='lat' dir='ltr'><strong>certum</strong></span> <span class='ocrx_word' id='word_1_138' title='bbox 688 1780 758 1850; x_wconf 90' lang='lat' dir='ltr'><strong>nisi</strong></span> <span class='ocrx_word' id='word_1_139' title='bbox 777 1782 889 1850; x_wconf 84' lang='lat' dir='ltr'><strong>filium</strong></span> <span class='ocrx_word' id='word_1_140' title='bbox 902 1778 970 1850; x_wconf 86' lang='lat' dir='ltr'><strong>Dei</strong></span> <span class='ocrx_word' id='word_1_141' title='bbox 985 1770 1177 1851; x_wconf 77' lang='lat' dir='ltr'><strong>Dominum</strong></span> <span class='ocrx_word' id='word_1_142' title='bbox 1197 1783 1357 1853; x_wconf 87' lang='lat' dir='ltr'><strong>nost&#39;rum</strong></span> <span class='ocrx_word' id='word_1_143' title='bbox 1376 1777 1432 1848; x_wconf 88' lang='lat' dir='ltr'><strong>le·</strong></span> <span class='ocrx_word' id='word_1_144' title='bbox 1480 1788 1544 1845; x_wconf 81' lang='lat' dir='ltr'><strong>aut</strong></span> <span class='ocrx_word' id='word_1_145' title='bbox 1572 1775 1658 1867; x_wconf 91' lang='lat' dir='ltr'><strong>quid</strong></span> <span class='ocrx_word' id='word_1_146' title='bbox 1687 1776 1841 1870; x_wconf 91' lang='lat' dir='ltr'><strong>deniqne</strong></span> <span class='ocrx_word' id='word_1_147' title='bbox 1869 1779 1908 1846; x_wconf 91' lang='lat' dir='ltr'><strong>in</strong></span> <span class='ocrx_word' id='word_1_148' title='bbox 1936 1778 2008 1849; x_wconf 85' lang='lat' dir='ltr'><strong>vita</strong></span> <span class='ocrx_word' id='word_1_149' title='bbox 2032 1783 2212 1853; x_wconf 79' lang='lat' dir='ltr'><strong>communi</strong></span> <span class='ocrx_word' id='word_1_150' title='bbox 2237 1800 2272 1859; x_wconf 84' lang='lat' dir='ltr'><strong>et</strong></span> <span class='ocrx_word' id='word_1_151' title='bbox 2296 1795 2456 1866; x_wconf 86' lang='lat' dir='ltr'><strong>moribus</strong></span> 
     </span>
     <span class='ocr_line' id='line_1_12' title="bbox 453 1867 2455 1981; baseline 0.006 -27"><span class='ocrx_word' id='word_1_152' title='bbox 453 1907 530 1954; x_wconf 87' lang='lat' dir='ltr'><strong>sum</strong></span> <span class='ocrx_word' id='word_1_153' title='bbox 547 1878 749 1966; x_wconf 82' lang='lat' dir='ltr'><strong>Christum,</strong></span> <span class='ocrx_word' id='word_1_154' title='bbox 775 1881 978 1951; x_wconf 84' lang='lat' dir='ltr'><strong>crucifixum</strong></span> <span class='ocrx_word' id='word_1_155' title='bbox 999 1903 1064 1971; x_wconf 93' lang='lat' dir='ltr'><strong>pro</strong></span> <span class='ocrx_word' id='word_1_156' title='bbox 1082 1881 1185 1951; x_wconf 90' lang='lat' dir='ltr'><strong>nobis</strong></span> <span class='ocrx_word' id='word_1_157' title='bbox 1198 1896 1232 1953; x_wconf 90' lang='lat' dir='ltr'><strong>et</strong></span> <span class='ocrx_word' id='word_1_158' title='bbox 1246 1881 1431 1951; x_wconf 89' lang='lat' dir='ltr'><strong>resuscita·</strong></span> <span class='ocrx_word' id='word_1_159' title='bbox 1480 1867 1666 1943; x_wconf 79' lang='lat' dir='ltr'><strong>hominum</strong></span> <span class='ocrx_word' id='word_1_160' title='bbox 1693 1898 1841 1969; x_wconf 79' lang='lat' dir='ltr'><strong>usquam</strong></span> <span class='ocrx_word' id='word_1_161' title='bbox 1870 1878 2035 1969; x_wconf 86' lang='lat' dir='ltr'><strong>simplex,</strong></span> <span class='ocrx_word' id='word_1_162' title='bbox 2066 1881 2242 1974; x_wconf 86' lang='lat' dir='ltr'><strong>integrum</strong></span> <span class='ocrx_word' id='word_1_163' title='bbox 2271 1902 2306 1959; x_wconf 92' lang='lat' dir='ltr'><strong>et</strong></span> <span class='ocrx_word' id='word_1_164' title='bbox 2325 1914 2455 1981; x_wconf 86' lang='lat' dir='ltr'><strong>purum</strong></span> 
     </span>
     <span class='ocr_line' id='line_1_13' title="bbox 452 1968 1730 2076; baseline -0.003 -21"><span class='ocrx_word' id='word_1_165' title='bbox 452 1998 552 2076; x_wconf 82' lang='lat' dir='ltr'><strong>tum,</strong></span> <span class='ocrx_word' id='word_1_166' title='bbox 578 1982 641 2075; x_wconf 86' lang='lat' dir='ltr'><strong>qui</strong></span> <span class='ocrx_word' id='word_1_167' title='bbox 664 1981 795 2074; x_wconf 89' lang='lat' dir='ltr'><strong>inquit:</strong></span> <span class='ocrx_word' id='word_1_168' title='bbox 820 1980 933 2053; x_wconf 90' lang='lat' dir='ltr'><strong>Nemo</strong></span> <span class='ocrx_word' id='word_1_169' title='bbox 954 1968 1067 2072; x_wconf 77' lang='lat' dir='ltr'><strong>rapiet</strong></span> <span class='ocrx_word' id='word_1_170' title='bbox 1091 2004 1174 2051; x_wconf 88' lang='lat' dir='ltr'><strong>oves</strong></span> <span class='ocrx_word' id='word_1_171' title='bbox 1188 2006 1282 2054; x_wconf 92' lang='lat' dir='ltr'><strong>meas</strong></span> <span class='ocrx_word' id='word_1_172' title='bbox 1298 2005 1339 2052; x_wconf 83' lang='lat' dir='ltr'><strong>ex</strong></span> <span class='ocrx_word' id='word_1_173' title='bbox 1354 2004 1429 2050; x_wconf 90' lang='lat' dir='ltr'><strong>ma-</strong></span> <span class='ocrx_word' id='word_1_174' title='bbox 1479 1983 1531 2045; x_wconf 70' lang='lat' dir='ltr'><strong>est</strong></span> <span class='ocrx_word' id='word_1_175' title='bbox 1545 1975 1730 2045; x_wconf 79' lang='lat' dir='ltr'><strong>relictum?</strong></span> 
     </span>
     <span class='ocr_line' id='line_1_14' title="bbox 451 2074 2454 2179; baseline 0.014 -41"><span class='ocrx_word' id='word_1_176' title='bbox 451 2081 558 2155; x_wconf 54' lang='lat' dir='ltr'>nibus</span> <span class='ocrx_word' id='word_1_177' title='bbox 574 2082 673 2152; x_wconf 64' lang='lat' dir='ltr'><strong>meis,</strong></span> <span class='ocrx_word' id='word_1_178' title='bbox 1584 2074 1810 2166; x_wconf 85' lang='lat' dir='ltr'><strong>Quapropter</strong></span> <span class='ocrx_word' id='word_1_179' title='bbox 1827 2100 1979 2169; x_wconf 89' lang='lat' dir='ltr'><strong>peropus</strong></span> <span class='ocrx_word' id='word_1_180' title='bbox 2001 2096 2053 2155; x_wconf 89' lang='lat' dir='ltr'><strong>est</strong></span> <span class='ocrx_word' id='word_1_181' title='bbox 2074 2082 2301 2177; x_wconf 80' lang='lat' dir='ltr'><strong>Magistratus</strong></span> <span class='ocrx_word' id='word_1_182' title='bbox 2321 2116 2454 2179; x_wconf 89' lang='lat' dir='ltr'><strong>omnes,</strong></span> 
     </span>
     <span class='ocr_line' id='line_1_15' title="bbox 552 2174 2454 2284; baseline 0.007 -33"><span class='ocrx_word' id='word_1_183' title='bbox 552 2181 660 2252; x_wconf 89' lang='lat' dir='ltr'><strong>Hunc</strong></span> <span class='ocrx_word' id='word_1_184' title='bbox 688 2182 799 2253; x_wconf 84' lang='lat' dir='ltr'><strong>filium</strong></span> <span class='ocrx_word' id='word_1_185' title='bbox 821 2179 888 2252; x_wconf 90' lang='lat' dir='ltr'><strong>Dei</strong></span> <span class='ocrx_word' id='word_1_186' title='bbox 918 2177 1031 2278; x_wconf 74' lang='grc' dir='ltr'><em>λόγον</em></span> <span class='ocrx_word' id='word_1_187' title='bbox 1056 2177 1120 2252; x_wconf 78' lang='grc' dir='ltr'><strong>καὶ</strong></span> <span class='ocrx_word' id='word_1_188' title='bbox 1147 2175 1271 2255; x_wconf 71' lang='grc' dir='ltr'><strong><em>εἰκόνα</em></strong></span> <span class='ocrx_word' id='word_1_189' title='bbox 1292 2174 1429 2267; x_wconf 78' lang='grc' dir='ltr'><strong>ἀΐδιον,</strong></span> <span class='ocrx_word' id='word_1_190' title='bbox 1479 2190 1515 2247; x_wconf 91' lang='lat' dir='ltr'><strong>et</strong></span> <span class='ocrx_word' id='word_1_191' title='bbox 1543 2175 1652 2265; x_wconf 87' lang='lat' dir='ltr'><strong>alios,</strong></span> <span class='ocrx_word' id='word_1_192' title='bbox 1685 2176 1748 2269; x_wconf 88' lang='lat' dir='ltr'><strong>qui</strong></span> <span class='ocrx_word' id='word_1_193' title='bbox 1775 2174 1953 2269; x_wconf 86' lang='lat' dir='ltr'><strong>aliquibus</strong></span> <span class='ocrx_word' id='word_1_194' title='bbox 1981 2183 2146 2273; x_wconf 84' lang='lat' dir='ltr'><strong>privatim</strong></span> <span class='ocrx_word' id='word_1_195' title='bbox 2175 2205 2258 2261; x_wconf 91' lang='lat' dir='ltr'><strong>sunt</strong></span> <span class='ocrx_word' id='word_1_196' title='bbox 2279 2195 2454 2284; x_wconf 84' lang='lat' dir='ltr'><strong>praelecti,</strong></span> 
     </span>
     <span class='ocr_line' id='line_1_16' title="bbox 451 2272 2454 2377; baseline 0.005 -21"><span class='ocrx_word' id='word_1_197' title='bbox 451 2276 577 2356; x_wconf 79' lang='lat' dir='ltr'><strong>o&#39;ride&#39;ov</strong></span> <span class='ocrx_word' id='word_1_198' title='bbox 599 2278 754 2377; x_wconf 82' lang='grc' dir='ltr'><strong><em>πατρὸς,</em></strong></span> <span class='ocrx_word' id='word_1_199' title='bbox 786 2307 849 2353; x_wconf 92' lang='lat' dir='ltr'><strong>oro</strong></span> <span class='ocrx_word' id='word_1_200' title='bbox 872 2297 945 2354; x_wconf 89' lang='lat' dir='ltr'><strong>toto</strong></span> <span class='ocrx_word' id='word_1_201' title='bbox 963 2299 1122 2372; x_wconf 86' lang='lat' dir='ltr'><strong>pectore,</strong></span> <span class='ocrx_word' id='word_1_202' title='bbox 1147 2296 1188 2352; x_wconf 91' lang='lat' dir='ltr'><strong>ut</strong></span> <span class='ocrx_word' id='word_1_203' title='bbox 1201 2284 1274 2373; x_wconf 90' lang='lat' dir='ltr'><strong>ipse</strong></span> <span class='ocrx_word' id='word_1_204' title='bbox 1288 2293 1430 2370; x_wconf 90' lang='lat' dir='ltr'><strong>propter</strong></span> <span class='ocrx_word' id='word_1_205' title='bbox 1479 2272 1547 2347; x_wconf 93' lang='lat' dir='ltr'><strong>hoc</strong></span> <span class='ocrx_word' id='word_1_206' title='bbox 1569 2275 1834 2367; x_wconf 84' lang='lat' dir='ltr'><strong>corruptissimo</strong></span> <span class='ocrx_word' id='word_1_207' title='bbox 1856 2280 1992 2368; x_wconf 87' lang='lat' dir='ltr'><strong>seculo,</strong></span> <span class='ocrx_word' id='word_1_208' title='bbox 2021 2295 2055 2352; x_wconf 93' lang='lat' dir='ltr'><strong>et</strong></span> <span class='ocrx_word' id='word_1_209' title='bbox 2074 2283 2294 2377; x_wconf 91' lang='lat' dir='ltr'><strong>iniquissimo</strong></span> <span class='ocrx_word' id='word_1_210' title='bbox 2314 2318 2454 2367; x_wconf 90' lang='lat' dir='ltr'><strong>morum</strong></span> 
     </span>
     <span class='ocr_line' id='line_1_17' title="bbox 450 2376 2456 2476; baseline 0.006 -21"><span class='ocrx_word' id='word_1_211' title='bbox 450 2409 550 2456; x_wconf 91' lang='lat' dir='ltr'><strong>suam</strong></span> <span class='ocrx_word' id='word_1_212' title='bbox 566 2385 714 2473; x_wconf 91' lang='lat' dir='ltr'><strong>gloriam</strong></span> <span class='ocrx_word' id='word_1_213' title='bbox 730 2407 795 2452; x_wconf 90' lang='lat' dir='ltr'><strong>nos</strong></span> <span class='ocrx_word' id='word_1_214' title='bbox 809 2396 984 2474; x_wconf 89' lang='lat' dir='ltr'><strong>protegat,</strong></span> <span class='ocrx_word' id='word_1_215' title='bbox 1009 2406 1054 2449; x_wconf 90' lang='lat' dir='ltr'><strong>ne</strong></span> <span class='ocrx_word' id='word_1_216' title='bbox 1068 2381 1227 2451; x_wconf 88' lang='lat' dir='ltr'><strong>Tureicis</strong></span> <span class='ocrx_word' id='word_1_217' title='bbox 1242 2393 1302 2451; x_wconf 92' lang='lat' dir='ltr'><strong>aut</strong></span> <span class='ocrx_word' id='word_1_218' title='bbox 1315 2380 1429 2449; x_wconf 86' lang='lat' dir='ltr'><strong>civili·</strong></span> <span class='ocrx_word' id='word_1_219' title='bbox 1478 2390 1637 2469; x_wconf 89' lang='lat' dir='ltr'><strong>tempore</strong></span> <span class='ocrx_word' id='word_1_220' title='bbox 1661 2376 1826 2466; x_wconf 89' lang='lat' dir='ltr'><strong>evigilare</strong></span> <span class='ocrx_word' id='word_1_221' title='bbox 1840 2377 1976 2465; x_wconf 91' lang='lat' dir='ltr'><strong>studio,</strong></span> <span class='ocrx_word' id='word_1_222' title='bbox 2000 2396 2036 2453; x_wconf 89' lang='lat' dir='ltr'><strong>et</strong></span> <span class='ocrx_word' id='word_1_223' title='bbox 2051 2389 2255 2476; x_wconf 82' lang='lat' dir='ltr'><strong>expergisci,</strong></span> <span class='ocrx_word' id='word_1_224' title='bbox 2280 2406 2315 2463; x_wconf 92' lang='lat' dir='ltr'><strong>et</strong></span> <span class='ocrx_word' id='word_1_225' title='bbox 2329 2394 2373 2464; x_wconf 93' lang='lat' dir='ltr'><strong>de</strong></span> <span class='ocrx_word' id='word_1_226' title='bbox 2385 2410 2456 2467; x_wconf 88' lang='lat' dir='ltr'><strong>sta·</strong></span> 
     </span>
     <span class='ocr_line' id='line_1_18' title="bbox 450 2478 2455 2575; baseline 0.004 -21"><span class='ocrx_word' id='word_1_227' title='bbox 450 2487 521 2555; x_wconf 90' lang='lat' dir='ltr'><strong>bus</strong></span> <span class='ocrx_word' id='word_1_228' title='bbox 547 2485 648 2553; x_wconf 90' lang='lat' dir='ltr'><strong>bellis</strong></span> <span class='ocrx_word' id='word_1_229' title='bbox 677 2484 716 2552; x_wconf 92' lang='lat' dir='ltr'><strong>in</strong></span> <span class='ocrx_word' id='word_1_230' title='bbox 745 2480 800 2553; x_wconf 90' lang='lat' dir='ltr'><strong>his</strong></span> <span class='ocrx_word' id='word_1_231' title='bbox 827 2485 1050 2574; x_wconf 88' lang='lat' dir='ltr'><strong>regionibus,</strong></span> <span class='ocrx_word' id='word_1_232' title='bbox 1082 2481 1262 2551; x_wconf 88' lang='lat' dir='ltr'><strong>barbarica</strong></span> <span class='ocrx_word' id='word_1_233' title='bbox 1287 2480 1428 2551; x_wconf 88' lang='lat' dir='ltr'><strong>vastitas</strong></span> <span class='ocrx_word' id='word_1_234' title='bbox 1477 2479 1594 2562; x_wconf 90' lang='lat' dir='ltr'><strong>tione,</strong></span> <span class='ocrx_word' id='word_1_235' title='bbox 1626 2480 1665 2548; x_wconf 94' lang='lat' dir='ltr'><strong>in</strong></span> <span class='ocrx_word' id='word_1_236' title='bbox 1686 2501 1755 2570; x_wconf 89' lang='lat' dir='ltr'><strong>qua</strong></span> <span class='ocrx_word' id='word_1_237' title='bbox 1777 2478 1949 2550; x_wconf 89' lang='lat' dir='ltr'><strong>divinitus</strong></span> <span class='ocrx_word' id='word_1_238' title='bbox 1971 2497 2054 2554; x_wconf 89' lang='lat' dir='ltr'><strong>sunt</strong></span> <span class='ocrx_word' id='word_1_239' title='bbox 2075 2487 2251 2575; x_wconf 88' lang='lat' dir='ltr'><strong>collocati,</strong></span> <span class='ocrx_word' id='word_1_240' title='bbox 2276 2516 2323 2561; x_wconf 92' lang='lat' dir='ltr'><strong>ne</strong></span> <span class='ocrx_word' id='word_1_241' title='bbox 2344 2495 2455 2565; x_wconf 90' lang='lat' dir='ltr'><strong>mini-</strong></span> 
     </span>
     <span class='ocr_line' id='line_1_19' title="bbox 450 2575 2453 2683; baseline 0.006 -30"><span class='ocrx_word' id='word_1_242' title='bbox 450 2586 521 2657; x_wconf 86' lang='lat' dir='ltr'><strong>fiat.</strong></span> <span class='ocrx_word' id='word_1_243' title='bbox 571 2583 642 2655; x_wconf 87' lang='lat' dir='ltr'><strong>Sed</strong></span> <span class='ocrx_word' id='word_1_244' title='bbox 663 2599 778 2656; x_wconf 89' lang='lat' dir='ltr'><strong>servet</strong></span> <span class='ocrx_word' id='word_1_245' title='bbox 799 2585 892 2654; x_wconf 92' lang='lat' dir='ltr'><strong>inter</strong></span> <span class='ocrx_word' id='word_1_246' title='bbox 915 2604 979 2651; x_wconf 90' lang='lat' dir='ltr'><strong>nos</strong></span> <span class='ocrx_word' id='word_1_247' title='bbox 994 2575 1185 2650; x_wconf 89' lang='lat' dir='ltr'><strong>Ecclesiam</strong></span> <span class='ocrx_word' id='word_1_248' title='bbox 1205 2582 1320 2673; x_wconf 90' lang='lat' dir='ltr'><strong>ipsum</strong></span> <span class='ocrx_word' id='word_1_249' title='bbox 1335 2594 1427 2652; x_wconf 90' lang='lat' dir='ltr'><strong>recte</strong></span> <span class='ocrx_word' id='word_1_250' title='bbox 1478 2602 1576 2650; x_wconf 90' lang='lat' dir='ltr'><strong>mum</strong></span> <span class='ocrx_word' id='word_1_251' title='bbox 1596 2578 1740 2669; x_wconf 89' lang='lat' dir='ltr'><strong>quidem</strong></span> <span class='ocrx_word' id='word_1_252' title='bbox 1758 2577 1956 2667; x_wconf 89' lang='lat' dir='ltr'><strong>discedere,</strong></span> <span class='ocrx_word' id='word_1_253' title='bbox 1980 2596 2014 2653; x_wconf 89' lang='lat' dir='ltr'><strong>et</strong></span> <span class='ocrx_word' id='word_1_254' title='bbox 2031 2586 2148 2655; x_wconf 89' lang='lat' dir='ltr'><strong>omnia</strong></span> <span class='ocrx_word' id='word_1_255' title='bbox 2164 2589 2264 2680; x_wconf 84' lang='lat' dir='ltr'><strong>quasi</strong></span> <span class='ocrx_word' id='word_1_256' title='bbox 2281 2598 2453 2683; x_wconf 91' lang='lat' dir='ltr'><strong>especula</strong></span> 
     </span>
     <span class='ocr_line' id='line_1_20' title="bbox 451 2673 2454 2772; baseline 0.005 -19"><span class='ocrx_word' id='word_1_257' title='bbox 451 2684 685 2770; x_wconf 77' lang='lat' dir='ltr'><strong>invocantem,</strong></span> <span class='ocrx_word' id='word_1_258' title='bbox 713 2698 747 2755; x_wconf 90' lang='lat' dir='ltr'><strong>et</strong></span> <span class='ocrx_word' id='word_1_259' title='bbox 760 2696 856 2772; x_wconf 89' lang='lat' dir='ltr'><strong>regat</strong></span> <span class='ocrx_word' id='word_1_260' title='bbox 869 2673 1002 2752; x_wconf 83' lang='lat' dir='ltr'><strong>mentes</strong></span> <span class='ocrx_word' id='word_1_261' title='bbox 1017 2682 1230 2765; x_wconf 88' lang='lat' dir='ltr'><strong>docentium,</strong></span> <span class='ocrx_word' id='word_1_262' title='bbox 1252 2695 1293 2753; x_wconf 93' lang='lat' dir='ltr'><strong>ut</strong></span> <span class='ocrx_word' id='word_1_263' title='bbox 1307 2705 1427 2751; x_wconf 89' lang='lat' dir='ltr'><strong>omnes</strong></span> <span class='ocrx_word' id='word_1_264' title='bbox 1477 2678 1760 2769; x_wconf 88' lang='lat' dir='ltr'><strong>circumspicere,</strong></span> <span class='ocrx_word' id='word_1_265' title='bbox 1785 2690 1821 2748; x_wconf 87' lang='lat' dir='ltr'><strong>et</strong></span> <span class='ocrx_word' id='word_1_266' title='bbox 1842 2680 1999 2751; x_wconf 89' lang='lat' dir='ltr'><strong>animum</strong></span> <span class='ocrx_word' id='word_1_267' title='bbox 2021 2684 2060 2752; x_wconf 92' lang='lat' dir='ltr'><strong>in</strong></span> <span class='ocrx_word' id='word_1_268' title='bbox 2078 2711 2193 2758; x_wconf 89' lang='lat' dir='ltr'><strong>mores</strong></span> <span class='ocrx_word' id='word_1_269' title='bbox 2207 2692 2316 2762; x_wconf 87' lang='lat' dir='ltr'><strong>veluti</strong></span> <span class='ocrx_word' id='word_1_270' title='bbox 2333 2717 2454 2764; x_wconf 89' lang='lat' dir='ltr'><strong>arcum</strong></span> 
     </span>
     <span class='ocr_line' id='line_1_21' title="bbox 451 2778 2570 2879; baseline 0.003 -21"><span class='ocrx_word' id='word_1_271' title='bbox 451 2811 562 2859; x_wconf 89' lang='lat' dir='ltr'><strong>unum</strong></span> <span class='ocrx_word' id='word_1_272' title='bbox 578 2787 618 2855; x_wconf 92' lang='lat' dir='ltr'><strong>iu</strong></span> <span class='ocrx_word' id='word_1_273' title='bbox 635 2787 712 2877; x_wconf 92' lang='lat' dir='ltr'><strong>ipso</strong></span> <span class='ocrx_word' id='word_1_274' title='bbox 728 2784 855 2867; x_wconf 91' lang='lat' dir='ltr'><strong>simus,</strong></span> <span class='ocrx_word' id='word_1_275' title='bbox 881 2778 1007 2856; x_wconf 84' lang='lat' dir='ltr'><strong>Amen.</strong></span> <span class='ocrx_word' id='word_1_276' title='bbox 1057 2779 1152 2853; x_wconf 84' lang='lat' dir='ltr'><strong>Dixi.</strong></span> <span class='ocrx_word' id='word_1_277' title='bbox 1478 2778 1653 2848; x_wconf 87' lang='lat' dir='ltr'><strong>intentum</strong></span> <span class='ocrx_word' id='word_1_278' title='bbox 1675 2801 1812 2868; x_wconf 87' lang='lat' dir='ltr'><strong>semper</strong></span> <span class='ocrx_word' id='word_1_279' title='bbox 1830 2778 1978 2862; x_wconf 76' lang='lat' dir='ltr'><strong>habere.</strong></span> <span class='ocrx_word' id='word_1_280' title='bbox 2001 2795 2036 2853; x_wconf 74' lang='lat' dir='ltr'><strong>el</strong></span> <span class='ocrx_word' id='word_1_281' title='bbox 2051 2786 2135 2855; x_wconf 73' lang='lat' dir='ltr'><strong>vitia</strong></span> <span class='ocrx_word' id='word_1_282' title='bbox 2149 2792 2340 2879; x_wconf 82' lang='lat' dir='ltr'><strong>speculari,</strong></span> <span class='ocrx_word' id='word_1_283' title='bbox 2364 2807 2397 2864; x_wconf 92' lang='lat' dir='ltr'><strong>et</strong></span> <span class='ocrx_word' id='word_1_284' title='bbox 2414 2795 2453 2864; x_wconf 94' lang='lat' dir='ltr'><strong>in</strong></span> <span class='ocrx_word' id='word_1_285' title='bbox 2564 2807 2570 2814; x_wconf 89' lang='lat'>&#39;</span> 
     </span>
     <span class='ocr_line' id='line_1_22' title="bbox 999 2875 2518 2967; baseline 0.016 -27"><span class='ocrx_word' id='word_1_286' title='bbox 999 2918 1001 2922; x_wconf 30' lang='grc' dir='ltr'><strong>ι</strong></span> <span class='ocrx_word' id='word_1_287' title='bbox 1479 2877 1523 2944; x_wconf 89' lang='lat' dir='ltr'><strong>iis</strong></span> <span class='ocrx_word' id='word_1_288' title='bbox 1543 2875 1709 2944; x_wconf 88' lang='lat' dir='ltr'><strong>tollendis</strong></span> <span class='ocrx_word' id='word_1_289' title='bbox 1728 2901 1818 2967; x_wconf 90' lang='lat' dir='ltr'><strong>quae</strong></span> <span class='ocrx_word' id='word_1_290' title='bbox 1841 2880 1910 2947; x_wconf 91' lang='lat' dir='ltr'><strong>iam</strong></span> <span class='ocrx_word' id='word_1_291' title='bbox 1931 2881 1970 2948; x_wconf 89' lang='lat' dir='ltr'><strong>in</strong></span> <span class='ocrx_word' id='word_1_292' title='bbox 1989 2883 2061 2952; x_wconf 89' lang='lat' dir='ltr'><strong>vita</strong></span> <span class='ocrx_word' id='word_1_293' title='bbox 2081 2898 2116 2954; x_wconf 91' lang='lat' dir='ltr'><strong>et</strong></span> <span class='ocrx_word' id='word_1_294' title='bbox 2136 2892 2294 2963; x_wconf 88' lang='lat' dir='ltr'><strong>moribus</strong></span> <span class='ocrx_word' id='word_1_295' title='bbox 2314 2894 2453 2962; x_wconf 85' lang='lat' dir='ltr'><strong>insede-</strong></span> <span class='ocrx_word' id='word_1_296' title='bbox 2514 2956 2518 2965; x_wconf 94' lang='lat'><strong>.</strong></span> 
     </span>
     <span class='ocr_line' id='line_1_23' title="bbox 1478 2974 2453 3081; baseline 0.015 -35"><span class='ocrx_word' id='word_1_297' title='bbox 1478 2986 1582 3056; x_wconf 92' lang='lat' dir='ltr'><strong>runt,</strong></span> <span class='ocrx_word' id='word_1_298' title='bbox 1614 2985 1648 3042; x_wconf 92' lang='lat' dir='ltr'><strong>ct</strong></span> <span class='ocrx_word' id='word_1_299' title='bbox 1669 2996 1759 3064; x_wconf 89' lang='lat' dir='ltr'><strong>pene</strong></span> <span class='ocrx_word' id='word_1_300' title='bbox 1779 2974 2040 3064; x_wconf 89' lang='lat' dir='ltr'><strong>inveterarunt,</strong></span> <span class='ocrx_word' id='word_1_301' title='bbox 2069 2984 2123 3053; x_wconf 89' lang='lat' dir='ltr'><strong>uti</strong></span> <span class='ocrx_word' id='word_1_302' title='bbox 2145 2992 2328 3059; x_wconf 89' lang='lat' dir='ltr'><strong>severitate</strong></span> <span class='ocrx_word' id='word_1_303' title='bbox 2348 2992 2453 3081; x_wconf 91' lang='lat' dir='ltr'><strong>plane</strong></span> 
     </span>
     <span class='ocr_line' id='line_1_24' title="bbox 1479 3070 2453 3165; baseline 0.014 -18"><span class='ocrx_word' id='word_1_304' title='bbox 1479 3072 1661 3159; x_wconf 86' lang='lat' dir='ltr'><strong>censoria,</strong></span> <span class='ocrx_word' id='word_1_305' title='bbox 1684 3094 1774 3165; x_wconf 85' lang='lat' dir='ltr'><strong>quae</strong></span> <span class='ocrx_word' id='word_1_306' title='bbox 1794 3070 1872 3141; x_wconf 87' lang='lat' dir='ltr'><strong>iure</strong></span> <span class='ocrx_word' id='word_1_307' title='bbox 1889 3078 2036 3163; x_wconf 85' lang='lat' dir='ltr'><strong>pudoris</strong></span> <span class='ocrx_word' id='word_1_308' title='bbox 2052 3093 2086 3148; x_wconf 89' lang='lat' dir='ltr'><strong>et</strong></span> <span class='ocrx_word' id='word_1_309' title='bbox 2100 3086 2289 3156; x_wconf 85' lang='lat' dir='ltr'><strong>modestiae</strong></span> <span class='ocrx_word' id='word_1_310' title='bbox 2304 3084 2453 3161; x_wconf 85' lang='lat' dir='ltr'><strong>habetur</strong></span> 
     </span>
     <span class='ocr_line' id='line_1_25' title="bbox 450 3162 2498 3263; baseline 0.005 -14"><span class='ocrx_word' id='word_1_311' title='bbox 450 3182 520 3249; x_wconf 88' lang='lat' dir='ltr'><strong>No.</strong></span> <span class='ocrx_word' id='word_1_312' title='bbox 540 3162 624 3249; x_wconf 71' lang='lat'><strong>153.</strong></span> <span class='ocrx_word' id='word_1_313' title='bbox 1237 3204 1284 3243; x_wconf 84' lang='lat' dir='ltr'><strong>sn.</strong></span> <span class='ocrx_word' id='word_1_314' title='bbox 1308 3182 1404 3247; x_wconf 80' lang='lat'><strong>1556.</strong></span> <span class='ocrx_word' id='word_1_315' title='bbox 1478 3175 1661 3262; x_wconf 90' lang='lat' dir='ltr'><strong>magistra,</strong></span> <span class='ocrx_word' id='word_1_316' title='bbox 1686 3185 1721 3242; x_wconf 91' lang='lat' dir='ltr'><strong>et</strong></span> <span class='ocrx_word' id='word_1_317' title='bbox 1743 3170 1864 3251; x_wconf 88' lang='lat' dir='ltr'><strong>malis,</strong></span> <span class='ocrx_word' id='word_1_318' title='bbox 1889 3194 1979 3262; x_wconf 91' lang='lat' dir='ltr'><strong>quae</strong></span> <span class='ocrx_word' id='word_1_319' title='bbox 1996 3175 2147 3263; x_wconf 90' lang='lat' dir='ltr'><strong>plurima</strong></span> <span class='ocrx_word' id='word_1_320' title='bbox 2167 3204 2208 3249; x_wconf 86' lang='lat' dir='ltr'><strong>ex</strong></span> <span class='ocrx_word' id='word_1_321' title='bbox 2232 3178 2298 3253; x_wconf 88' lang='lat' dir='ltr'><strong>hae</strong></span> <span class='ocrx_word' id='word_1_322' title='bbox 2315 3188 2454 3261; x_wconf 89' lang='lat' dir='ltr'><strong>levitate</strong></span> <span class='ocrx_word' id='word_1_323' title='bbox 2496 3207 2498 3212; x_wconf 81' lang='grc'>’</span> 
     </span>
     <span class='ocr_line' id='line_1_26' title="bbox 458 3266 2454 3363; baseline 0.011 -27"><span class='ocrx_word' id='word_1_324' title='bbox 458 3269 630 3301; x_wconf 62' lang='lat'><strong>&#39;‘⁴&#39;‘</strong></span> <span class='ocrx_word' id='word_1_325' title='bbox 1213 3266 1424 3305; x_wconf 53' lang='grc' dir='ltr'><strong><em>Μ</em></strong></span> <span class='ocrx_word' id='word_1_326' title='bbox 1480 3287 1516 3343; x_wconf 88' lang='lat' dir='ltr'><strong>et</strong></span> <span class='ocrx_word' id='word_1_327' title='bbox 1527 3272 1676 3342; x_wconf 92' lang='lat' dir='ltr'><strong>libidine</strong></span> <span class='ocrx_word' id='word_1_328' title='bbox 1690 3269 1847 3363; x_wconf 84' lang='lat' dir='ltr'><strong>quotidie</strong></span> <span class='ocrx_word' id='word_1_329' title='bbox 1860 3285 2085 3361; x_wconf 85' lang='lat' dir='ltr'><strong>enascuntur,</strong></span> <span class='ocrx_word' id='word_1_330' title='bbox 2107 3280 2316 3353; x_wconf 87' lang='lat' dir='ltr'><strong>medicinam</strong></span> <span class='ocrx_word' id='word_1_331' title='bbox 2333 3310 2454 3358; x_wconf 87' lang='lat' dir='ltr'><strong>recen-</strong></span> 
     </span>
    </p>
   </div>
   <div class='ocr_carea' id='block_1_3' title="bbox 686 3358 2510 3572">
    <p class='ocr_par' dir='ltr' id='par_1_3' title="bbox 686 3358 2510 3572">
     <span class='ocr_line' id='line_1_27' title="bbox 686 3358 2510 3486; baseline 0.003 -32"><span class='ocrx_word' id='word_1_332' title='bbox 686 3399 762 3483; x_wconf 68' lang='lat' dir='ltr'><strong>De</strong></span> <span class='ocrx_word' id='word_1_333' title='bbox 789 3384 953 3486; x_wconf 57' lang='lat' dir='ltr'><strong><em>Schola</em></strong></span> <span class='ocrx_word' id='word_1_334' title='bbox 981 3398 1189 3484; x_wconf 51' lang='lat' dir='ltr'><strong>Roggoch·</strong></span> <span class='ocrx_word' id='word_1_335' title='bbox 1481 3373 1594 3458; x_wconf 90' lang='lat' dir='ltr'><strong>tibus,</strong></span> <span class='ocrx_word' id='word_1_336' title='bbox 1625 3373 1718 3465; x_wconf 91' lang='lat' dir='ltr'><strong>quod</strong></span> <span class='ocrx_word' id='word_1_337' title='bbox 1742 3370 1835 3441; x_wconf 84' lang='lat' dir='ltr'><strong>valet</strong></span> <span class='ocrx_word' id='word_1_338' title='bbox 1854 3370 2069 3463; x_wconf 88' lang='lat' dir='ltr'><strong>plurimum,</strong></span> <span class='ocrx_word' id='word_1_339' title='bbox 2090 3358 2270 3453; x_wconf 80' lang='lat' dir='ltr'><strong>adbibere.</strong></span> <span class='ocrx_word' id='word_1_340' title='bbox 2320 3384 2455 3475; x_wconf 84' lang='lat' dir='ltr'><strong>Quem·</strong></span> <span class='ocrx_word' id='word_1_341' title='bbox 2505 3426 2510 3435; x_wconf 60' lang='grc' dir='ltr'><strong>ι</strong></span> 
     </span>
     <span class='ocr_line' id='line_1_28' title="bbox 1480 3469 2455 3572; baseline -0.001 -30"><span class='ocrx_word' id='word_1_342' title='bbox 1480 3474 1671 3543; x_wconf 90' lang='lat' dir='ltr'><strong>admodum</strong></span> <span class='ocrx_word' id='word_1_343' title='bbox 1699 3483 1831 3540; x_wconf 87' lang='lat' dir='ltr'><strong>veteres</strong></span> <span class='ocrx_word' id='word_1_344' title='bbox 1858 3469 2214 3564; x_wconf 84' lang='lat' dir='ltr'><strong>Remmpublicarum</strong></span> <span class='ocrx_word' id='word_1_345' title='bbox 2242 3486 2455 3572; x_wconf 58' lang='lat' dir='ltr'><strong>gubernato.</strong></span> 
     </span>
    </p>
   </div>
   <div class='ocr_carea' id='block_1_4' title="bbox 521 3560 2456 3676">
    <p class='ocr_par' dir='ltr' id='par_1_4' title="bbox 521 3560 2456 3676">
     <span class='ocr_line' id='line_1_29' title="bbox 521 3560 2456 3676; baseline 0.009 -34"><span class='ocrx_word' id='word_1_346' title='bbox 521 3587 642 3642; x_wconf 73' lang='lat' dir='ltr'><strong>prodiit:</strong></span> <span class='ocrx_word' id='word_1_347' title='bbox 671 3589 799 3656; x_wconf 73' lang='lat' dir='ltr'><strong>„caune</strong></span> <span class='ocrx_word' id='word_1_348' title='bbox 823 3603 873 3638; x_wconf 75' lang='lat' dir='ltr'><strong>eur</strong></span> <span class='ocrx_word' id='word_1_349' title='bbox 895 3582 1002 3636; x_wconf 68' lang='lat' dir='ltr'><strong>actone</strong></span> <span class='ocrx_word' id='word_1_350' title='bbox 1026 3581 1125 3651; x_wconf 72' lang='lat' dir='ltr'><strong>philo..</strong></span> <span class='ocrx_word' id='word_1_351' title='bbox 1151 3560 1279 3648; x_wconf 70' lang='lat' dir='ltr'><strong>praesent</strong></span> <span class='ocrx_word' id='word_1_352' title='bbox 1296 3581 1324 3634; x_wconf 82' lang='lat' dir='ltr'><strong>tn</strong></span> <span class='ocrx_word' id='word_1_353' title='bbox 1343 3579 1430 3633; x_wconf 69' lang='lat' dir='ltr'><strong>tend.</strong></span> <span class='ocrx_word' id='word_1_354' title='bbox 1480 3594 1535 3641; x_wconf 89' lang='lat' dir='ltr'><strong>res</strong></span> <span class='ocrx_word' id='word_1_355' title='bbox 1556 3570 1699 3653; x_wconf 84' lang='lat' dir='ltr'><strong>secisse,</strong></span> <span class='ocrx_word' id='word_1_356' title='bbox 1723 3564 1794 3638; x_wconf 89' lang='lat' dir='ltr'><strong>hoc</strong></span> <span class='ocrx_word' id='word_1_357' title='bbox 1813 3570 1968 3657; x_wconf 88' lang='lat' dir='ltr'><strong>dietum,</strong></span> <span class='ocrx_word' id='word_1_358' title='bbox 1993 3578 2090 3666; x_wconf 89' lang='lat' dir='ltr'><strong>quod</strong></span> <span class='ocrx_word' id='word_1_359' title='bbox 2109 3602 2205 3651; x_wconf 89' lang='lat' dir='ltr'><strong>nunc</strong></span> <span class='ocrx_word' id='word_1_360' title='bbox 2229 3587 2334 3676; x_wconf 89' lang='lat' dir='ltr'><strong>vulgo</strong></span> <span class='ocrx_word' id='word_1_361' title='bbox 2350 3611 2456 3661; x_wconf 80' lang='lat' dir='ltr'><strong>usur·</strong></span> 
     </span>
    </p>
   </div>
   <div class='ocr_carea' id='block_1_5' title="bbox 550 3644 2454 3782">
    <p class='ocr_par' dir='ltr' id='par_1_5' title="bbox 550 3644 2454 3782">
     <span class='ocr_line' id='line_1_30' title="bbox 550 3644 2454 3782; baseline 0.012 -6"><span class='ocrx_word' id='word_1_362' title='bbox 550 3656 686 3776; x_wconf 63' lang='lat' dir='ltr'><strong>tacte</strong></span> <span class='ocrx_word' id='word_1_363' title='bbox 699 3644 1430 3782; x_wconf 57' lang='lat' dir='ltr'><strong>nt:falla.:nantelinusaaran</strong></span> <span class='ocrx_word' id='word_1_364' title='bbox 1478 3683 1599 3762; x_wconf 73' lang='grc' dir='ltr'><strong>ιιι</strong></span> <span class='ocrx_word' id='word_1_365' title='bbox 1623 3663 1680 3738; x_wconf 77' lang='grc' dir='ltr'><strong>ιι</strong></span> <span class='ocrx_word' id='word_1_366' title='bbox 1701 3669 1803 3738; x_wconf 80' lang='grc' dir='ltr'><strong>ιιι</strong></span> <span class='ocrx_word' id='word_1_367' title='bbox 1826 3673 1986 3743; x_wconf 82' lang='grc' dir='ltr'><strong>ιιιιι</strong></span> <span class='ocrx_word' id='word_1_368' title='bbox 2006 3676 2122 3747; x_wconf 85' lang='grc' dir='ltr'><strong>ιιι</strong></span> <span class='ocrx_word' id='word_1_369' title='bbox 2143 3680 2235 3771; x_wconf 75' lang='grc' dir='ltr'><strong>ιιι</strong></span> <span class='ocrx_word' id='word_1_370' title='bbox 2250 3703 2454 3772; x_wconf 85' lang='grc' dir='ltr'><strong>ιιιιι</strong></span> 
     </span>
    </p>
   </div>
   <div class='ocr_carea' id='block_1_6' title="bbox 543 3768 2455 3863">
    <p class='ocr_par' dir='ltr' id='par_1_6' title="bbox 543 3768 2455 3863">
     <span class='ocr_line' id='line_1_31' title="bbox 543 3768 2455 3863; baseline 0.014 -28"><span class='ocrx_word' id='word_1_371' title='bbox 543 3794 578 3845; x_wconf 73' lang='lat' dir='ltr'><strong>a.</strong></span> <span class='ocrx_word' id='word_1_372' title='bbox 601 3789 674 3862; x_wconf 57' lang='lat' dir='ltr'><strong>ppt,</strong></span> <span class='ocrx_word' id='word_1_373' title='bbox 702 3814 738 3827; x_wconf 92' lang='lat'><em>-</em></span> <span class='ocrx_word' id='word_1_374' title='bbox 773 3785 910 3838; x_wconf 62' lang='lat' dir='ltr'><strong>aerosum</strong></span> <span class='ocrx_word' id='word_1_375' title='bbox 935 3791 975 3834; x_wconf 75' lang='lat' dir='ltr'><strong>en</strong></span> <span class='ocrx_word' id='word_1_376' title='bbox 997 3780 1050 3834; x_wconf 75' lang='lat' dir='ltr'><strong>soe</strong></span> <span class='ocrx_word' id='word_1_377' title='bbox 1077 3778 1210 3848; x_wconf 76' lang='lat' dir='ltr'><strong>seriptum</strong></span> <span class='ocrx_word' id='word_1_378' title='bbox 1235 3798 1296 3834; x_wconf 77' lang='lat' dir='ltr'><strong>cum</strong></span> <span class='ocrx_word' id='word_1_379' title='bbox 1322 3780 1429 3848; x_wconf 72' lang='lat' dir='ltr'><strong>praet·-</strong></span> <span class='ocrx_word' id='word_1_380' title='bbox 1478 3782 1598 3861; x_wconf 88' lang='lat' dir='ltr'><strong>aperte</strong></span> <span class='ocrx_word' id='word_1_381' title='bbox 1616 3768 1791 3852; x_wconf 89' lang='lat' dir='ltr'><strong>declarat,</strong></span> <span class='ocrx_word' id='word_1_382' title='bbox 1811 3784 1845 3842; x_wconf 90' lang='lat' dir='ltr'><strong>et</strong></span> <span class='ocrx_word' id='word_1_383' title='bbox 1859 3771 1953 3863; x_wconf 89' lang='lat' dir='ltr'><strong>ipsos</strong></span> <span class='ocrx_word' id='word_1_384' title='bbox 1967 3775 2023 3845; x_wconf 90' lang='lat' dir='ltr'><strong>sni</strong></span> <span class='ocrx_word' id='word_1_385' title='bbox 2038 3781 2195 3851; x_wconf 91' lang='lat' dir='ltr'><strong>muneris</strong></span> <span class='ocrx_word' id='word_1_386' title='bbox 2209 3785 2382 3857; x_wconf 89' lang='lat' dir='ltr'><strong>rationem</strong></span> <span class='ocrx_word' id='word_1_387' title='bbox 2397 3814 2455 3862; x_wconf 91' lang='lat' dir='ltr'><strong>re-</strong></span> 
     </span>
    </p>
   </div>
   <div class='ocr_carea' id='block_1_7' title="bbox 549 3845 1974 3996">
    <p class='ocr_par' dir='ltr' id='par_1_7' title="bbox 549 3845 1974 3996">
     <span class='ocr_line' id='line_1_32' title="bbox 549 3845 1974 3996; baseline -0.014 -17"><span class='ocrx_word' id='word_1_388' title='bbox 549 3857 635 3982; x_wconf 72' lang='grc' dir='ltr'><strong>ιῒιῑ.</strong></span> <span class='ocrx_word' id='word_1_389' title='bbox 649 3847 948 3996; x_wconf 59' lang='lat' dir='ltr'><strong>l‘lelt‘lltit.</strong></span> <span class='ocrx_word' id='word_1_390' title='bbox 966 3845 1067 3970; x_wconf 74' lang='lat' dir='ltr'><strong>tlt.</strong></span> <span class='ocrx_word' id='word_1_391' title='bbox 1085 3863 1117 3982; x_wconf 78' lang='grc' dir='ltr'><strong>ι.</strong></span> <span class='ocrx_word' id='word_1_392' title='bbox 1130 3847 1429 3969; x_wconf 59' lang='lat' dir='ltr'><strong>{errarent</strong></span> <span class='ocrx_word' id='word_1_393' title='bbox 1477 3863 1778 3959; x_wconf 72' lang='grc' dir='ltr'><strong>ιιῑοιιιιι</strong></span> <span class='ocrx_word' id='word_1_394' title='bbox 1792 3871 1974 3961; x_wconf 63' lang='lat' dir='ltr'><strong>ann...</strong></span> 
     </span>
    </p>
   </div>
   <div class='ocr_carea' id='block_1_8' title="bbox 550 3967 2456 4176">
    <p class='ocr_par' dir='ltr' id='par_1_8' title="bbox 550 3967 2456 4176">
     <span class='ocr_line' id='line_1_33' title="bbox 550 3967 2453 4082; baseline 0.008 -33"><span class='ocrx_word' id='word_1_395' title='bbox 550 3995 619 4051; x_wconf 77' lang='lat' dir='ltr'><strong>Met.</strong></span> <span class='ocrx_word' id='word_1_396' title='bbox 636 3994 758 4047; x_wconf 87' lang='lat' dir='ltr'><strong>dedimus</strong></span> <span class='ocrx_word' id='word_1_397' title='bbox 776 3982 1251 4067; x_wconf 16' lang='lat' dir='ltr'><strong>inEpistolisldAEQDecbr.1554.</strong></span> <span class='ocrx_word' id='word_1_398' title='bbox 1271 4010 1300 4021; x_wconf 84' lang='lat'>-</span> <span class='ocrx_word' id='word_1_399' title='bbox 1321 3980 1350 4034; x_wconf 89' lang='lat' dir='ltr'><strong>ln</strong></span> <span class='ocrx_word' id='word_1_400' title='bbox 1364 3981 1428 4053; x_wconf 85' lang='lat' dir='ltr'><strong>Epi·</strong></span> <span class='ocrx_word' id='word_1_401' title='bbox 1581 3967 1673 4057; x_wconf 71' lang='lat' dir='ltr'><strong>Quis</strong></span> <span class='ocrx_word' id='word_1_402' title='bbox 1692 3970 1789 4038; x_wconf 75' lang='lat' dir='ltr'><strong>enlm</strong></span> <span class='ocrx_word' id='word_1_403' title='bbox 1813 3995 1889 4041; x_wconf 83' lang='lat' dir='ltr'><strong>non</strong></span> <span class='ocrx_word' id='word_1_404' title='bbox 1909 3975 2024 4058; x_wconf 73' lang='lat' dir='ltr'><strong>videi,</strong></span> <span class='ocrx_word' id='word_1_405' title='bbox 2047 3973 2086 4044; x_wconf 71' lang='lat' dir='ltr'><strong>ln</strong></span> <span class='ocrx_word' id='word_1_406' title='bbox 2107 3970 2174 4050; x_wconf 76' lang='lat' dir='ltr'><strong>hoc</strong></span> <span class='ocrx_word' id='word_1_407' title='bbox 2194 3980 2304 4057; x_wconf 65' lang='lat' dir='ltr'><strong>aneo</strong></span> <span class='ocrx_word' id='word_1_408' title='bbox 2319 3991 2453 4082; x_wconf 72' lang='lat' dir='ltr'><strong>Opllmo</strong></span> 
     </span>
     <span class='ocr_line' id='line_1_34' title="bbox 554 4047 2456 4176; baseline 0.017 -49"><span class='ocrx_word' id='word_1_409' title='bbox 554 4063 630 4117; x_wconf 71' lang='lat' dir='ltr'><strong>notu</strong></span> <span class='ocrx_word' id='word_1_410' title='bbox 660 4058 722 4114; x_wconf 71' lang='lat'>⁸2¹³·</span> <span class='ocrx_word' id='word_1_411' title='bbox 748 4063 924 4129; x_wconf 66' lang='lat' dir='ltr'><strong>r²¹⁸t¹⁰¹¹⁰f²</strong></span> <span class='ocrx_word' id='word_1_412' title='bbox 959 4049 1164 4108; x_wconf 73' lang='lat' dir='ltr'><strong>M⁸¹²¹¹¹¹¹⁰¹³⁸¹¹¹</strong></span> <span class='ocrx_word' id='word_1_413' title='bbox 1187 4047 1340 4104; x_wconf 73' lang='lat' dir='ltr'><strong>elaborasse</strong></span> <span class='ocrx_word' id='word_1_414' title='bbox 1361 4048 1431 4102; x_wconf 58' lang='grc' dir='ltr'><strong>Μ</strong></span> <span class='ocrx_word' id='word_1_415' title='bbox 1479 4067 1632 4137; x_wconf 85' lang='lat' dir='ltr'><strong>maximo</strong></span> <span class='ocrx_word' id='word_1_416' title='bbox 1648 4069 1870 4156; x_wconf 86' lang='lat' dir='ltr'><strong>magistratus</strong></span> <span class='ocrx_word' id='word_1_417' title='bbox 1883 4073 2139 4166; x_wconf 86' lang='lat' dir='ltr'><strong>rebuspublicis</strong></span> <span class='ocrx_word' id='word_1_418' title='bbox 2155 4104 2228 4154; x_wconf 88' lang='lat' dir='ltr'><strong>esse</strong></span> <span class='ocrx_word' id='word_1_419' title='bbox 2242 4091 2456 4176; x_wconf 81' lang='lat' dir='ltr'><strong>praefectos?</strong></span> 
     </span>
    </p>
   </div>
   <div class='ocr_carea' id='block_1_9' title="bbox 552 4131 2455 4280">
    <p class='ocr_par' dir='ltr' id='par_1_9' title="bbox 552 4131 2455 4280">
     <span class='ocr_line' id='line_1_35' title="bbox 552 4131 2455 4280; baseline 0.035 -82"><span class='ocrx_word' id='word_1_420' title='bbox 552 4131 715 4186; x_wconf 67' lang='lat' dir='ltr'><strong>annonem·</strong></span> <span class='ocrx_word' id='word_1_421' title='bbox 1480 4180 1515 4236; x_wconf 91' lang='lat' dir='ltr'><strong>et</strong></span> <span class='ocrx_word' id='word_1_422' title='bbox 1532 4167 1595 4248; x_wconf 88' lang='lat' dir='ltr'><strong>iis,</strong></span> <span class='ocrx_word' id='word_1_423' title='bbox 1617 4167 1807 4236; x_wconf 88' lang='lat' dir='ltr'><strong>etcaeteris</strong></span> <span class='ocrx_word' id='word_1_424' title='bbox 1822 4193 1962 4240; x_wconf 91' lang='lat' dir='ltr'><strong>morum</strong></span> <span class='ocrx_word' id='word_1_425' title='bbox 1977 4176 2151 4262; x_wconf 88' lang='lat' dir='ltr'><strong>magistris</strong></span> <span class='ocrx_word' id='word_1_426' title='bbox 2164 4184 2210 4252; x_wconf 87' lang='lat' dir='ltr'><strong>ab</strong></span> <span class='ocrx_word' id='word_1_427' title='bbox 2224 4188 2347 4258; x_wconf 89' lang='lat' dir='ltr'><strong>eodem</strong></span> <span class='ocrx_word' id='word_1_428' title='bbox 2362 4193 2455 4280; x_wconf 83' lang='lat' dir='ltr'><strong>leges</strong></span> 
     </span>
    </p>
   </div>
   <div class='ocr_carea' id='block_1_10' title="bbox 386 4264 2458 4559">
    <p class='ocr_par' dir='ltr' id='par_1_10' title="bbox 386 4264 2458 4559">
     <span class='ocr_line' id='line_1_36' title="bbox 455 4264 2457 4389; baseline -0.005 -5"><span class='ocrx_word' id='word_1_429' title='bbox 455 4315 579 4383; x_wconf 80' lang='lat' dir='ltr'><strong>Oratio</strong></span> <span class='ocrx_word' id='word_1_430' title='bbox 606 4299 808 4379; x_wconf 75' lang='lat' dir='ltr'><strong>Aeneide·</strong></span> <span class='ocrx_word' id='word_1_431' title='bbox 826 4300 1020 4369; x_wconf 68' lang='lat' dir='ltr'><strong>Boresti</strong></span> <span class='ocrx_word' id='word_1_432' title='bbox 1046 4295 1093 4366; x_wconf 91' lang='lat' dir='ltr'><strong>de</strong></span> <span class='ocrx_word' id='word_1_433' title='bbox 1110 4291 1311 4385; x_wconf 77' lang='lat' dir='ltr'><strong>discipline</strong></span> <span class='ocrx_word' id='word_1_434' title='bbox 1325 4289 1434 4364; x_wconf 57' lang='lat' dir='ltr'><strong>scleo-</strong></span> <span class='ocrx_word' id='word_1_435' title='bbox 1480 4264 1668 4381; x_wconf 57' lang='lat' dir='ltr'><strong>D⁸⁰²¹⁰352</strong></span> <span class='ocrx_word' id='word_1_436' title='bbox 1690 4266 1790 4383; x_wconf 48' lang='lat'><strong>‘1⁰³5</strong></span> <span class='ocrx_word' id='word_1_437' title='bbox 1805 4268 2236 4389; x_wconf 52' lang='lat' dir='ltr'><strong>¹¹⁰¹¹⁰Q⁸Ji¹³⁹h¹¹ffl³¹¹⁸⁸</strong></span> <span class='ocrx_word' id='word_1_438' title='bbox 2250 4291 2457 4360; x_wconf 56' lang='lat' dir='ltr'><strong>medam?</strong></span> 
     </span>
     <span class='ocr_line' id='line_1_37' title="bbox 386 4365 2458 4475; baseline 0.017 -51"><span class='ocrx_word' id='word_1_439' title='bbox 386 4372 393 4385; x_wconf 90' lang='lat'><strong>·</strong></span> <span class='ocrx_word' id='word_1_440' title='bbox 759 4405 821 4475; x_wconf 57' lang='lat' dir='ltr'><strong>lae</strong></span> <span class='ocrx_word' id='word_1_441' title='bbox 834 4392 1128 4470; x_wconf 52' lang='lat' dir='ltr'><strong>mmmmm</strong></span> <span class='ocrx_word' id='word_1_442' title='bbox 1297 4453 1302 4462; x_wconf 30' lang='grc' dir='ltr'><strong><em>Ι</em></strong></span> <span class='ocrx_word' id='word_1_443' title='bbox 1481 4366 1635 4457; x_wconf 83' lang='lat' dir='ltr'><strong>adquae</strong></span> <span class='ocrx_word' id='word_1_444' title='bbox 1656 4365 1875 4437; x_wconf 81' lang='lat' dir='ltr'><strong>rllrsuorum</strong></span> <span class='ocrx_word' id='word_1_445' title='bbox 1897 4393 2027 4441; x_wconf 79' lang='lat' dir='ltr'><strong>carrum</strong></span> <span class='ocrx_word' id='word_1_446' title='bbox 2048 4386 2082 4444; x_wconf 90' lang='lat' dir='ltr'><strong>et</strong></span> <span class='ocrx_word' id='word_1_447' title='bbox 2101 4377 2354 4472; x_wconf 90' lang='lat' dir='ltr'><strong>discipulorum</strong></span> <span class='ocrx_word' id='word_1_448' title='bbox 2377 4412 2458 4459; x_wconf 93' lang='lat' dir='ltr'><strong>mo·</strong></span> 
     </span>
     <span class='ocr_line' id='line_1_38' title="bbox 1482 4465 2456 4559; baseline 0.025 -24"><span class='ocrx_word' id='word_1_449' title='bbox 1482 4487 1555 4550; x_wconf 89' lang='lat' dir='ltr'><strong>res,</strong></span> <span class='ocrx_word' id='word_1_450' title='bbox 1579 4486 1653 4534; x_wconf 92' lang='lat' dir='ltr'><strong>non</strong></span> <span class='ocrx_word' id='word_1_451' title='bbox 1674 4465 1777 4536; x_wconf 91' lang='lat' dir='ltr'><strong>aliter</strong></span> <span class='ocrx_word' id='word_1_452' title='bbox 1796 4467 1837 4536; x_wconf 90' lang='lat' dir='ltr'><strong>in</strong></span> <span class='ocrx_word' id='word_1_453' title='bbox 1856 4465 1913 4539; x_wconf 88' lang='lat' dir='ltr'><strong>his</strong></span> <span class='ocrx_word' id='word_1_454' title='bbox 1936 4471 2027 4541; x_wconf 89' lang='lat' dir='ltr'><strong>vitae</strong></span> <span class='ocrx_word' id='word_1_455' title='bbox 2039 4478 2192 4548; x_wconf 89' lang='lat' dir='ltr'><strong>tenebris</strong></span> <span class='ocrx_word' id='word_1_456' title='bbox 2208 4494 2242 4552; x_wconf 92' lang='lat' dir='ltr'><strong>et</strong></span> <span class='ocrx_word' id='word_1_457' title='bbox 2256 4488 2382 4556; x_wconf 90' lang='lat' dir='ltr'><strong>mundi</strong></span> <span class='ocrx_word' id='word_1_458' title='bbox 2396 4513 2456 4559; x_wconf 91' lang='lat' dir='ltr'><strong>ca-</strong></span> 
     </span>
    </p>
   </div>
   <div class='ocr_carea' id='block_1_11' title="bbox 454 4561 2519 5950">
    <p class='ocr_par' dir='ltr' id='par_1_11' title="bbox 454 4561 2519 5950">
     <span class='ocr_line' id='line_1_39' title="bbox 454 4561 2456 4659; baseline 0.002 -9"><span class='ocrx_word' id='word_1_459' title='bbox 454 4570 504 4654; x_wconf 91' lang='lat' dir='ltr'><strong>ln</strong></span> <span class='ocrx_word' id='word_1_460' title='bbox 539 4574 607 4648; x_wconf 90' lang='lat' dir='ltr'><strong>hac</strong></span> <span class='ocrx_word' id='word_1_461' title='bbox 642 4587 794 4646; x_wconf 81' lang='lat' dir='ltr'><strong>extrema</strong></span> <span class='ocrx_word' id='word_1_462' title='bbox 825 4563 951 4636; x_wconf 90' lang='lat' dir='ltr'><strong>mnndi</strong></span> <span class='ocrx_word' id='word_1_463' title='bbox 979 4574 1116 4632; x_wconf 86' lang='lat' dir='ltr'><strong>senecta</strong></span> <span class='ocrx_word' id='word_1_464' title='bbox 1144 4585 1225 4631; x_wconf 91' lang='lat' dir='ltr'><strong>vere</strong></span> <span class='ocrx_word' id='word_1_465' title='bbox 1256 4561 1434 4650; x_wconf 86' lang='lat' dir='ltr'><strong>languida,</strong></span> <span class='ocrx_word' id='word_1_466' title='bbox 1482 4566 1591 4656; x_wconf 89' lang='lat' dir='ltr'><strong>ligine</strong></span> <span class='ocrx_word' id='word_1_467' title='bbox 1613 4566 1829 4655; x_wconf 73' lang='lat' dir='ltr'><strong>defigerent,</strong></span> <span class='ocrx_word' id='word_1_468' title='bbox 1854 4593 1894 4638; x_wconf 92' lang='lat' dir='ltr'><strong>ac</strong></span> <span class='ocrx_word' id='word_1_469' title='bbox 1915 4586 2041 4643; x_wconf 91' lang='lat' dir='ltr'><strong>nautae</strong></span> <span class='ocrx_word' id='word_1_470' title='bbox 2061 4574 2101 4642; x_wconf 88' lang='lat' dir='ltr'><strong>in</strong></span> <span class='ocrx_word' id='word_1_471' title='bbox 2119 4601 2218 4651; x_wconf 90' lang='lat' dir='ltr'><strong>caeca</strong></span> <span class='ocrx_word' id='word_1_472' title='bbox 2232 4597 2335 4655; x_wconf 91' lang='lat' dir='ltr'><strong>nocte</strong></span> <span class='ocrx_word' id='word_1_473' title='bbox 2351 4611 2456 4659; x_wconf 90' lang='lat' dir='ltr'><strong>sunm</strong></span> 
     </span>
     <span class='ocr_line' id='line_1_40' title="bbox 458 4660 2456 4773; baseline -0.001 -20"><span class='ocrx_word' id='word_1_474' title='bbox 458 4681 578 4754; x_wconf 86' lang='lat' dir='ltr'><strong>omnia</strong></span> <span class='ocrx_word' id='word_1_475' title='bbox 607 4677 747 4748; x_wconf 89' lang='lat' dir='ltr'><strong>ruinam</strong></span> <span class='ocrx_word' id='word_1_476' title='bbox 772 4693 845 4739; x_wconf 92' lang='lat' dir='ltr'><strong>non</strong></span> <span class='ocrx_word' id='word_1_477' title='bbox 868 4668 1015 4736; x_wconf 88' lang='lat' dir='ltr'><strong>obscure</strong></span> <span class='ocrx_word' id='word_1_478' title='bbox 1039 4660 1271 4746; x_wconf 89' lang='lat' dir='ltr'><strong>denunciant,</strong></span> <span class='ocrx_word' id='word_1_479' title='bbox 1302 4664 1433 4732; x_wconf 89' lang='lat' dir='ltr'><strong>multae</strong></span> <span class='ocrx_word' id='word_1_480' title='bbox 1482 4687 1624 4749; x_wconf 84' lang='lat' dir='ltr'><strong>cursum</strong></span> <span class='ocrx_word' id='word_1_481' title='bbox 1649 4670 1695 4737; x_wconf 90' lang='lat' dir='ltr'><strong>ad</strong></span> <span class='ocrx_word' id='word_1_482' title='bbox 1725 4663 1872 4753; x_wconf 84' lang='lat' dir='ltr'><strong>Helicen</strong></span> <span class='ocrx_word' id='word_1_483' title='bbox 1897 4683 1932 4741; x_wconf 89' lang='lat' dir='ltr'><strong>et</strong></span> <span class='ocrx_word' id='word_1_484' title='bbox 1959 4672 2169 4747; x_wconf 90' lang='lat' dir='ltr'><strong>clarissimos</strong></span> <span class='ocrx_word' id='word_1_485' title='bbox 2192 4676 2456 4773; x_wconf 69' lang='lat' dir='ltr'><strong>Septentriones</strong></span> 
     </span>
     <span class='ocr_line' id='line_1_41' title="bbox 458 4762 2457 4878; baseline 0.01 -42"><span class='ocrx_word' id='word_1_486' title='bbox 458 4783 570 4851; x_wconf 60' lang='lat' dir='ltr'><strong>malae</strong></span> <span class='ocrx_word' id='word_1_487' title='bbox 589 4793 700 4861; x_wconf 65' lang='lat' dir='ltr'><strong>artes,</strong></span> <span class='ocrx_word' id='word_1_488' title='bbox 724 4787 759 4844; x_wconf 84' lang='lat' dir='ltr'><strong>et</strong></span> <span class='ocrx_word' id='word_1_489' title='bbox 781 4769 878 4839; x_wconf 86' lang='lat' dir='ltr'><strong>varia</strong></span> <span class='ocrx_word' id='word_1_490' title='bbox 899 4786 1038 4834; x_wconf 90' lang='lat' dir='ltr'><strong>morum</strong></span> <span class='ocrx_word' id='word_1_491' title='bbox 1059 4763 1163 4846; x_wconf 86' lang='lat' dir='ltr'><strong>vitia,</strong></span> <span class='ocrx_word' id='word_1_492' title='bbox 1187 4775 1222 4832; x_wconf 89' lang='lat' dir='ltr'><strong>et</strong></span> <span class='ocrx_word' id='word_1_493' title='bbox 1238 4762 1434 4831; x_wconf 88' lang='lat' dir='ltr'><strong>communis</strong></span> <span class='ocrx_word' id='word_1_494' title='bbox 1483 4766 1611 4835; x_wconf 87' lang='lat' dir='ltr'><strong>solent.</strong></span> <span class='ocrx_word' id='word_1_495' title='bbox 1667 4762 1790 4858; x_wconf 86' lang='lat' dir='ltr'><strong>Aqua</strong></span> <span class='ocrx_word' id='word_1_496' title='bbox 1812 4769 1919 4839; x_wconf 86' lang='lat' dir='ltr'><strong>officii</strong></span> <span class='ocrx_word' id='word_1_497' title='bbox 1937 4795 2039 4855; x_wconf 90' lang='lat' dir='ltr'><strong>cura,</strong></span> <span class='ocrx_word' id='word_1_498' title='bbox 2068 4776 2132 4867; x_wconf 88' lang='lat' dir='ltr'><strong>qui</strong></span> <span class='ocrx_word' id='word_1_499' title='bbox 2153 4792 2216 4850; x_wconf 93' lang='lat' dir='ltr'><strong>aut</strong></span> <span class='ocrx_word' id='word_1_500' title='bbox 2235 4785 2457 4878; x_wconf 88' lang='lat' dir='ltr'><strong>voluptatum</strong></span> 
     </span>
     <span class='ocr_line' id='line_1_42' title="bbox 462 4861 2459 4977; baseline 0.003 -33"><span class='ocrx_word' id='word_1_501' title='bbox 462 4881 554 4948; x_wconf 70' lang='lat' dir='ltr'><strong>sitae</strong></span> <span class='ocrx_word' id='word_1_502' title='bbox 573 4874 808 4969; x_wconf 83' lang='lat' dir='ltr'><strong>corruptelae,</strong></span> <span class='ocrx_word' id='word_1_503' title='bbox 830 4867 946 4937; x_wconf 90' lang='lat' dir='ltr'><strong>indies</strong></span> <span class='ocrx_word' id='word_1_504' title='bbox 967 4861 1077 4952; x_wconf 87' lang='lat' dir='ltr'><strong>magis</strong></span> <span class='ocrx_word' id='word_1_505' title='bbox 1092 4886 1132 4931; x_wconf 85' lang='lat' dir='ltr'><strong>ac</strong></span> <span class='ocrx_word' id='word_1_506' title='bbox 1146 4861 1256 4949; x_wconf 88' lang='lat' dir='ltr'><strong>magis</strong></span> <span class='ocrx_word' id='word_1_507' title='bbox 1270 4862 1435 4932; x_wconf 85' lang='lat' dir='ltr'><strong>exoriun-</strong></span> <span class='ocrx_word' id='word_1_508' title='bbox 1483 4864 1678 4950; x_wconf 88' lang='lat' dir='ltr'><strong>illecebris,</strong></span> <span class='ocrx_word' id='word_1_509' title='bbox 1697 4878 1731 4934; x_wconf 89' lang='lat' dir='ltr'><strong>et</strong></span> <span class='ocrx_word' id='word_1_510' title='bbox 1750 4867 1908 4938; x_wconf 87' lang='lat' dir='ltr'><strong>dulcium</strong></span> <span class='ocrx_word' id='word_1_511' title='bbox 1924 4881 2042 4942; x_wconf 84' lang='lat' dir='ltr'><strong>rerum</strong></span> <span class='ocrx_word' id='word_1_512' title='bbox 2056 4878 2227 4968; x_wconf 89' lang='lat' dir='ltr'><strong>aucupio,</strong></span> <span class='ocrx_word' id='word_1_513' title='bbox 2251 4898 2313 4955; x_wconf 83' lang='lat' dir='ltr'><strong>aut</strong></span> <span class='ocrx_word' id='word_1_514' title='bbox 2328 4889 2459 4977; x_wconf 71' lang='lat' dir='ltr'><strong>privati</strong></span> 
     </span>
     <span class='ocr_line' id='line_1_43' title="bbox 462 4965 2459 5066; baseline 0.002 -24"><span class='ocrx_word' id='word_1_515' title='bbox 462 4991 543 5066; x_wconf 82' lang='lat' dir='ltr'><strong>tur,</strong></span> <span class='ocrx_word' id='word_1_516' title='bbox 566 4991 608 5046; x_wconf 89' lang='lat' dir='ltr'><strong>ut</strong></span> <span class='ocrx_word' id='word_1_517' title='bbox 624 4990 658 5046; x_wconf 89' lang='lat' dir='ltr'><strong>et</strong></span> <span class='ocrx_word' id='word_1_518' title='bbox 671 4975 759 5046; x_wconf 89' lang='lat' dir='ltr'><strong>boni</strong></span> <span class='ocrx_word' id='word_1_519' title='bbox 773 4971 841 5042; x_wconf 82' lang='lat' dir='ltr'><strong>viri</strong></span> <span class='ocrx_word' id='word_1_520' title='bbox 856 4986 978 5037; x_wconf 89' lang='lat' dir='ltr'><strong>omnes</strong></span> <span class='ocrx_word' id='word_1_521' title='bbox 994 4987 1067 5034; x_wconf 93' lang='lat' dir='ltr'><strong>uno</strong></span> <span class='ocrx_word' id='word_1_522' title='bbox 1082 4985 1143 5030; x_wconf 90' lang='lat' dir='ltr'><strong>ore</strong></span> <span class='ocrx_word' id='word_1_523' title='bbox 1160 4976 1436 5052; x_wconf 87' lang='lat' dir='ltr'><strong>conqueruntur,</strong></span> <span class='ocrx_word' id='word_1_524' title='bbox 1484 4965 1661 5034; x_wconf 91' lang='lat' dir='ltr'><strong>commodi</strong></span> <span class='ocrx_word' id='word_1_525' title='bbox 1689 4965 1824 5051; x_wconf 85' lang='lat' dir='ltr'><strong>studio,</strong></span> <span class='ocrx_word' id='word_1_526' title='bbox 1852 4982 1913 5038; x_wconf 90' lang='lat' dir='ltr'><strong>aut</strong></span> <span class='ocrx_word' id='word_1_527' title='bbox 1939 4970 2021 5061; x_wconf 86' lang='lat' dir='ltr'><strong>fuga</strong></span> <span class='ocrx_word' id='word_1_528' title='bbox 2041 4975 2204 5050; x_wconf 85' lang='lat' dir='ltr'><strong>laborum</strong></span> <span class='ocrx_word' id='word_1_529' title='bbox 2225 4997 2259 5054; x_wconf 82' lang='lat' dir='ltr'><strong>et</strong></span> <span class='ocrx_word' id='word_1_530' title='bbox 2279 4988 2459 5060; x_wconf 60' lang='lat' dir='ltr'><strong>molestia.</strong></span> 
     </span>
     <span class='ocr_line' id='line_1_44' title="bbox 462 5062 2459 5169; baseline 0 -21"><span class='ocrx_word' id='word_1_531' title='bbox 462 5093 499 5150; x_wconf 91' lang='lat' dir='ltr'><strong>et</strong></span> <span class='ocrx_word' id='word_1_532' title='bbox 525 5099 640 5145; x_wconf 89' lang='lat' dir='ltr'><strong>mores</strong></span> <span class='ocrx_word' id='word_1_533' title='bbox 660 5070 844 5143; x_wconf 88' lang='lat' dir='ltr'><strong>hominnm</strong></span> <span class='ocrx_word' id='word_1_534' title='bbox 868 5063 983 5136; x_wconf 89' lang='lat' dir='ltr'><strong>omnis</strong></span> <span class='ocrx_word' id='word_1_535' title='bbox 1005 5063 1141 5152; x_wconf 88' lang='lat' dir='ltr'><strong>generis</strong></span> <span class='ocrx_word' id='word_1_536' title='bbox 1161 5062 1273 5130; x_wconf 91' lang='lat' dir='ltr'><strong>multo</strong></span> <span class='ocrx_word' id='word_1_537' title='bbox 1297 5062 1435 5153; x_wconf 80' lang='lat' dir='ltr'><strong>elarim,</strong></span> <span class='ocrx_word' id='word_1_538' title='bbox 1484 5089 1563 5135; x_wconf 90' lang='lat' dir='ltr'><strong>rum</strong></span> <span class='ocrx_word' id='word_1_539' title='bbox 1594 5066 1836 5150; x_wconf 90' lang='lat' dir='ltr'><strong>abducuntur,</strong></span> <span class='ocrx_word' id='word_1_540' title='bbox 1864 5063 1903 5137; x_wconf 91' lang='lat' dir='ltr'><strong>hi</strong></span> <span class='ocrx_word' id='word_1_541' title='bbox 1932 5070 2050 5141; x_wconf 90' lang='lat' dir='ltr'><strong>locum</strong></span> <span class='ocrx_word' id='word_1_542' title='bbox 2077 5074 2116 5144; x_wconf 94' lang='lat' dir='ltr'><strong>in</strong></span> <span class='ocrx_word' id='word_1_543' title='bbox 2140 5103 2210 5169; x_wconf 87' lang='lat' dir='ltr'><strong>qno</strong></span> <span class='ocrx_word' id='word_1_544' title='bbox 2232 5105 2252 5150; x_wconf 92' lang='lat' dir='ltr'><strong>a</strong></span> <span class='ocrx_word' id='word_1_545' title='bbox 2274 5083 2351 5156; x_wconf 78' lang='lat' dir='ltr'><strong>Deo</strong></span> <span class='ocrx_word' id='word_1_546' title='bbox 2375 5103 2459 5161; x_wconf 68' lang='lat' dir='ltr'><strong>sunt</strong></span> 
     </span>
     <span class='ocr_line' id='line_1_45' title="bbox 462 5159 2459 5281; baseline 0.002 -38"><span class='ocrx_word' id='word_1_547' title='bbox 462 5201 571 5275; x_wconf 81' lang='lat' dir='ltr'><strong>quam</strong></span> <span class='ocrx_word' id='word_1_548' title='bbox 592 5174 731 5268; x_wconf 86' lang='lat' dir='ltr'><strong>publice</strong></span> <span class='ocrx_word' id='word_1_549' title='bbox 750 5169 904 5260; x_wconf 82' lang='lat' dir='ltr'><strong>expedit,</strong></span> <span class='ocrx_word' id='word_1_550' title='bbox 927 5176 1111 5236; x_wconf 87' lang='lat' dir='ltr'><strong>testantur.</strong></span> <span class='ocrx_word' id='word_1_551' title='bbox 1160 5159 1252 5229; x_wconf 91' lang='lat' dir='ltr'><strong>Nam</strong></span> <span class='ocrx_word' id='word_1_552' title='bbox 1272 5160 1303 5228; x_wconf 88' lang='lat' dir='ltr'><strong>si</strong></span> <span class='ocrx_word' id='word_1_553' title='bbox 1324 5161 1437 5250; x_wconf 90' lang='lat' dir='ltr'><strong>placet</strong></span> <span class='ocrx_word' id='word_1_554' title='bbox 1485 5164 1647 5246; x_wconf 88' lang='lat' dir='ltr'><strong>collocati</strong></span> <span class='ocrx_word' id='word_1_555' title='bbox 1674 5164 1860 5249; x_wconf 88' lang='lat' dir='ltr'><strong>deserunt,</strong></span> <span class='ocrx_word' id='word_1_556' title='bbox 1892 5182 1927 5239; x_wconf 92' lang='lat' dir='ltr'><strong>et</strong></span> <span class='ocrx_word' id='word_1_557' title='bbox 1952 5174 2157 5243; x_wconf 89' lang='lat' dir='ltr'><strong>mandatum</strong></span> <span class='ocrx_word' id='word_1_558' title='bbox 2179 5175 2246 5249; x_wconf 87' lang='lat' dir='ltr'><strong>Dei</strong></span> <span class='ocrx_word' id='word_1_559' title='bbox 2268 5187 2375 5273; x_wconf 91' lang='lat' dir='ltr'><strong>primi</strong></span> <span class='ocrx_word' id='word_1_560' title='bbox 2396 5215 2459 5281; x_wconf 72' lang='lat' dir='ltr'><strong>pa.</strong></span> 
     </span>
     <span class='ocr_line' id='line_1_46' title="bbox 462 5262 2459 5380; baseline -0.002 -28"><span class='ocrx_word' id='word_1_561' title='bbox 462 5275 749 5368; x_wconf 88' lang='lat' dir='ltr'><strong>circumspicere,</strong></span> <span class='ocrx_word' id='word_1_562' title='bbox 773 5285 806 5338; x_wconf 91' lang='lat' dir='ltr'><strong>et</strong></span> <span class='ocrx_word' id='word_1_563' title='bbox 827 5269 951 5346; x_wconf 87' lang='lat' dir='ltr'><strong>vitam,</strong></span> <span class='ocrx_word' id='word_1_564' title='bbox 977 5279 1011 5332; x_wconf 88' lang='lat' dir='ltr'><strong>et</strong></span> <span class='ocrx_word' id='word_1_565' title='bbox 1033 5284 1147 5330; x_wconf 86' lang='lat' dir='ltr'><strong>mores</strong></span> <span class='ocrx_word' id='word_1_566' title='bbox 1166 5275 1362 5348; x_wconf 89' lang='lat' dir='ltr'><strong>praesentes</strong></span> <span class='ocrx_word' id='word_1_567' title='bbox 1381 5262 1438 5330; x_wconf 89' lang='lat' dir='ltr'><strong>in·</strong></span> <span class='ocrx_word' id='word_1_568' title='bbox 1485 5263 1595 5333; x_wconf 87' lang='lat' dir='ltr'><strong>rentis</strong></span> <span class='ocrx_word' id='word_1_569' title='bbox 1614 5262 1727 5332; x_wconf 90' lang='lat' dir='ltr'><strong>instar</strong></span> <span class='ocrx_word' id='word_1_570' title='bbox 1740 5266 1939 5355; x_wconf 86' lang='lat' dir='ltr'><strong>negligunt,</strong></span> <span class='ocrx_word' id='word_1_571' title='bbox 1962 5283 1996 5338; x_wconf 91' lang='lat' dir='ltr'><strong>et</strong></span> <span class='ocrx_word' id='word_1_572' title='bbox 2012 5272 2249 5348; x_wconf 88' lang='lat' dir='ltr'><strong>obedientiam</strong></span> <span class='ocrx_word' id='word_1_573' title='bbox 2265 5281 2459 5380; x_wconf 77' lang='lat' dir='ltr'><strong>Cyclopum</strong></span> 
     </span>
     <span class='ocr_line' id='line_1_47' title="bbox 463 5362 2461 5475; baseline -0.005 -22"><span class='ocrx_word' id='word_1_574' title='bbox 463 5379 576 5464; x_wconf 89' lang='lat' dir='ltr'><strong>tueri,</strong></span> <span class='ocrx_word' id='word_1_575' title='bbox 598 5373 680 5470; x_wconf 87' lang='lat' dir='ltr'><strong>quis</strong></span> <span class='ocrx_word' id='word_1_576' title='bbox 701 5368 820 5439; x_wconf 82' lang='lat' dir='ltr'><strong>aetatis</strong></span> <span class='ocrx_word' id='word_1_577' title='bbox 841 5366 966 5455; x_wconf 84' lang='lat' dir='ltr'><strong>gradus</strong></span> <span class='ocrx_word' id='word_1_578' title='bbox 987 5387 1060 5431; x_wconf 92' lang='lat' dir='ltr'><strong>non</strong></span> <span class='ocrx_word' id='word_1_579' title='bbox 1084 5362 1185 5430; x_wconf 89' lang='lat' dir='ltr'><strong>valde</strong></span> <span class='ocrx_word' id='word_1_580' title='bbox 1205 5373 1359 5430; x_wconf 90' lang='lat' dir='ltr'><strong>mutatus</strong></span> <span class='ocrx_word' id='word_1_581' title='bbox 1377 5376 1439 5446; x_wconf 86' lang='lat' dir='ltr'><strong>est,</strong></span> <span class='ocrx_word' id='word_1_582' title='bbox 1487 5385 1584 5431; x_wconf 91' lang='lat' dir='ltr'><strong>more</strong></span> <span class='ocrx_word' id='word_1_583' title='bbox 1607 5363 1796 5448; x_wconf 88' lang='lat' dir='ltr'><strong>abiiciunt,</strong></span> <span class='ocrx_word' id='word_1_584' title='bbox 1822 5368 1951 5457; x_wconf 90' lang='lat' dir='ltr'><strong>quibus</strong></span> <span class='ocrx_word' id='word_1_585' title='bbox 1969 5371 2083 5441; x_wconf 87' lang='lat' dir='ltr'><strong>divini</strong></span> <span class='ocrx_word' id='word_1_586' title='bbox 2098 5381 2255 5450; x_wconf 88' lang='lat' dir='ltr'><strong>muneris</strong></span> <span class='ocrx_word' id='word_1_587' title='bbox 2270 5391 2461 5475; x_wconf 62' lang='lat' dir='ltr'><strong>proditori.</strong></span> 
     </span>
     <span class='ocr_line' id='line_1_48' title="bbox 464 5457 2462 5571; baseline 0.003 -18"><span class='ocrx_word' id='word_1_588' title='bbox 464 5496 500 5553; x_wconf 87' lang='lat' dir='ltr'><strong>et</strong></span> <span class='ocrx_word' id='word_1_589' title='bbox 514 5474 705 5571; x_wconf 88' lang='lat' dir='ltr'><strong>superioris</strong></span> <span class='ocrx_word' id='word_1_590' title='bbox 718 5467 825 5540; x_wconf 90' lang='lat' dir='ltr'><strong>seculi</strong></span> <span class='ocrx_word' id='word_1_591' title='bbox 839 5466 987 5532; x_wconf 86' lang='lat' dir='ltr'><strong>multum</strong></span> <span class='ocrx_word' id='word_1_592' title='bbox 1000 5459 1204 5533; x_wconf 87' lang='lat' dir='ltr'><strong>dissimilis?</strong></span> <span class='ocrx_word' id='word_1_593' title='bbox 1235 5457 1326 5547; x_wconf 86' lang='lat' dir='ltr'><strong>Quis</strong></span> <span class='ocrx_word' id='word_1_594' title='bbox 1337 5463 1438 5543; x_wconf 92' lang='lat' dir='ltr'><strong>ordo,</strong></span> <span class='ocrx_word' id='word_1_595' title='bbox 1486 5464 1572 5545; x_wconf 85' lang='lat' dir='ltr'><strong>bus,</strong></span> <span class='ocrx_word' id='word_1_596' title='bbox 1596 5460 1711 5548; x_wconf 88' lang='lat' dir='ltr'><strong>Deus,</strong></span> <span class='ocrx_word' id='word_1_597' title='bbox 1732 5466 1794 5557; x_wconf 90' lang='lat' dir='ltr'><strong>qui</strong></span> <span class='ocrx_word' id='word_1_598' title='bbox 1811 5466 1922 5537; x_wconf 89' lang='lat' dir='ltr'><strong>iustus</strong></span> <span class='ocrx_word' id='word_1_599' title='bbox 1937 5482 2005 5554; x_wconf 84' lang='lat' dir='ltr'><strong>est,</strong></span> <span class='ocrx_word' id='word_1_600' title='bbox 2030 5496 2105 5543; x_wconf 90' lang='lat' dir='ltr'><strong>non</strong></span> <span class='ocrx_word' id='word_1_601' title='bbox 2120 5482 2231 5570; x_wconf 86' lang='lat' dir='ltr'><strong>magis</strong></span> <span class='ocrx_word' id='word_1_602' title='bbox 2245 5488 2382 5556; x_wconf 85' lang='lat' dir='ltr'><strong>veniam</strong></span> <span class='ocrx_word' id='word_1_603' title='bbox 2400 5489 2462 5556; x_wconf 89' lang='lat' dir='ltr'><strong>de-</strong></span> 
     </span>
     <span class='ocr_line' id='line_1_49' title="bbox 465 5560 2462 5672; baseline 0.002 -19"><span class='ocrx_word' id='word_1_604' title='bbox 465 5596 500 5653; x_wconf 91' lang='lat' dir='ltr'><strong>et</strong></span> <span class='ocrx_word' id='word_1_605' title='bbox 515 5593 623 5650; x_wconf 86' lang='lat' dir='ltr'><strong>status</strong></span> <span class='ocrx_word' id='word_1_606' title='bbox 638 5571 824 5644; x_wconf 88' lang='lat' dir='ltr'><strong>bominum</strong></span> <span class='ocrx_word' id='word_1_607' title='bbox 839 5566 884 5634; x_wconf 92' lang='lat' dir='ltr'><strong>de</strong></span> <span class='ocrx_word' id='word_1_608' title='bbox 898 5563 1070 5632; x_wconf 89' lang='lat' dir='ltr'><strong>curriculo</strong></span> <span class='ocrx_word' id='word_1_609' title='bbox 1084 5561 1276 5645; x_wconf 85' lang='lat' dir='ltr'><strong>maiorum,</strong></span> <span class='ocrx_word' id='word_1_610' title='bbox 1295 5575 1329 5631; x_wconf 89' lang='lat' dir='ltr'><strong>et</strong></span> <span class='ocrx_word' id='word_1_611' title='bbox 1345 5576 1440 5632; x_wconf 90' lang='lat' dir='ltr'><strong>vete·</strong></span> <span class='ocrx_word' id='word_1_612' title='bbox 1487 5560 1563 5633; x_wconf 84' lang='lat' dir='ltr'><strong>licti</strong></span> <span class='ocrx_word' id='word_1_613' title='bbox 1585 5566 1731 5634; x_wconf 87' lang='lat' dir='ltr'><strong>daturus</strong></span> <span class='ocrx_word' id='word_1_614' title='bbox 1755 5579 1825 5648; x_wconf 87' lang='lat' dir='ltr'><strong>est,</strong></span> <span class='ocrx_word' id='word_1_615' title='bbox 1850 5592 1955 5660; x_wconf 89' lang='lat' dir='ltr'><strong>quam</strong></span> <span class='ocrx_word' id='word_1_616' title='bbox 1978 5567 2118 5645; x_wconf 87' lang='lat' dir='ltr'><strong>Adamo</strong></span> <span class='ocrx_word' id='word_1_617' title='bbox 2138 5600 2221 5649; x_wconf 92' lang='lat' dir='ltr'><strong>suae</strong></span> <span class='ocrx_word' id='word_1_618' title='bbox 2242 5582 2327 5672; x_wconf 89' lang='lat' dir='ltr'><strong>legis</strong></span> <span class='ocrx_word' id='word_1_619' title='bbox 2348 5599 2462 5657; x_wconf 90' lang='lat' dir='ltr'><strong>trans-</strong></span> 
     </span>
     <span class='ocr_line' id='line_1_50' title="bbox 468 5661 2461 5776; baseline 0.001 -25"><span class='ocrx_word' id='word_1_620' title='bbox 468 5705 545 5751; x_wconf 89' lang='lat' dir='ltr'><strong>rnm</strong></span> <span class='ocrx_word' id='word_1_621' title='bbox 566 5673 736 5748; x_wconf 88' lang='lat' dir='ltr'><strong>institutis</strong></span> <span class='ocrx_word' id='word_1_622' title='bbox 751 5690 824 5738; x_wconf 93' lang='lat' dir='ltr'><strong>non</strong></span> <span class='ocrx_word' id='word_1_623' title='bbox 840 5666 946 5752; x_wconf 80' lang='lat' dir='ltr'><strong>longe</strong></span> <span class='ocrx_word' id='word_1_624' title='bbox 959 5661 1096 5731; x_wconf 83' lang='lat' dir='ltr'><strong>dellesit</strong></span> <span class='ocrx_word' id='word_1_625' title='bbox 1111 5675 1146 5730; x_wconf 93' lang='lat' dir='ltr'><strong>et</strong></span> <span class='ocrx_word' id='word_1_626' title='bbox 1162 5662 1284 5751; x_wconf 88' lang='lat' dir='ltr'><strong>procul</strong></span> <span class='ocrx_word' id='word_1_627' title='bbox 1300 5664 1440 5731; x_wconf 88' lang='lat' dir='ltr'><strong>aberra-</strong></span> <span class='ocrx_word' id='word_1_628' title='bbox 1489 5664 1639 5752; x_wconf 89' lang='lat' dir='ltr'><strong>gressori</strong></span> <span class='ocrx_word' id='word_1_629' title='bbox 1660 5664 1774 5749; x_wconf 89' lang='lat' dir='ltr'><strong>dedit,</strong></span> <span class='ocrx_word' id='word_1_630' title='bbox 1798 5661 1848 5737; x_wconf 88' lang='lat' dir='ltr'><strong>Et</strong></span> <span class='ocrx_word' id='word_1_631' title='bbox 1870 5669 1898 5736; x_wconf 94' lang='lat' dir='ltr'><strong>si</strong></span> <span class='ocrx_word' id='word_1_632' title='bbox 1921 5664 1980 5738; x_wconf 90' lang='lat' dir='ltr'><strong>bic</strong></span> <span class='ocrx_word' id='word_1_633' title='bbox 2003 5674 2110 5744; x_wconf 87' lang='lat' dir='ltr'><strong>unius</strong></span> <span class='ocrx_word' id='word_1_634' title='bbox 2127 5680 2256 5764; x_wconf 88' lang='lat' dir='ltr'><strong>peccati</strong></span> <span class='ocrx_word' id='word_1_635' title='bbox 2272 5683 2372 5772; x_wconf 85' lang='lat' dir='ltr'><strong>culpa</strong></span> <span class='ocrx_word' id='word_1_636' title='bbox 2390 5700 2461 5776; x_wconf 71' lang='lat' dir='ltr'><strong>tam</strong></span> 
     </span>
     <span class='ocr_line' id='line_1_51' title="bbox 468 5760 2519 5862; baseline -0.002 -11"><span class='ocrx_word' id='word_1_637' title='bbox 468 5780 543 5852; x_wconf 84' lang='lat' dir='ltr'><strong>vit?</strong></span> <span class='ocrx_word' id='word_1_638' title='bbox 591 5776 664 5850; x_wconf 91' lang='lat' dir='ltr'><strong>Ubi</strong></span> <span class='ocrx_word' id='word_1_639' title='bbox 683 5770 803 5859; x_wconf 88' lang='lat' dir='ltr'><strong>senilis</strong></span> <span class='ocrx_word' id='word_1_640' title='bbox 822 5767 884 5837; x_wconf 89' lang='lat' dir='ltr'><strong>illa</strong></span> <span class='ocrx_word' id='word_1_641' title='bbox 902 5760 1053 5854; x_wconf 86' lang='lat' dir='ltr'><strong>gravitas</strong></span> <span class='ocrx_word' id='word_1_642' title='bbox 1071 5774 1107 5833; x_wconf 88' lang='lat' dir='ltr'><strong>et</strong></span> <span class='ocrx_word' id='word_1_643' title='bbox 1125 5760 1256 5845; x_wconf 83' lang='lat' dir='ltr'><strong>virtus,</strong></span> <span class='ocrx_word' id='word_1_644' title='bbox 1282 5787 1387 5855; x_wconf 86' lang='lat' dir='ltr'><strong>quam</strong></span> <span class='ocrx_word' id='word_1_645' title='bbox 1401 5763 1440 5833; x_wconf 89' lang='lat' dir='ltr'><strong>in</strong></span> <span class='ocrx_word' id='word_1_646' title='bbox 1490 5765 1669 5852; x_wconf 86' lang='lat' dir='ltr'><strong>acerbam,</strong></span> <span class='ocrx_word' id='word_1_647' title='bbox 1693 5777 1835 5860; x_wconf 85' lang='lat' dir='ltr'><strong>tamque</strong></span> <span class='ocrx_word' id='word_1_648' title='bbox 1854 5767 2113 5843; x_wconf 82' lang='lat' dir='ltr'><strong>formidabilem</strong></span> <span class='ocrx_word' id='word_1_649' title='bbox 2131 5778 2266 5846; x_wconf 81' lang='lat' dir='ltr'><strong>aeterni</strong></span> <span class='ocrx_word' id='word_1_650' title='bbox 2286 5778 2354 5856; x_wconf 80' lang='lat' dir='ltr'><strong>Dei</strong></span> <span class='ocrx_word' id='word_1_651' title='bbox 2373 5788 2463 5862; x_wconf 64' lang='lat' dir='ltr'><strong>imm</strong></span> <span class='ocrx_word' id='word_1_652' title='bbox 2516 5782 2519 5788; x_wconf 85' lang='lat'>&#39;</span> 
     </span>
     <span class='ocr_line' id='line_1_52' title="bbox 517 5861 1957 5950; baseline -0.008 0"><span class='ocrx_word' id='word_1_653' title='bbox 517 5882 694 5950; x_wconf 63' lang='lat' dir='ltr'><strong>mussan.</strong></span> <span class='ocrx_word' id='word_1_654' title='bbox 716 5873 819 5945; x_wconf 84' lang='lat' dir='ltr'><strong>Orrn.</strong></span> <span class='ocrx_word' id='word_1_655' title='bbox 843 5868 928 5940; x_wconf 62' lang='lat' dir='ltr'><strong>Vota·</strong></span> <span class='ocrx_word' id='word_1_656' title='bbox 941 5861 1021 5935; x_wconf 77' lang='lat' dir='ltr'><strong>XII·</strong></span> <span class='ocrx_word' id='word_1_657' title='bbox 1181 5909 1182 5912; x_wconf 28' lang='grc' dir='ltr'><strong>ι</strong></span> <span class='ocrx_word' id='word_1_658' title='bbox 1911 5871 1957 5940; x_wconf 84' lang='grc'><strong>11</strong></span> 
     </span>
    </p>
   </div>
   <div class='ocr_carea' id='block_1_12' title="bbox 0 0 3019 6772">
    <p class='ocr_par' dir='ltr' id='par_1_12' title="bbox 0 0 3019 6772">
     <span class='ocr_line' id='line_1_53' title="bbox 0 0 3019 6772; baseline 0 0"><span class='ocrx_word' id='word_1_659' title='bbox 0 0 3019 6772; x_wconf 95' lang='lat' dir='ltr'><strong> </strong></span> 
     </span>
    </p>
   </div>
  </div>
 </body>
</html>
