6025 6775
494 593 568 672 ms
1137 574 1396 652 putarant
1429 571 1872 651 Mantuanorum.
2443 593 2518 669 094

495 763 617 837 Primo
633 761 676 833 de
691 753 948 851 gubernatione
961 773 1092 826 rarum.
1141 746 1233 818 Nam
1247 748 1384 842 etiamsi
1398 771 1479 840 per·
1530 749 1763 840 temperantia
1782 748 1822 818 in
1845 749 1896 822 eis
1915 758 1987 839 est,
2011 752 2094 847 quia'
2117 767 2152 827 et
2164 777 2327 829 venerem
2340 764 2514 850 nesciunt,

495 867 624 951 mittat,
642 858 843 955 quodDeus
854 852 1050 929 condiderit
1059 873 1126 937 res,
1145 863 1265 920 tamen
1276 850 1408 919 offensa
1420 873 1479 919 ra·
1530 862 1564 917 et
1587 850 1692 920 mella
1713 852 1759 921 ad
1779 865 1941 923 nostmm
1964 875 2067 924 usum
2089 857 2292 933 conficiunt.
2353 858 2401 933 Et
2422 865 2513 936 sicut

496 970 569 1052 tio,
595 966 678 1058 quia
692 964 730 1031 in
745 961 878 1032 mundo
892 971 962 1028 tam
974 952 1228 1023 multa-iniuste
1240 951 1350 1040 liunt,
1375 963 1479 1039 negat
1529 950 1577 1018 ob
1601 941 1665 1019 has
1684 952 1831 1024 virtutes
1852 977 1927 1023 non
1946 954 2113 1027 dicuntur
2129 955 2357 1048 christianae,
2382 963 2431 1031 ita
2446 988 2511 1035 nec

485 1067 605 1140 aDeo
622 1086 677 1134 res
691 1060 891 1153 gubernari,
910 1057 971 1126 sed
983 1053 1147 1137 somniat,
1166 1047 1369 1145 quodDeus
1382 1074 1479 1121 nunc
1529 1042 1692 1120 homines
1712 1066 1796 1124 sunt
1817 1048 2002 1125 christiani
2024 1070 2170 1151 propter
2189 1060 2282 1130 solos
2296 1061 2418 1132 civiles
2434 1086 2511 1133 mo-

500 1160 762 1244 ociumhabeat,
782 1175 813 1229 et
829 1158 997 1228 sinatsuo
1008 1155 1161 1248 quodam
1170 1154 1304 1243 impetu
1315 1166 1478 1224 naturam
1527 1172 1603 1231 res,
1636 1153 1695 1220 sed
1726 1154 1808 1247 quia
1837 1157 2004 1241 credunt,
2037 1161 2132 1252 quod
2160 1173 2305 1252 propter
2327 1157 2510 1236 Christum

488 1268 606 1351 ierri,
631 1265 718 1333 sicut
738 1261 853 1343 laber,
878 1257 1087 1351 quinarem
1108 1253 1209 1334 iecit,
1230 1253 1294 1322 ubi
1314 1253 1478 1337 absolvit,
1519 1246 1625 1321 Deus
1649 1253 1753 1323 nobis
1777 1269 1918 1346 peecata
1935 1257 2192 1332 condonaverit
2210 1273 2244 1331 at
2257 1265 2433 1355 receperit
2443 1288 2509 1336 noe

492 1365 646 1439 discedit
666 1364 711 1430 ab
732 1383 773 1428 ea
795 1371 831 1428 et
852 1356 1041 1427 committit
1062 1377 1139 1424 eam
1158 1351 1325 1422 fluctibns
1341 1367 1381 1424 et
1401 1375 1477 1424 non
1526 1350 1566 1419 in
1582 1353 1744 1441 gratiam,
1765 1354 1994 1427 sieutltaulug
2007 1357 2073 1430 ait:
2098 1362 2313 1433 arbitramur
2328 1364 2510 1436 iustificari

456 1475 459 1479 ’
500 1470 669 1559 gubernat
684 1482 772 1531 eam.
821 1456 891 1526 Hic
903 1451 1104 1527 Christiana
1120 1452 1283 1524 doctrina
1297 1453 1477 1524 diversum
1527 1446 1701 1523 homines
1716 1479 1779 1546 per
1798 1456 1903 1525 fidem
1926 1457 2003 1527 sine
2024 1462 2191 1553 operibns
2215 1463 2311 1552 tegis,
2363 1460 2412 1536 Εῑ
2434 1467 2510 1557 pri,

488 1571 614 1643 docet,
640 1575 674 1632 et
695 1549 818 1630 monet
840 1578 926 1642 nos,
950 1580 995 1625 ne
1019 1571 1082 1647 ptr
1101 1549 1365 1646 philosophiam
1380 1553 1477 1623 deci-
1526 1573 1606 1621 mae
1625 1549 1896 1627 Corinthiorum
1926 1560 2058 1649 primo:
2091 1586 2165 1632 non
2197 1563 2369 1653 glorietur
2391 1567 2509 1636 omnis

494 1667 648 1760 piamun.
692 1660 790 1731 Turn
805 1657 898 1728 fallit
911 1650 1150 1748 philosophia,
1176 1656 1318 1747 quando
1334 1655 1378 1724 de
1389 1651 1478 1738 Deo,
1528 1675 1609 1721 caro
1633 1654 1671 1721 in
1685 1670 1874 1749 conspectu
1889 1658 1983 1746 eius,
2009 1685 2050 1732 er
2066 1662 2144 1754 ipsu
2159 1678 2275 1734 aurem
2292 1686 2355 1733 vos
2369 1666 2452 1736 0311,
2468 1667 2509 1736 3„

494 1779 558 1838 aut
578 1766 622 1834 de
634 1762 702 1834 Dei
725 1758 887 1830 consiliis·
901 1757 1028 1849 incipit
1041 1756 1213 1826 iudicare:
1240 1755 1323 1848 quia
1339 1754 1477 1824 anima·
1526 1746 1670 1823 Christo
1687 1750 1785 1842 Iesu,
1810 1758 1873 1850 qni
1888 1760 2000 1831 factus
2014 1774 2067 1835 est
2081 1765 2185 1834 nobis
2200 1764 2370 1854 sapientia
2386 1763 2509 1853 aDeo,

494 1867 542 1937 lis
562 1861 670 1936 homo
689 1885 764 1930 non
779 1860 929 1951 percipit
945 1883 1004 1939 ea,
1026 1880 1116 1951 quae
1130 1855 1201 1927 Dei
1215 1867 1308 1929 sunt.
1357 1853 1479 1944 Signi·
1528 1865 1562 1922 et
1583 1851 1722 1924 iusticia
1748 1867 1783 1925 et
1803 1859 2029 1934 sanctificatio
2050 1875 2085 1934 et
2110 1865 2316 1956 redemptio.
2383 1864 2509 1960 Neque

495 1968 711 2038 instantem
734 1959 899 2032 animalis
921 1953 1027 2028 homo
1042 1971 1154 2029 totam
1170 1968 1332 2026 naturam
1349 1978 1476 2045 corpo-
1526 1975 1612 2023 vero
1636 1954 1731 2025 tollit
1753 1948 1946 2028 christiana
1965 1963 2127 2034 docuina
2147 1964 2268 2036 civiles
2287 1989 2421 2052 mores,
2446 1971 2509 2038 sed

496 2067 629 2149 ralem,
654 2086 730 2134 non
752 2071 987 2132 renovatama
1002 2058 1128 2149 spiritu
1143 2069 1274 2128 sancto.
1325 2052 1392 2124 Illa
1408 2056 1477 2125 ita·
1528 2075 1587 2123 eos
1612 2054 1738 2145 exigit,
1765 2067 1800 2126 et
1823 2050 2087 2152 philosophiam
2110 2087 2170 2134 seu
2185 2064 2358 2135 rationem
2373 2069 2509 2158 praeci-

394 2155 401 2167 ’
495 2190 566 2262 que
590 2179 717 2236 natura
739 2159 930 2253 corporalis
950 2154 1044 2228 nihil
1067 2170 1180 2249 potest
1199 2158 1244 2225 de
1259 2153 1326 2225 Dei
1347 2155 1477 2224 volun·
1526 2154 1683 2245 pientern
1706 2157 1750 2225 de
1772 2156 1938 2229 civilibus
1960 2161 2120 2233 moribus
2141 2166 2330 2255 approbat,
2363 2168 2452 2239 sicut
2474 2183 2510 2239 et

430 2332 434 2339 .
494 2282 567 2340 tate
583 2264 780 2347 adfirmem,
804 2271 1045 2355 quaetantum
1061 2259 1210 2329 discitur
1223 2279 1266 2324 ex
1279 2256 1388 2325 verbo
1398 2253 1477 2340 Dei,
1527 2254 1648 2323 civiles
1669 2257 1891 2346 magistratus
1915 2261 2116 2352 approbat,¹
2136 2276 2172 2331 et
2193 2277 2357 2352 testatur,
2382 2291 2419 2338 se
2443 2290 2509 2340 au·

495 2363 723 2440 sicutEsaias
740 2363 809 2447 ait,
832 2362 877 2430 ad
895 2361 1008 2450 legem
1023 2359 1114 2429 etad
1129 2356 1386 2440 testimonium,
1412 2355 1475 2448 qui
1525 2349 1665 2424 thorem
1689 2379 1763 2427 esse
1787 2357 1947 2429 civilium
1970 2361 2253 2448 ordinationum,
2278 2363 2431 2438 Romam
2446 2368 2509 2438 de-

495 2492 575 2540 non
588 2465 715 2556 dixerit
729 2462 924 2533 secundum
937 2460 1103 2543 verbum,
1127 2452 1212 2529 huic
1226 2480 1301 2525 non
1316 2456 1383 2526 erit
1398 2478 1475 2524 ma·
1526 2454 1618 2524 eima
1639 2458 1763 2527 tertio:
1796 2460 1935 2545 omnia,
1965 2484 2056 2555 quae
2076 2463 2239 2534 ordinata
2262 2478 2363 2551 sunt,
2387 2491 2407 2539 a
2430 2465 2507 2539 Deo

496 2566 697 2642 tntinaloa.
748 2561 841 2635 Sunt
856 2562 963 2649 igitur
977 2558 1169 2630 sententiae
1184 2569 1297 2627 certae
1312 2556 1473 2625 etmani-
1526 2556 1691 2628 ordinata
1712 2572 1806 2632 sunt.
1855 2556 1904 2632 Et
1924 2562 1970 2631 ab
1990 2558 2047 2632 his
2069 2564 2131 2656 qui
2152 2586 2226 2634 non
2247 2559 2379 2638 hahent
2401 2569 2508 2660 spiri.

496 2667 606 2738 festae
637 2687 678 2735 ex
705 2664 880 2754 scriptura
905 2659 1101 2749 eligendae,
1132 2657 1261 2751 quibus
1288 2656 1476 2741 discamus,
1524 2666 1601 2725 turn
1624 2672 1806 2744 sanctum,
1837 2671 1955 2730 tamen
1979 2663 2106 2752 exigit,
2138 2677 2179 2735 ut
2204 2665 2388 2738 frenentur
2412 2669 2509 2738 civili

493 2789 572 2838 non
592 2767 700 2835 modo
720 2758 904 2832 resaDeo
922 2760 1188 2848 conditasesse,
1213 2757 1396 2827 sedetiam
1409 2778 1475 2845 gu-
1525 2755 1674 2826 iusticia.
1726 2758 1775 2830 Ut
1797 2759 1884 2829 dicit
1903 2757 2051 2831 Paulus:
2078 2765 2135 2832 lex
2157 2778 2207 2834 est
2227 2766 2367 2837 iniustis
2385 2770 2509 2860 posita.

493 2866 659 2951 berneri,
684 2862 799 2934 Deum
819 2858 997 2929 nosalere
1010 2882 1050 2927 ac
1065 2872 1196 2946 tegere,
1221 2857 1308 2926 alios
1324 2879 1475 2940 servare,
1526 2853 1631 2925 item:
1658 2859 1711 2926 lex
1734 2869 1786 2930 est
1808 2860 2037 2949 paedagogus.
2084 2860 2215 2932 sedin
2238 2868 2508 2939 eodissentiunt

494 2969 585 3040 alios
614 2964 763 3057 punire,
794 2983 859 3030 nec
887 2959 1083 3029 discessisse
1106 2959 1226 3029 Dium
1255 2970 1425 3050 tanquam
1453 2979 1474 3025 a
1526 2955 1615 3024 ratio
1635 2970 1669 3026 et
1684 2955 1939 3054 Evangelium,
1964 2961 2059 3052 quod
2076 2956 2309 3051 Evangelium
2330 2982 2433 3055 negat
2456 2967 2507 3037 ci.

394 3060 395 3064 *
494 3068 579 3139 navi
597 3066 757 3149 fabrum,
780 3061 840 3133 sed
863 3083 983 3149 regere
1001 3081 1056 3129 res
1074 3059 1165 3130 sicut
1181 3059 1395 3149 gubernator
1410 3079 1475 3126 na-
1525 3055 1632 3125 vilem
1650 3057 1823 3126 iusticiam
1837 3060 1920 3128 satis
1935 3083 2008 3128 esse
2023 3085 2140 3131 coram
2156 3063 2246 3150 Deo.

495 3192 577 3241 sem
598 3167 688 3256 regit
708 3161 884 3256 praesenti
900 3162 1053 3254 quadam
1070 3162 1244 3245 motione,
1266 3172 1308 3229 nt
1322 3158 1475 3251 probant
1627 3155 1752 3226 Tertio
1773 3157 1927 3244 fallitur,
1960 3159 1992 3229 si
2014 3173 2115 3253 putat
2136 3163 2309 3234 rationem
2334 3166 2418 3236 satis
2442 3163 2509 3241 ha-

496 3265 564 3341 hae
577 3265 787 3352 sententiae,
809 3255 985 3333 Matthaei
999 3274 1111 3331 serto:
1135 3258 1241 3332 Pater
1253 3272 1387 3342 vester,
1411 3258 1476 3353 qui
1527 3259 1610 3327 bere
1632 3258 1762 3326 virium
1778 3281 1820 3354 ex
1835 3281 1897 3330 sua
1913 3273 2039 3332 natura
2054 3274 2177 3334 contra
2193 3264 2302 3346 vicia,
2327 3285 2392 3336 nec
2410 3269 2508 3340 videt

498 3381 552 3444 est
572 3367 611 3439 in
631 3367 758 3455 coelis,
783 3361 896 3458 pascit
910 3363 984 3439 illa.
1035 3356 1210 3433 Matthaei
1225 3360 1377 3431 decimo:
1402 3362 1474 3431 duo
1528 3379 1616 3448 opus
1639 3381 1712 3428 esse
1732 3358 1860 3450 spiritu
1882 3374 2023 3447 sancto,
2049 3363 2109 3452 qui
2125 3377 2159 3437 et
2175 3366 2282 3436 corda
2299 3368 2423 3439 reddat
2438 3395 2509 3462 pu-

495 3493 652 3566 passeres
673 3490 748 3541 assa
769 3477 944 3551 veneunt,
967 3477 1003 3536 et
1023 3487 1117 3535 unns
1138 3456 1272 3535 exiliis
1288 3485 1362 3532 non
1377 3462 1477 3531 cadet
1526 3461 1641 3542 riora,
1666 3472 1702 3529 et
1725 3473 1820 3549 regat
1836 3484 1920 3546 nos,
1945 3486 1991 3531 ne
2008 3465 2064 3533 vel
2080 3466 2126 3535 ab
2142 3466 2345 3539 infirmitate
2361 3482 2508 3540 naturae

499 3593 605 3662 super
630 3583 757 3640 terram
777 3568 854 3637 sine
875 3579 974 3658 patre
993 3576 1121 3635 vestro.
1173 3561 1317 3633 loannis
1333 3560 1475 3654 quinto:
1528 3560 1585 3631 vel
1607 3556 1759 3629 Diabolo
1791 3562 2064 3653 praecipitemur
2090 3565 2129 3634 in
2154 3567 2339 3639 manifesta
2362 3569 2509 3659 flagicia.

499 3670 606 3742 Pater
627 3688 725 3740 mens
743 3691 853 3761 usque
874 3668 981 3737 modo
998 3678 1185 3757 operatur,
1209 3675 1244 3732 et
1259 3684 1323 3753 ego
1336 3684 1477 3752 operor.
1528 3658 1598 3732 Sed
1615 3655 1849 3750 Evangelium
1872 3663 1991 3747 docet,
2015 3689 2075 3734 cor
2097 3688 2170 3737 esse
2192 3667 2371 3758 impurum
2392 3683 2427 3739 et
2451 3694 2509 3741 ar-

497 3765 664 3863 Eph.1.:
710 3781 875 3861 operatur
909 3766 1030 3837 omnia
1065 3765 1259 3836 secundum
1289 3761 1475 3833 consilinm
1529 3763 1612 3831 dere
1642 3763 1942 3854 concupiscentia:
1976 3761 2085 3846 ltem,
2118 3767 2301 3837 diabolum
2332 3771 2436 3840 nobis
2458 3772 2509 3842 ita

480 3868 692 3943 ¹voluntatis
720 3890 815 3943 suae.
870 3865 1082 3942 Coloss.1.:
1116 3864 1236 3936 omnis
1266 3887 1329 3956 per
1360 3862 1476 3954 ipsum
1529 3860 1708 3948 insidiari,
1733 3876 1773 3932 ut
1793 3862 1896 3933 etiam
1923 3864 1962 3933 in
1979 3866 2162 3937 manifesta
2176 3868 2309 3959 flagitia
2326 3868 2510 3960 pertrahit.
2546 3947 2552 3955 ,

495 3972 706 4045 consistunt.
757 3966 928 4041 Actorum
948 3966 1022 4040 17.:
1048 3965 1185 4057 inipso
1206 3963 1377 4045 vivimus,
1398 3986 1478 4032 rno-
1529 3961 1614 4033 Ideo
1629 3963 1802 4053 promittit
1820 3963 1984 4055 spiritum
2001 3980 2173 4051 sanctum,
2199 3970 2262 4060 qui
2276 3973 2381 4040 corda
2393 3961 2509 4059 trans-

495 4096 622 4145 vemur
644 4086 678 4144 et
696 4093 829 4143 snmus.
879 4066 1092 4142 Patmos:
1118 4087 1242 4135 omnes
1262 4063 1337 4134 aiae
1361 4058 1478 4132 homi·
1528 4065 1677 4147 formet,
1709 4076 1812 4150 regat,
1836 4075 1870 4130 et
1899 4065 2070 4151 gubernet
2094 4091 2170 4141 nos.
2244 4064 2414 4141 Iohannis
2433 4070 2508 4142 to:

495 4198 583 4246 ntrrn
604 4185 725 4268 patent
749 4168 862 4243 oeulis
885 4170 973 4244 eius.
1021 4164 1281 4239 Proverh.16.:
1316 4166 1420 4234 dante
1443 4175 1478 4231 te
1529 4166 1605 4233 sine
1627 4186 1684 4230 me
1706 4163 1799 4231 nihil
1823 4163 1965 4250 potestis
1987 4164 2112 4240 iacere.
2168 4164 2216 4239 Et
2238 4168 2345 4242 Rom.
2360 4172 2411 4244 8.:
2447 4175 2511 4265 qui

495 4276 580 4362 illis,
604 4275 783 4367 colligent.
834 4268 885 4342 Et
899 4271 938 4339 in
953 4269 1115 4340 oratione
1130 4266 1328 4339 dominica:
1351 4284 1478 4355 panem
1531 4264 1657 4352 spiritu
1673 4260 1739 4330 Dei
1757 4262 2017 4350 aguntur,'lilii
2031 4263 2101 4337 Dei
2113 4280 2207 4342 sunt.
2252 4268 2377 4358 Qualis
2392 4287 2511 4343 autem

497 4388 658 4445 nostrum
674 4372 923 4469 quotidianum
939 4369 985 4438 da
1000 4368 1106 4438 nobis
1121 4364 1239 4436 hodie.
1350 4456 1354 4463 Ι
1531 4365 1575 4433 sit
1604 4358 1730 4447 homo,
1763 4375 1799 4433 et
1828 4385 1899 4456 quo
1928 4377 2007 4436 ruat
2035 4367 2192 4438 desertus
2222 4392 2241 4437 a
2265 4367 2362 4454 Deo,
2393 4372 2511 4444 Saulis

600 4472 761 4547 Secundo
789 4483 884 4546 errat
911 4460 1136 4561 philosophia
1157 4469 1201 4535 de
1221 4464 1480 4547 iustificatione,
1531 4462 1730 4554 exemplum
1758 4464 1923 4538 ostendit.
1982 4464 2042 4538 Sic
2070 4468 2179 4558 igitur
2199 4464 2424 4560 philosophia
2448 4496 2511 4544 seu

500 4570 531 4641 ai
549 4581 700 4660 statuat,
722 4580 841 4667 coram
856 4568 1037 4645 Deo-satis
1050 4589 1124 4637 esse
1138 4567 1277 4638 civilem
1294 4563 1480 4637 iusticiam.
1531 4565 1704 4634 iudicium
1725 4565 1872 4637 rationis
1893 4567 1937 4635 de
1959 4567 2081 4637 divina
2103 4568 2284 4641 voluntate
2307 4568 2401 4642 nihil
2424 4576 2512 4645 certi

500 4670 550 4742 At
565 4665 753 4745 christiana
766 4676 924 4749 doctrina
937 4673 1057 4764 docet,
1082 4666 1256 4740 iusticiam
1272 4688 1390 4736 coram
1403 4663 1479 4735 Deo
1531 4666 1717 4736 adfirmare
1732 4678 1861 4757 potest,
1886 4668 1946 4737 sed
1963 4669 2145 4740 denatura
2159 4692 2277 4742 rerum
2294 4672 2409 4767 deque
2423 4675 2514 4744 civi-

489 4771 607 4857 ¹tidem
630 4791 705 4839 esse
723 4772 965 4849 inchristum.
1014 4765 1063 4842 Et
1076 4770 1167 4841 sicut
1181 4768 1220 4837 in
1236 4769 1362 4861 apibus
1375 4778 1480 4836 natu-
1531 4768 1625 4837 libus
1637 4769 1796 4838 moribus
1810 4781 1902 4839 recte
1916 4768 2072 4840 iudicare
2086 4782 2209 4862 potest.
2260 4771 2380 4861 Quare
2393 4791 2514 4846 errant

501 4872 592 4942 mles
613 4871 762 4944 virtutes
783 4898 857 4947 non
876 4877 1038 4949 efficiunt
1055 4893 1113 4941 eas
1129 4866 1337 4941 christianas
1350 4881 1411 4938 aut
1424 4866 1481 4935 iu·
1533 4868 1595 4961 qui
1616 4891 1657 4937 er
1676 4869 1814 4941 ratione
1829 4882 1890 4941 aut
1905 4865 2129 4964 philosophia
2146 4872 2305 4944 iudicant
2319 4875 2363 4945 de
2379 4878 2513 4947 doctri-

502 4984 572 5039 stas
595 4995 716 5042 coram
733 4969 828 5059 Deo,
852 4978 901 5048 sic
920 5001 986 5048 nec
1009 4973 1130 5044 civiles
1154 4993 1269 5041 mores
1293 4991 1354 5038 seu
1377 4980 1483 5037 natu·
1533 4992 1580 5039 na
1608 4963 1810 5043 christiana.
1875 4967 1951 5043 lmo
1978 4994 2078 5064 saepe
2099 4996 2226 5063 magna
2247 4988 2299 5046 est
2319 4978 2513 5048 consolatio

502 5071 594 5140 rales
613 5072 762 5144 virtutes
784 5095 850 5143 nos
864 5077 997 5150 iaciunt
1010 5077 1122 5147 iustos
1135 5095 1253 5153 corarn
1267 5067 1357 5140 Deo.
1407 5065 1484 5138 Ha·
1533 5069 1687 5162 piorum,
1713 5069 1807 5162 quod
1821 5093 1895 5140 non
1909 5096 1949 5142 ex
1961 5073 2110 5144 rationis
2120 5077 2399 5148 nostraeiudicio
2411 5076 2515 5148 aesti-

501 5171 588 5242 bent
601 5194 683 5264 apes
695 5174 920 5266 prudentiam
935 5178 1017 5270 quia
1029 5190 1119 5248 tecta
1132 5182 1342 5246 construunt
1351 5180 1386 5238 ct
1398 5191 1484 5238 con·
1535 5169 1665 5238 manda
1685 5182 1737 5237 est
1759 5169 1923 5244 voluntas
1941 5169 2029 5257 Dei,
2058 5186 2100 5244 nt
2122 5174 2258 5266 quoties
2279 5177 2323 5246 de
2349 5179 2515 5250 iustifica-

443 5288 446 5293 ’
502 5272 655 5344 stitnunt
669 5274 937 5366 rempublicam.
985 5270 1376 5355 Habentetiostieiam‚
1401 5268 1485 5363 quia
1536 5271 1634 5339 tione
1664 5268 1859 5359 cogitamus
1886 5271 1994 5358 scire,
2027 5276 2123 5365 quod
2142 5272 2238 5346 Deus
2269 5279 2380 5348 solam
2410 5280 2516 5349 iidem

497 5375 576 5444 suis
607 5376 750 5465 regibus
780 5375 1048 5467 diligentissime
1075 5382 1328 5469 obtemperant.
1396 5367 1486 5440 item
1537 5371 1687 5461 imputet
1707 5392 1772 5462 pro
1786 5370 1943 5453 iusticia,
1969 5373 2116 5445 mirifice
2129 5376 2332 5449 consolatur
2347 5381 2517 5451 animum.

502 5474 627 5545 iuvant
649 5499 687 5546 se
710 5493 858 5562 mutuo,
884 5476 1003 5545 levant
1022 5494 1128 5547 onere
1149 5480 1273 5562 fessae,
1295 5472 1367 5545 avi
1380 5484 1414 5542 et
1430 5472 1488 5540 in·
1537 5468 1697 5542 Rursum
1719 5473 1822 5543 etiam
1847 5490 1966 5546 emant
1990 5469 2049 5555 hi,
2076 5477 2138 5569 qni
2152 5476 2385 5568 aspernantur
2401 5475 2519 5571 philo-
2575 5511 2584 5515 ·

501 5575 608 5646 iuriis
623 5578 821 5653 abstinent:
849 5574 914 5650 Est
929 5576 967 5645 in
981 5576 1078 5646 eisee
1093 5579 1180 5649 mim
1196 5576 1380 5659 fortitudo,
1405 5570 1489 5683 quia
1541 5568 1701 5664 sophiam
1734 5573 1947 5646 iudicantem
1971 5576 2017 5646 de
2041 5572 2261 5650 naturalibus
2279 5581 2404 5653 rebust
2438 5603 2522 5648 nam

505 5679 674 5749 acerrime
698 5680 871 5754 dimicant
893 5700 974 5750 cum
995 5675 1096 5751 breis.
1160 5679 1342 5753 Postremo
1362 5696 1490 5767 magna
1509 5709 1519 5773 p
1541 5674 1579 5745 id
1594 5687 1646 5746 est
1661 5675 1895 5747 condemnere
1907 5676 1975 5748 Dei
1993 5679 2130 5752 donum
2145 5702 2225 5751 enm
2245 5678 2410 5750 omnibns
2427 5702 2525 5752 crea·

1842 5770 1923 5851 tt·
