<?xml version="1.0" encoding="UTF-8"?>
<!DOCTYPE html PUBLIC "-//W3C//DTD XHTML 1.0 Transitional//EN"
    "http://www.w3.org/TR/xhtml1/DTD/xhtml1-transitional.dtd">
<html xmlns="http://www.w3.org/1999/xhtml" xml:lang="en" lang="en">
 <head>
  <title>
</title>
<meta http-equiv="Content-Type" content="text/html;charset=utf-8" />
  <meta name='ocr-system' content='tesseract 3.04.00' />
  <meta name='ocr-capabilities' content='ocr_page ocr_carea ocr_par ocr_line ocrx_word'/>
</head>
<body>
  <div class='ocr_page' id='page_1' title='image "./philippimelanth12melagoog/philippimelanth12melagoog_0245.png"; bbox 0 0 6025 6775; ppageno 0'>
   <div class='ocr_carea' id='block_1_1' title="bbox 431 645 2467 744">
    <p class='ocr_par' dir='ltr' id='par_1_1' title="bbox 431 645 2467 744">
     <span class='ocr_line' id='line_1_1' title="bbox 431 645 2467 744; baseline 0.003 -6"><span class='ocrx_word' id='word_1_1' title='bbox 431 662 508 738; x_wconf 75' lang='grc'>189</span> <span class='ocrx_word' id='word_1_2' title='bbox 1070 657 1335 734; x_wconf 85' lang='lat' dir='ltr'><strong>PHILIPPI</strong></span> <span class='ocrx_word' id='word_1_3' title='bbox 1376 645 1831 733; x_wconf 83' lang='lat' dir='ltr'>MELANTHONIS.</span> <span class='ocrx_word' id='word_1_4' title='bbox 2389 667 2467 744; x_wconf 76' lang='grc'>470</span> 
     </span>
    </p>
   </div>
   <div class='ocr_carea' id='block_1_2' title="bbox 426 826 2464 4169">
    <p class='ocr_par' dir='ltr' id='par_1_2' title="bbox 426 826 2464 1030">
     <span class='ocr_line' id='line_1_2' title="bbox 531 826 2464 932; baseline 0.005 -29"><span class='ocrx_word' id='word_1_5' title='bbox 531 832 595 903; x_wconf 90' lang='grc'><strong>80.</strong></span> <span class='ocrx_word' id='word_1_6' title='bbox 631 830 742 921; x_wconf 88' lang='lat' dir='ltr'>Quod</span> <span class='ocrx_word' id='word_1_7' title='bbox 764 832 868 904; x_wconf 84' lang='lat' dir='ltr'>facile</span> <span class='ocrx_word' id='word_1_8' title='bbox 891 843 1004 923; x_wconf 88' lang='lat' dir='ltr'>potest</span> <span class='ocrx_word' id='word_1_9' title='bbox 1027 830 1200 923; x_wconf 87' lang='lat' dir='ltr'>intelligi,</span> <span class='ocrx_word' id='word_1_10' title='bbox 1223 831 1253 901; x_wconf 89' lang='lat' dir='ltr'>si</span> <span class='ocrx_word' id='word_1_11' title='bbox 1277 832 1320 902; x_wconf 91' lang='lat' dir='ltr'>ad</span> <span class='ocrx_word' id='word_1_12' title='bbox 1341 855 1423 924; x_wconf 88' lang='lat' dir='ltr'>per·</span> <span class='ocrx_word' id='word_1_13' title='bbox 1475 852 1566 924; x_wconf 90' lang='lat' dir='ltr'>quae</span> <span class='ocrx_word' id='word_1_14' title='bbox 1594 842 1741 901; x_wconf 88' lang='lat' dir='ltr'>vocatur</span> <span class='ocrx_word' id='word_1_15' title='bbox 1772 826 1936 918; x_wconf 92' lang='lat' dir='ltr'>moralis,</span> <span class='ocrx_word' id='word_1_16' title='bbox 1975 844 2010 905; x_wconf 88' lang='lat' dir='ltr'>et</span> <span class='ocrx_word' id='word_1_17' title='bbox 2029 828 2219 932; x_wconf 76' lang='lat' dir='ltr'>¹liecalogo</span> <span class='ocrx_word' id='word_1_18' title='bbox 2249 829 2464 928; x_wconf 79' lang='lat' dir='ltr'>continetur,</span> 
     </span>
     <span class='ocr_line' id='line_1_3' title="bbox 426 931 2219 1030; baseline 0.002 -21"><span class='ocrx_word' id='word_1_19' title='bbox 426 958 555 1009; x_wconf 87' lang='lat' dir='ltr'>sonam</span> <span class='ocrx_word' id='word_1_20' title='bbox 588 935 774 1006; x_wconf 85' lang='lat' dir='ltr'>referatur.</span> <span class='ocrx_word' id='word_1_21' title='bbox 839 933 993 1004; x_wconf 81' lang='lat' dir='ltr'>Persona</span> <span class='ocrx_word' id='word_1_22' title='bbox 1023 935 1191 1004; x_wconf 90' lang='lat' dir='ltr'>dubitans</span> <span class='ocrx_word' id='word_1_23' title='bbox 1215 957 1262 1003; x_wconf 92' lang='lat' dir='ltr'>an</span> <span class='ocrx_word' id='word_1_24' title='bbox 1288 935 1423 1025; x_wconf 91' lang='lat' dir='ltr'>placeat</span> <span class='ocrx_word' id='word_1_25' title='bbox 1475 955 1549 1001; x_wconf 93' lang='lat' dir='ltr'>non</span> <span class='ocrx_word' id='word_1_26' title='bbox 1566 933 1688 1016; x_wconf 91' lang='lat' dir='ltr'>desiit,</span> <span class='ocrx_word' id='word_1_27' title='bbox 1712 931 1797 1027; x_wconf 73' lang='lat' dir='ltr'>&#39;quia</span> <span class='ocrx_word' id='word_1_28' title='bbox 1814 933 1853 1003; x_wconf 90' lang='lat' dir='ltr'>in</span> <span class='ocrx_word' id='word_1_29' title='bbox 1867 944 1994 1006; x_wconf 88' lang='lat' dir='ltr'>natura</span> <span class='ocrx_word' id='word_1_30' title='bbox 2011 937 2141 1030; x_wconf 85' lang='lat' dir='ltr'>scripta</span> <span class='ocrx_word' id='word_1_31' title='bbox 2156 955 2219 1014; x_wconf 83' lang='lat' dir='ltr'>est.</span> 
     </span>
    </p>

    <p class='ocr_par' dir='ltr' id='par_1_3' title="bbox 429 1029 2461 1226">
     <span class='ocr_line' id='line_1_4' title="bbox 429 1029 2461 1137; baseline 0.003 -24"><span class='ocrx_word' id='word_1_32' title='bbox 429 1039 532 1123; x_wconf 89' lang='lat' dir='ltr'>Deo,</span> <span class='ocrx_word' id='word_1_33' title='bbox 566 1059 642 1105; x_wconf 92' lang='lat' dir='ltr'>non</span> <span class='ocrx_word' id='word_1_34' title='bbox 666 1037 772 1107; x_wconf 87' lang='lat' dir='ltr'>sentit</span> <span class='ocrx_word' id='word_1_35' title='bbox 795 1058 831 1104; x_wconf 88' lang='lat' dir='ltr'>se</span> <span class='ocrx_word' id='word_1_36' title='bbox 854 1034 1033 1120; x_wconf 87' lang='lat' dir='ltr'>exaudiri,</span> <span class='ocrx_word' id='word_1_37' title='bbox 1058 1036 1141 1105; x_wconf 90' lang='lat' dir='ltr'>ideo</span> <span class='ocrx_word' id='word_1_38' title='bbox 1164 1059 1239 1105; x_wconf 92' lang='lat' dir='ltr'>non</span> <span class='ocrx_word' id='word_1_39' title='bbox 1259 1059 1342 1105; x_wconf 90' lang='lat' dir='ltr'>vere</span> <span class='ocrx_word' id='word_1_40' title='bbox 1364 1034 1423 1102; x_wconf 90' lang='lat' dir='ltr'>in·</span> <span class='ocrx_word' id='word_1_41' title='bbox 1577 1029 1612 1104; x_wconf 83' lang='lat'>5.</span> <span class='ocrx_word' id='word_1_42' title='bbox 1646 1032 1763 1105; x_wconf 88' lang='lat' dir='ltr'>Durat</span> <span class='ocrx_word' id='word_1_43' title='bbox 1776 1035 1886 1125; x_wconf 85' lang='lat' dir='ltr'>igitur</span> <span class='ocrx_word' id='word_1_44' title='bbox 1900 1036 2022 1107; x_wconf 86' lang='lat' dir='ltr'>eadem</span> <span class='ocrx_word' id='word_1_45' title='bbox 2037 1038 2111 1125; x_wconf 83' lang='lat' dir='ltr'>lex,</span> <span class='ocrx_word' id='word_1_46' title='bbox 2135 1044 2324 1137; x_wconf 86' lang='lat' dir='ltr'>tantisper,</span> <span class='ocrx_word' id='word_1_47' title='bbox 2348 1047 2461 1119; x_wconf 88' lang='lat' dir='ltr'>donec</span> 
     </span>
     <span class='ocr_line' id='line_1_5' title="bbox 429 1130 1908 1226; baseline -0.001 -16"><span class='ocrx_word' id='word_1_48' title='bbox 429 1151 535 1211; x_wconf 90' lang='lat' dir='ltr'>vocat</span> <span class='ocrx_word' id='word_1_49' title='bbox 550 1136 666 1208; x_wconf 91' lang='lat' dir='ltr'>Deum</span> <span class='ocrx_word' id='word_1_50' title='bbox 674 1169 693 1221; x_wconf 84' lang='lat'>,·</span> <span class='ocrx_word' id='word_1_51' title='bbox 708 1137 781 1204; x_wconf 89' lang='lat' dir='ltr'>imo</span> <span class='ocrx_word' id='word_1_52' title='bbox 803 1136 967 1207; x_wconf 78' lang='lat' dir='ltr'>irascitur</span> <span class='ocrx_word' id='word_1_53' title='bbox 980 1135 1078 1221; x_wconf 88' lang='lat' dir='ltr'>Deo,</span> <span class='ocrx_word' id='word_1_54' title='bbox 1098 1137 1190 1226; x_wconf 83' lang='lat' dir='ltr'>fugit</span> <span class='ocrx_word' id='word_1_55' title='bbox 1212 1148 1246 1206; x_wconf 93' lang='lat' dir='ltr'>et</span> <span class='ocrx_word' id='word_1_56' title='bbox 1267 1138 1344 1207; x_wconf 88' lang='lat' dir='ltr'>odit</span> <span class='ocrx_word' id='word_1_57' title='bbox 1364 1137 1423 1205; x_wconf 91' lang='lat' dir='ltr'>iu·</span> <span class='ocrx_word' id='word_1_58' title='bbox 1474 1130 1630 1205; x_wconf 91' lang='lat' dir='ltr'>humana</span> <span class='ocrx_word' id='word_1_59' title='bbox 1649 1150 1774 1207; x_wconf 91' lang='lat' dir='ltr'>natura</span> <span class='ocrx_word' id='word_1_60' title='bbox 1792 1139 1908 1211; x_wconf 91' lang='lat' dir='ltr'>durat.</span> 
     </span>
    </p>

    <p class='ocr_par' dir='ltr' id='par_1_4' title="bbox 426 1235 2460 1437">
     <span class='ocr_line' id='line_1_6' title="bbox 426 1235 2460 1330; baseline 0.003 -17"><span class='ocrx_word' id='word_1_61' title='bbox 426 1242 567 1314; x_wconf 87' lang='lat' dir='ltr'>dicium</span> <span class='ocrx_word' id='word_1_62' title='bbox 583 1236 661 1309; x_wconf 85' lang='lat' dir='ltr'>Dei.</span> <span class='ocrx_word' id='word_1_63' title='bbox 711 1235 785 1305; x_wconf 89' lang='lat' dir='ltr'>Iam</span> <span class='ocrx_word' id='word_1_64' title='bbox 807 1237 837 1306; x_wconf 89' lang='lat' dir='ltr'>si</span> <span class='ocrx_word' id='word_1_65' title='bbox 859 1260 1011 1327; x_wconf 89' lang='lat' dir='ltr'>persona</span> <span class='ocrx_word' id='word_1_66' title='bbox 1030 1251 1081 1308; x_wconf 89' lang='lat' dir='ltr'>est</span> <span class='ocrx_word' id='word_1_67' title='bbox 1100 1238 1306 1324; x_wconf 90' lang='lat' dir='ltr'>immunda,</span> <span class='ocrx_word' id='word_1_68' title='bbox 1331 1260 1421 1330; x_wconf 91' lang='lat' dir='ltr'>opus</span> <span class='ocrx_word' id='word_1_69' title='bbox 1576 1237 1614 1308; x_wconf 87' lang='lat'>6.</span> <span class='ocrx_word' id='word_1_70' title='bbox 1645 1236 1727 1307; x_wconf 90' lang='lat' dir='ltr'>Non</span> <span class='ocrx_word' id='word_1_71' title='bbox 1743 1238 1852 1329; x_wconf 89' lang='lat' dir='ltr'>igitur</span> <span class='ocrx_word' id='word_1_72' title='bbox 1866 1253 1966 1310; x_wconf 87' lang='lat' dir='ltr'>vetus</span> <span class='ocrx_word' id='word_1_73' title='bbox 1978 1237 2245 1313; x_wconf 88' lang='lat' dir='ltr'>Testamentum</span> <span class='ocrx_word' id='word_1_74' title='bbox 2262 1246 2343 1317; x_wconf 91' lang='lat' dir='ltr'>ideo</span> <span class='ocrx_word' id='word_1_75' title='bbox 2359 1261 2460 1319; x_wconf 89' lang='lat' dir='ltr'>vetus</span> 
     </span>
     <span class='ocr_line' id='line_1_7' title="bbox 430 1337 2460 1437; baseline 0.003 -22"><span class='ocrx_word' id='word_1_76' title='bbox 430 1347 537 1415; x_wconf 88' lang='lat' dir='ltr'>etiam</span> <span class='ocrx_word' id='word_1_77' title='bbox 553 1337 773 1407; x_wconf 88' lang='lat' dir='ltr'>immundum</span> <span class='ocrx_word' id='word_1_78' title='bbox 789 1352 853 1409; x_wconf 81' lang='lat' dir='ltr'>est.</span> <span class='ocrx_word' id='word_1_79' title='bbox 1364 1428 1369 1437; x_wconf 20' lang='grc' dir='ltr'>ι</span> <span class='ocrx_word' id='word_1_80' title='bbox 1473 1339 1624 1427; x_wconf 79' lang='lat' dir='ltr'>intelligi</span> <span class='ocrx_word' id='word_1_81' title='bbox 1646 1354 1827 1431; x_wconf 88' lang='lat' dir='ltr'>putemus,</span> <span class='ocrx_word' id='word_1_82' title='bbox 1851 1342 1934 1434; x_wconf 93' lang='lat' dir='ltr'>quia</span> <span class='ocrx_word' id='word_1_83' title='bbox 1957 1355 2035 1433; x_wconf 88' lang='lat' dir='ltr'>post</span> <span class='ocrx_word' id='word_1_84' title='bbox 2048 1343 2240 1413; x_wconf 87' lang='lat' dir='ltr'>adventum</span> <span class='ocrx_word' id='word_1_85' title='bbox 2253 1343 2387 1421; x_wconf 88' lang='lat' dir='ltr'>Christi</span> <span class='ocrx_word' id='word_1_86' title='bbox 2402 1350 2460 1421; x_wconf 82' lang='lat' dir='ltr'>lex</span> 
     </span>
    </p>

    <p class='ocr_par' dir='ltr' id='par_1_5' title="bbox 426 1434 2460 2046">
     <span class='ocr_line' id='line_1_8' title="bbox 530 1434 2460 1541; baseline 0.005 -32"><span class='ocrx_word' id='word_1_87' title='bbox 530 1440 591 1510; x_wconf 87' lang='grc'><strong>81.</strong></span> <span class='ocrx_word' id='word_1_88' title='bbox 630 1434 807 1525; x_wconf 85' lang='lat' dir='ltr'>Econtra,</span> <span class='ocrx_word' id='word_1_89' title='bbox 837 1463 917 1509; x_wconf 89' lang='lat' dir='ltr'>cum</span> <span class='ocrx_word' id='word_1_90' title='bbox 945 1461 1096 1530; x_wconf 88' lang='lat' dir='ltr'>persona</span> <span class='ocrx_word' id='word_1_91' title='bbox 1125 1435 1233 1513; x_wconf 87' lang='lat' dir='ltr'>habet</span> <span class='ocrx_word' id='word_1_92' title='bbox 1255 1437 1418 1511; x_wconf 81' lang='lat' dir='ltr'>fiduciam</span> <span class='ocrx_word' id='word_1_93' title='bbox 1471 1441 1634 1526; x_wconf 75' lang='lat' dir='ltr'>desierit,</span> <span class='ocrx_word' id='word_1_94' title='bbox 1658 1443 1719 1511; x_wconf 91' lang='lat' dir='ltr'>sed</span> <span class='ocrx_word' id='word_1_95' title='bbox 1743 1442 1879 1533; x_wconf 92' lang='lat' dir='ltr'>potius,</span> <span class='ocrx_word' id='word_1_96' title='bbox 1902 1444 1986 1537; x_wconf 86' lang='lat' dir='ltr'>quia</span> <span class='ocrx_word' id='word_1_97' title='bbox 2008 1445 2064 1514; x_wconf 83' lang='lat' dir='ltr'>lex</span> <span class='ocrx_word' id='word_1_98' title='bbox 2089 1443 2188 1536; x_wconf 89' lang='lat' dir='ltr'>prius</span> <span class='ocrx_word' id='word_1_99' title='bbox 2210 1447 2351 1535; x_wconf 90' lang='lat' dir='ltr'>publice</span> <span class='ocrx_word' id='word_1_100' title='bbox 2373 1475 2460 1541; x_wconf 89' lang='lat' dir='ltr'>pro-</span> 
     </span>
     <span class='ocr_line' id='line_1_9' title="bbox 430 1540 2459 1636; baseline 0.002 -20"><span class='ocrx_word' id='word_1_101' title='bbox 430 1540 710 1625; x_wconf 87' lang='lat' dir='ltr'>misericordiae,</span> <span class='ocrx_word' id='word_1_102' title='bbox 743 1542 857 1611; x_wconf 89' lang='lat' dir='ltr'>credit</span> <span class='ocrx_word' id='word_1_103' title='bbox 887 1564 923 1611; x_wconf 90' lang='lat' dir='ltr'>se</span> <span class='ocrx_word' id='word_1_104' title='bbox 953 1542 1133 1628; x_wconf 86' lang='lat' dir='ltr'>exaudiri,</span> <span class='ocrx_word' id='word_1_105' title='bbox 1165 1565 1248 1612; x_wconf 90' lang='lat' dir='ltr'>vere</span> <span class='ocrx_word' id='word_1_106' title='bbox 1277 1542 1420 1612; x_wconf 87' lang='lat' dir='ltr'>invocat</span> <span class='ocrx_word' id='word_1_107' title='bbox 1471 1545 1627 1631; x_wconf 88' lang='lat' dir='ltr'>mulgata</span> <span class='ocrx_word' id='word_1_108' title='bbox 1642 1558 1711 1629; x_wconf 89' lang='lat' dir='ltr'>est,</span> <span class='ocrx_word' id='word_1_109' title='bbox 1736 1568 1842 1636; x_wconf 93' lang='lat' dir='ltr'>quam</span> <span class='ocrx_word' id='word_1_110' title='bbox 1855 1541 2090 1636; x_wconf 85' lang='lat' dir='ltr'>Evangelium</span> <span class='ocrx_word' id='word_1_111' title='bbox 2105 1546 2143 1614; x_wconf 91' lang='lat' dir='ltr'>iu</span> <span class='ocrx_word' id='word_1_112' title='bbox 2156 1558 2270 1617; x_wconf 93' lang='lat' dir='ltr'>totum</span> <span class='ocrx_word' id='word_1_113' title='bbox 2283 1551 2459 1621; x_wconf 87' lang='lat' dir='ltr'>muudum</span> 
     </span>
     <span class='ocr_line' id='line_1_10' title="bbox 427 1639 2459 1739; baseline 0.001 -21"><span class='ocrx_word' id='word_1_114' title='bbox 427 1647 565 1727; x_wconf 81' lang='lat' dir='ltr'>Deum,</span> <span class='ocrx_word' id='word_1_115' title='bbox 590 1666 664 1712; x_wconf 94' lang='lat' dir='ltr'>non</span> <span class='ocrx_word' id='word_1_116' title='bbox 687 1643 852 1712; x_wconf 82' lang='lat' dir='ltr'>irascitur</span> <span class='ocrx_word' id='word_1_117' title='bbox 867 1639 959 1717; x_wconf 86' lang='lat' dir='ltr'>Deo.</span> <span class='ocrx_word' id='word_1_118' title='bbox 1008 1642 1199 1736; x_wconf 88' lang='lat' dir='ltr'>Postquam</span> <span class='ocrx_word' id='word_1_119' title='bbox 1216 1644 1326 1732; x_wconf 86' lang='lat' dir='ltr'>igitur</span> <span class='ocrx_word' id='word_1_120' title='bbox 1338 1668 1421 1734; x_wconf 85' lang='lat' dir='ltr'>per·</span> <span class='ocrx_word' id='word_1_121' title='bbox 1471 1667 1653 1735; x_wconf 87' lang='lat' dir='ltr'>sparsum,</span> <span class='ocrx_word' id='word_1_122' title='bbox 1680 1659 1715 1716; x_wconf 91' lang='lat' dir='ltr'>et</span> <span class='ocrx_word' id='word_1_123' title='bbox 1734 1644 1817 1739; x_wconf 90' lang='lat' dir='ltr'>quia</span> <span class='ocrx_word' id='word_1_124' title='bbox 1832 1647 1883 1716; x_wconf 86' lang='lat' dir='ltr'>est</span> <span class='ocrx_word' id='word_1_125' title='bbox 1900 1648 2061 1720; x_wconf 89' lang='lat' dir='ltr'>doctrina</span> <span class='ocrx_word' id='word_1_126' title='bbox 2075 1642 2265 1719; x_wconf 87' lang='lat' dir='ltr'>cohercens</span> <span class='ocrx_word' id='word_1_127' title='bbox 2282 1661 2316 1720; x_wconf 89' lang='lat' dir='ltr'>et</span> <span class='ocrx_word' id='word_1_128' title='bbox 2331 1650 2459 1720; x_wconf 88' lang='lat' dir='ltr'>morti-</span> 
     </span>
     <span class='ocr_line' id='line_1_11' title="bbox 426 1741 1960 1837; baseline 0.001 -18"><span class='ocrx_word' id='word_1_129' title='bbox 426 1743 664 1837; x_wconf 75' lang='lat' dir='ltr'>complacet,</span> <span class='ocrx_word' id='word_1_130' title='bbox 691 1744 831 1835; x_wconf 89' lang='lat' dir='ltr'>placent</span> <span class='ocrx_word' id='word_1_131' title='bbox 847 1759 880 1816; x_wconf 90' lang='lat' dir='ltr'>et</span> <span class='ocrx_word' id='word_1_132' title='bbox 895 1767 1013 1834; x_wconf 88' lang='lat' dir='ltr'>opera.</span> <span class='ocrx_word' id='word_1_133' title='bbox 1064 1744 1117 1815; x_wconf 91' lang='lat' dir='ltr'>lta</span> <span class='ocrx_word' id='word_1_134' title='bbox 1134 1746 1163 1815; x_wconf 92' lang='lat' dir='ltr'>si</span> <span class='ocrx_word' id='word_1_135' title='bbox 1179 1746 1266 1816; x_wconf 88' lang='lat' dir='ltr'>fides</span> <span class='ocrx_word' id='word_1_136' title='bbox 1279 1749 1321 1815; x_wconf 90' lang='lat' dir='ltr'>ad</span> <span class='ocrx_word' id='word_1_137' title='bbox 1338 1769 1420 1837; x_wconf 90' lang='lat' dir='ltr'>per·</span> <span class='ocrx_word' id='word_1_138' title='bbox 1470 1746 1577 1815; x_wconf 85' lang='lat' dir='ltr'>licens</span> <span class='ocrx_word' id='word_1_139' title='bbox 1594 1759 1748 1815; x_wconf 86' lang='lat' dir='ltr'>veterem</span> <span class='ocrx_word' id='word_1_140' title='bbox 1766 1741 1960 1821; x_wconf 92' lang='lat' dir='ltr'>bominem.</span> 
     </span>
     <span class='ocr_line' id='line_1_12' title="bbox 430 1843 2460 1945; baseline 0.001 -25"><span class='ocrx_word' id='word_1_141' title='bbox 430 1872 556 1920; x_wconf 89' lang='lat' dir='ltr'>sonam</span> <span class='ocrx_word' id='word_1_142' title='bbox 586 1847 778 1931; x_wconf 83' lang='lat' dir='ltr'>referatur,</span> <span class='ocrx_word' id='word_1_143' title='bbox 810 1845 949 1917; x_wconf 82' lang='lat' dir='ltr'>facilius</span> <span class='ocrx_word' id='word_1_144' title='bbox 979 1846 1132 1938; x_wconf 84' lang='lat' dir='ltr'>intelligi</span> <span class='ocrx_word' id='word_1_145' title='bbox 1160 1863 1294 1941; x_wconf 90' lang='lat' dir='ltr'>potest,</span> <span class='ocrx_word' id='word_1_146' title='bbox 1329 1870 1419 1939; x_wconf 86' lang='lat' dir='ltr'>quo-</span> <span class='ocrx_word' id='word_1_147' title='bbox 1573 1845 1608 1914; x_wconf 84' lang='lat'>7.</span> <span class='ocrx_word' id='word_1_148' title='bbox 1639 1843 1688 1916; x_wconf 84' lang='lat' dir='ltr'>Et</span> <span class='ocrx_word' id='word_1_149' title='bbox 1703 1843 1938 1937; x_wconf 87' lang='lat' dir='ltr'>Evangelium</span> <span class='ocrx_word' id='word_1_150' title='bbox 1959 1863 2036 1922; x_wconf 87' lang='lat' dir='ltr'>tum</span> <span class='ocrx_word' id='word_1_151' title='bbox 2058 1873 2200 1945; x_wconf 86' lang='lat' dir='ltr'>quoque</span> <span class='ocrx_word' id='word_1_152' title='bbox 2220 1873 2301 1921; x_wconf 90' lang='lat' dir='ltr'>cum</span> <span class='ocrx_word' id='word_1_153' title='bbox 2319 1852 2376 1921; x_wconf 88' lang='lat' dir='ltr'>lex</span> <span class='ocrx_word' id='word_1_154' title='bbox 2391 1854 2460 1922; x_wconf 88' lang='lat' dir='ltr'>do·</span> 
     </span>
     <span class='ocr_line' id='line_1_13' title="bbox 429 1947 2459 2046; baseline 0.001 -24"><span class='ocrx_word' id='word_1_155' title='bbox 429 1953 540 2022; x_wconf 92' lang='lat' dir='ltr'>modo</span> <span class='ocrx_word' id='word_1_156' title='bbox 555 1971 595 2018; x_wconf 87' lang='lat' dir='ltr'>er</span> <span class='ocrx_word' id='word_1_157' title='bbox 610 1948 680 2017; x_wconf 88' lang='lat' dir='ltr'>fide</span> <span class='ocrx_word' id='word_1_158' title='bbox 695 1947 769 2017; x_wconf 87' lang='lat' dir='ltr'>fieri</span> <span class='ocrx_word' id='word_1_159' title='bbox 786 1949 880 2018; x_wconf 89' lang='lat' dir='ltr'>bona</span> <span class='ocrx_word' id='word_1_160' title='bbox 895 1972 1000 2040; x_wconf 90' lang='lat' dir='ltr'>opera</span> <span class='ocrx_word' id='word_1_161' title='bbox 1017 1951 1182 2024; x_wconf 81' lang='lat' dir='ltr'>debeant.</span> <span class='ocrx_word' id='word_1_162' title='bbox 1471 1959 1627 2033; x_wconf 90' lang='lat' dir='ltr'>ceretur,</span> <span class='ocrx_word' id='word_1_163' title='bbox 1670 1948 1840 2018; x_wconf 90' lang='lat' dir='ltr'>traditum</span> <span class='ocrx_word' id='word_1_164' title='bbox 1875 1965 1970 2036; x_wconf 89' lang='lat' dir='ltr'>erat,</span> <span class='ocrx_word' id='word_1_165' title='bbox 2014 1953 2079 2023; x_wconf 90' lang='lat' dir='ltr'>etsi</span> <span class='ocrx_word' id='word_1_166' title='bbox 2118 1953 2280 2023; x_wconf 90' lang='lat' dir='ltr'>noudum</span> <span class='ocrx_word' id='word_1_167' title='bbox 2316 1953 2459 2046; x_wconf 89' lang='lat' dir='ltr'>publice</span> 
     </span>
    </p>

    <p class='ocr_par' dir='ltr' id='par_1_6' title="bbox 427 2046 2461 2649">
     <span class='ocr_line' id='line_1_14' title="bbox 532 2046 1985 2141; baseline 0.001 -19"><span class='ocrx_word' id='word_1_168' title='bbox 532 2051 594 2124; x_wconf 76' lang='grc'><strong>82.</strong></span> <span class='ocrx_word' id='word_1_169' title='bbox 629 2046 727 2119; x_wconf 89' lang='lat' dir='ltr'>Haec</span> <span class='ocrx_word' id='word_1_170' title='bbox 746 2051 907 2121; x_wconf 91' lang='lat' dir='ltr'>doctrina</span> <span class='ocrx_word' id='word_1_171' title='bbox 924 2052 967 2121; x_wconf 92' lang='lat' dir='ltr'>de</span> <span class='ocrx_word' id='word_1_172' title='bbox 984 2051 1206 2125; x_wconf 88' lang='lat' dir='ltr'>dubitatione</span> <span class='ocrx_word' id='word_1_173' title='bbox 1222 2051 1418 2134; x_wconf 85' lang='lat' dir='ltr'>eximenda,</span> <span class='ocrx_word' id='word_1_174' title='bbox 1469 2051 1606 2119; x_wconf 91' lang='lat' dir='ltr'>mundo</span> <span class='ocrx_word' id='word_1_175' title='bbox 1621 2049 1885 2141; x_wconf 87' lang='lat' dir='ltr'>promulgatum</span> <span class='ocrx_word' id='word_1_176' title='bbox 1901 2065 1985 2124; x_wconf 91' lang='lat' dir='ltr'>erat.</span> 
     </span>
     <span class='ocr_line' id='line_1_15' title="bbox 432 2148 2461 2245; baseline 0.001 -20"><span class='ocrx_word' id='word_1_177' title='bbox 432 2152 628 2225; x_wconf 85' lang='lat' dir='ltr'>necessaria</span> <span class='ocrx_word' id='word_1_178' title='bbox 658 2164 727 2235; x_wconf 91' lang='lat' dir='ltr'>est,</span> <span class='ocrx_word' id='word_1_179' title='bbox 762 2165 797 2222; x_wconf 87' lang='lat' dir='ltr'>et</span> <span class='ocrx_word' id='word_1_180' title='bbox 825 2153 908 2245; x_wconf 86' lang='lat' dir='ltr'>quia</span> <span class='ocrx_word' id='word_1_181' title='bbox 929 2148 997 2224; x_wconf 89' lang='lat' dir='ltr'>hoc</span> <span class='ocrx_word' id='word_1_182' title='bbox 1018 2169 1217 2245; x_wconf 90' lang='lat' dir='ltr'>peccatum,</span> <span class='ocrx_word' id='word_1_183' title='bbox 1253 2153 1418 2222; x_wconf 91' lang='lat' dir='ltr'>videlicet</span> <span class='ocrx_word' id='word_1_184' title='bbox 1573 2150 1607 2225; x_wconf 87' lang='grc'><strong>8.</strong></span> <span class='ocrx_word' id='word_1_185' title='bbox 1642 2148 1762 2238; x_wconf 85' lang='lat' dir='ltr'>Quare</span> <span class='ocrx_word' id='word_1_186' title='bbox 1783 2174 1858 2221; x_wconf 93' lang='lat' dir='ltr'>non</span> <span class='ocrx_word' id='word_1_187' title='bbox 1882 2175 1923 2222; x_wconf 92' lang='lat' dir='ltr'>eo</span> <span class='ocrx_word' id='word_1_188' title='bbox 1947 2153 2081 2225; x_wconf 88' lang='lat' dir='ltr'>dicitur</span> <span class='ocrx_word' id='word_1_189' title='bbox 2101 2177 2235 2227; x_wconf 84' lang='lat' dir='ltr'>novum</span> <span class='ocrx_word' id='word_1_190' title='bbox 2250 2152 2461 2229; x_wconf 87' lang='lat' dir='ltr'>Testamen-</span> 
     </span>
     <span class='ocr_line' id='line_1_16' title="bbox 428 2251 2461 2350; baseline 0.001 -25"><span class='ocrx_word' id='word_1_191' title='bbox 428 2269 635 2350; x_wconf 90' lang='lat' dir='ltr'>perpetuam</span> <span class='ocrx_word' id='word_1_192' title='bbox 648 2252 907 2324; x_wconf 88' lang='lat' dir='ltr'>dubitationem</span> <span class='ocrx_word' id='word_1_193' title='bbox 919 2256 963 2324; x_wconf 94' lang='lat' dir='ltr'>de</span> <span class='ocrx_word' id='word_1_194' title='bbox 976 2257 1230 2337; x_wconf 88' lang='lat' dir='ltr'>misericordia,</span> <span class='ocrx_word' id='word_1_195' title='bbox 1255 2277 1331 2322; x_wconf 92' lang='lat' dir='ltr'>non</span> <span class='ocrx_word' id='word_1_196' title='bbox 1345 2254 1418 2320; x_wconf 88' lang='lat' dir='ltr'>fere</span> <span class='ocrx_word' id='word_1_197' title='bbox 1470 2266 1567 2338; x_wconf 93' lang='lat' dir='ltr'>tum,</span> <span class='ocrx_word' id='word_1_198' title='bbox 1598 2254 1694 2346; x_wconf 89' lang='lat' dir='ltr'>quod</span> <span class='ocrx_word' id='word_1_199' title='bbox 1724 2251 1832 2325; x_wconf 85' lang='lat' dir='ltr'>fuerit</span> <span class='ocrx_word' id='word_1_200' title='bbox 1862 2252 2024 2344; x_wconf 85' lang='lat' dir='ltr'>ignotum</span> <span class='ocrx_word' id='word_1_201' title='bbox 2052 2268 2114 2327; x_wconf 87' lang='lat' dir='ltr'>aut</span> <span class='ocrx_word' id='word_1_202' title='bbox 2143 2256 2273 2327; x_wconf 91' lang='lat' dir='ltr'>inutile</span> <span class='ocrx_word' id='word_1_203' title='bbox 2299 2271 2461 2350; x_wconf 84' lang='lat' dir='ltr'>tempore</span> 
     </span>
     <span class='ocr_line' id='line_1_17' title="bbox 427 2349 1566 2446; baseline -0.004 -16"><span class='ocrx_word' id='word_1_204' title='bbox 427 2356 635 2446; x_wconf 85' lang='lat' dir='ltr'>intelligunt</span> <span class='ocrx_word' id='word_1_205' title='bbox 656 2349 839 2443; x_wconf 85' lang='lat' dir='ltr'>homines,</span> <span class='ocrx_word' id='word_1_206' title='bbox 864 2356 1053 2445; x_wconf 83' lang='lat' dir='ltr'>diligenter</span> <span class='ocrx_word' id='word_1_207' title='bbox 1074 2354 1139 2425; x_wconf 86' lang='lat' dir='ltr'>hac</span> <span class='ocrx_word' id='word_1_208' title='bbox 1165 2357 1268 2423; x_wconf 90' lang='lat' dir='ltr'>dere</span> <span class='ocrx_word' id='word_1_209' title='bbox 1290 2355 1417 2424; x_wconf 91' lang='lat' dir='ltr'>admo·</span> <span class='ocrx_word' id='word_1_210' title='bbox 1469 2355 1566 2445; x_wconf 86' lang='lat' dir='ltr'>legis.</span> 
     </span>
     <span class='ocr_line' id='line_1_18' title="bbox 429 2448 2459 2550; baseline 0 -20"><span class='ocrx_word' id='word_1_211' title='bbox 429 2459 543 2531; x_wconf 90' lang='lat' dir='ltr'>nendi</span> <span class='ocrx_word' id='word_1_212' title='bbox 564 2468 667 2542; x_wconf 91' lang='lat' dir='ltr'>sunt,</span> <span class='ocrx_word' id='word_1_213' title='bbox 691 2470 732 2529; x_wconf 91' lang='lat' dir='ltr'>ut</span> <span class='ocrx_word' id='word_1_214' title='bbox 753 2456 881 2529; x_wconf 89' lang='lat' dir='ltr'>luctari</span> <span class='ocrx_word' id='word_1_215' title='bbox 901 2482 981 2527; x_wconf 91' lang='lat' dir='ltr'>cum</span> <span class='ocrx_word' id='word_1_216' title='bbox 997 2457 1179 2547; x_wconf 86' lang='lat' dir='ltr'>impietate</span> <span class='ocrx_word' id='word_1_217' title='bbox 1191 2455 1347 2525; x_wconf 91' lang='lat' dir='ltr'>naturali</span> <span class='ocrx_word' id='word_1_218' title='bbox 1360 2455 1417 2525; x_wconf 91' lang='lat' dir='ltr'>di·</span> <span class='ocrx_word' id='word_1_219' title='bbox 1572 2452 1609 2526; x_wconf 82' lang='lat'>9.</span> <span class='ocrx_word' id='word_1_220' title='bbox 1637 2451 1713 2524; x_wconf 93' lang='lat' dir='ltr'>lmo</span> <span class='ocrx_word' id='word_1_221' title='bbox 1727 2448 1964 2546; x_wconf 85' lang='lat' dir='ltr'>Evangelium</span> <span class='ocrx_word' id='word_1_222' title='bbox 1979 2455 2176 2528; x_wconf 86' lang='lat' dir='ltr'>revelatum</span> <span class='ocrx_word' id='word_1_223' title='bbox 2191 2469 2244 2529; x_wconf 91' lang='lat' dir='ltr'>est</span> <span class='ocrx_word' id='word_1_224' title='bbox 2257 2457 2363 2550; x_wconf 80' lang='lat' dir='ltr'>longe</span> <span class='ocrx_word' id='word_1_225' title='bbox 2378 2473 2459 2532; x_wconf 90' lang='lat' dir='ltr'>ante</span> 
     </span>
     <span class='ocr_line' id='line_1_19' title="bbox 432 2554 2458 2649; baseline -0.005 -19"><span class='ocrx_word' id='word_1_226' title='bbox 432 2573 547 2645; x_wconf 87' lang='lat' dir='ltr'>scant,</span> <span class='ocrx_word' id='word_1_227' title='bbox 573 2570 607 2629; x_wconf 88' lang='lat' dir='ltr'>et</span> <span class='ocrx_word' id='word_1_228' title='bbox 620 2559 878 2630; x_wconf 88' lang='lat' dir='ltr'>dubitationem</span> <span class='ocrx_word' id='word_1_229' title='bbox 894 2558 962 2626; x_wconf 87' lang='lat' dir='ltr'>fide</span> <span class='ocrx_word' id='word_1_230' title='bbox 977 2579 1155 2649; x_wconf 88' lang='lat' dir='ltr'>superare.</span> <span class='ocrx_word' id='word_1_231' title='bbox 1472 2554 1568 2627; x_wconf 90' lang='lat' dir='ltr'>Mosi</span> <span class='ocrx_word' id='word_1_232' title='bbox 1584 2558 1707 2645; x_wconf 90' lang='lat' dir='ltr'>legem.</span> <span class='ocrx_word' id='word_1_233' title='bbox 2454 2607 2458 2612; x_wconf 92' lang='lat'>.</span> 
     </span>
    </p>

    <p class='ocr_par' dir='ltr' id='par_1_7' title="bbox 432 2656 2463 2857">
     <span class='ocr_line' id='line_1_20' title="bbox 532 2656 2461 2747; baseline 0.001 -12"><span class='ocrx_word' id='word_1_234' title='bbox 532 2662 595 2737; x_wconf 87' lang='grc'><strong>88.</strong></span> <span class='ocrx_word' id='word_1_235' title='bbox 628 2657 682 2733; x_wconf 92' lang='lat' dir='ltr'>lta</span> <span class='ocrx_word' id='word_1_236' title='bbox 697 2660 836 2731; x_wconf 81' lang='lat' dir='ltr'>discent</span> <span class='ocrx_word' id='word_1_237' title='bbox 852 2657 1111 2731; x_wconf 88' lang='lat' dir='ltr'>vereinvocare</span> <span class='ocrx_word' id='word_1_238' title='bbox 1126 2657 1263 2747; x_wconf 89' lang='lat' dir='ltr'>Deum,</span> <span class='ocrx_word' id='word_1_239' title='bbox 1287 2672 1417 2731; x_wconf 88' lang='lat' dir='ltr'>etvere</span> <span class='ocrx_word' id='word_1_240' title='bbox 1574 2656 1631 2727; x_wconf 91' lang='grc'>10.</span> <span class='ocrx_word' id='word_1_241' title='bbox 1672 2656 1745 2729; x_wconf 86' lang='lat' dir='ltr'>Sed</span> <span class='ocrx_word' id='word_1_242' title='bbox 1775 2656 1907 2732; x_wconf 89' lang='lat' dir='ltr'>dicitur</span> <span class='ocrx_word' id='word_1_243' title='bbox 1934 2682 2069 2730; x_wconf 84' lang='lat' dir='ltr'>novum</span> <span class='ocrx_word' id='word_1_244' title='bbox 2097 2657 2384 2746; x_wconf 82' lang='lat' dir='ltr'>Testamentum,</span> <span class='ocrx_word' id='word_1_245' title='bbox 2425 2677 2461 2737; x_wconf 92' lang='lat' dir='ltr'>et</span> 
     </span>
     <span class='ocr_line' id='line_1_21' title="bbox 432 2753 2463 2857; baseline 0.006 -30"><span class='ocrx_word' id='word_1_246' title='bbox 432 2765 558 2838; x_wconf 75' lang='lat' dir='ltr'>colere,</span> <span class='ocrx_word' id='word_1_247' title='bbox 1470 2758 1554 2850; x_wconf 90' lang='lat' dir='ltr'>quia</span> <span class='ocrx_word' id='word_1_248' title='bbox 1572 2753 1738 2829; x_wconf 89' lang='lat' dir='ltr'>Christus</span> <span class='ocrx_word' id='word_1_249' title='bbox 1752 2753 1931 2830; x_wconf 85' lang='lat' dir='ltr'>exhibitus</span> <span class='ocrx_word' id='word_1_250' title='bbox 1945 2773 1997 2830; x_wconf 90' lang='lat' dir='ltr'>est</span> <span class='ocrx_word' id='word_1_251' title='bbox 2011 2760 2215 2835; x_wconf 84' lang='lat' dir='ltr'>novissimis</span> <span class='ocrx_word' id='word_1_252' title='bbox 2230 2767 2463 2857; x_wconf 81' lang='lat' dir='ltr'>temporibus,</span> 
     </span>
    </p>

    <p class='ocr_par' dir='ltr' id='par_1_8' title="bbox 429 2855 2463 3259">
     <span class='ocr_line' id='line_1_22' title="bbox 530 2855 2463 2958; baseline 0.002 -21"><span class='ocrx_word' id='word_1_253' title='bbox 530 2862 593 2937; x_wconf 83' lang='grc'><strong>84.</strong></span> <span class='ocrx_word' id='word_1_254' title='bbox 624 2862 705 2933; x_wconf 90' lang='lat' dir='ltr'>Hoc</span> <span class='ocrx_word' id='word_1_255' title='bbox 726 2859 872 2931; x_wconf 91' lang='lat' dir='ltr'>interest</span> <span class='ocrx_word' id='word_1_256' title='bbox 891 2859 985 2932; x_wconf 88' lang='lat' dir='ltr'>inter</span> <span class='ocrx_word' id='word_1_257' title='bbox 1001 2855 1189 2953; x_wconf 87' lang='lat' dir='ltr'>Evangelii</span> <span class='ocrx_word' id='word_1_258' title='bbox 1206 2862 1419 2944; x_wconf 86' lang='lat' dir='ltr'>doctrinam,</span> <span class='ocrx_word' id='word_1_259' title='bbox 1470 2872 1506 2928; x_wconf 90' lang='lat' dir='ltr'>et</span> <span class='ocrx_word' id='word_1_260' title='bbox 1536 2856 1620 2948; x_wconf 90' lang='lat' dir='ltr'>quia</span> <span class='ocrx_word' id='word_1_261' title='bbox 1647 2872 1734 2927; x_wconf 91' lang='lat' dir='ltr'>tunc</span> <span class='ocrx_word' id='word_1_262' title='bbox 1756 2861 1899 2930; x_wconf 91' lang='lat' dir='ltr'>demum</span> <span class='ocrx_word' id='word_1_263' title='bbox 1924 2861 1963 2929; x_wconf 90' lang='lat' dir='ltr'>iu</span> <span class='ocrx_word' id='word_1_264' title='bbox 1984 2874 2100 2932; x_wconf 92' lang='lat' dir='ltr'>totum</span> <span class='ocrx_word' id='word_1_265' title='bbox 2122 2869 2299 2938; x_wconf 89' lang='lat' dir='ltr'>mundum</span> <span class='ocrx_word' id='word_1_266' title='bbox 2319 2870 2463 2958; x_wconf 86' lang='lat' dir='ltr'>publice</span> 
     </span>
     <span class='ocr_line' id='line_1_23' title="bbox 432 2955 2461 3058; baseline -0.001 -20"><span class='ocrx_word' id='word_1_267' title='bbox 432 2980 466 3038; x_wconf 93' lang='lat' dir='ltr'>et</span> <span class='ocrx_word' id='word_1_268' title='bbox 487 2966 685 3039; x_wconf 88' lang='lat' dir='ltr'>doctrinam</span> <span class='ocrx_word' id='word_1_269' title='bbox 701 2955 965 3056; x_wconf 83' lang='lat' dir='ltr'>hypocriticam.</span> <span class='ocrx_word' id='word_1_270' title='bbox 1017 2962 1247 3058; x_wconf 87' lang='lat' dir='ltr'>Hypocritica</span> <span class='ocrx_word' id='word_1_271' title='bbox 1265 2963 1368 3034; x_wconf 89' lang='lat' dir='ltr'>docet</span> <span class='ocrx_word' id='word_1_272' title='bbox 1384 2974 1420 3031; x_wconf 90' lang='lat' dir='ltr'>et</span> <span class='ocrx_word' id='word_1_273' title='bbox 1471 2980 1631 3049; x_wconf 89' lang='lat' dir='ltr'>sparsum</span> <span class='ocrx_word' id='word_1_274' title='bbox 1654 2970 1724 3038; x_wconf 90' lang='lat' dir='ltr'>est,</span> <span class='ocrx_word' id='word_1_275' title='bbox 1748 2980 1831 3027; x_wconf 89' lang='lat' dir='ltr'>cum</span> <span class='ocrx_word' id='word_1_276' title='bbox 1852 2971 1954 3029; x_wconf 91' lang='lat' dir='ltr'>antea</span> <span class='ocrx_word' id='word_1_277' title='bbox 1979 2961 2082 3050; x_wconf 87' lang='lat' dir='ltr'>pauci</span> <span class='ocrx_word' id='word_1_278' title='bbox 2098 2962 2247 3045; x_wconf 87' lang='lat' dir='ltr'>scirent,</span> <span class='ocrx_word' id='word_1_279' title='bbox 2272 2969 2404 3058; x_wconf 86' lang='lat' dir='ltr'>etquia</span> <span class='ocrx_word' id='word_1_280' title='bbox 2421 2970 2461 3037; x_wconf 93' lang='lat' dir='ltr'>in</span> 
     </span>
     <span class='ocr_line' id='line_1_24' title="bbox 431 3053 2462 3153; baseline 0 -13"><span class='ocrx_word' id='word_1_281' title='bbox 431 3071 589 3140; x_wconf 86' lang='lat' dir='ltr'>cumulat</span> <span class='ocrx_word' id='word_1_282' title='bbox 615 3064 731 3135; x_wconf 83' lang='lat' dir='ltr'>cultus</span> <span class='ocrx_word' id='word_1_283' title='bbox 756 3088 837 3136; x_wconf 90' lang='lat' dir='ltr'>curn</span> <span class='ocrx_word' id='word_1_284' title='bbox 857 3060 930 3136; x_wconf 88' lang='lat' dir='ltr'>&#39;hac</span> <span class='ocrx_word' id='word_1_285' title='bbox 961 3066 1196 3138; x_wconf 82' lang='lat' dir='ltr'>dubitatione.</span> <span class='ocrx_word' id='word_1_286' title='bbox 1252 3066 1419 3153; x_wconf 87' lang='lat' dir='ltr'>Evange-</span> <span class='ocrx_word' id='word_1_287' title='bbox 1471 3058 1621 3151; x_wconf 87' lang='lat' dir='ltr'>singulis</span> <span class='ocrx_word' id='word_1_288' title='bbox 1644 3053 1853 3128; x_wconf 87' lang='lat' dir='ltr'>hominibus</span> <span class='ocrx_word' id='word_1_289' title='bbox 1875 3061 2028 3132; x_wconf 85' lang='lat' dir='ltr'>succedit</span> <span class='ocrx_word' id='word_1_290' title='bbox 2048 3056 2283 3152; x_wconf 77' lang='lat' dir='ltr'>Evangelium</span> <span class='ocrx_word' id='word_1_291' title='bbox 2306 3067 2462 3140; x_wconf 87' lang='lat' dir='ltr'>vincitur</span> 
     </span>
     <span class='ocr_line' id='line_1_25' title="bbox 429 3162 1699 3259; baseline -0.008 -24"><span class='ocrx_word' id='word_1_292' title='bbox 429 3169 520 3237; x_wconf 91' lang='lat' dir='ltr'>lium</span> <span class='ocrx_word' id='word_1_293' title='bbox 536 3176 658 3237; x_wconf 89' lang='lat' dir='ltr'>contra</span> <span class='ocrx_word' id='word_1_294' title='bbox 675 3166 778 3235; x_wconf 91' lang='lat' dir='ltr'>docet</span> <span class='ocrx_word' id='word_1_295' title='bbox 793 3162 886 3237; x_wconf 87' lang='lat' dir='ltr'>banc</span> <span class='ocrx_word' id='word_1_296' title='bbox 900 3166 1158 3236; x_wconf 89' lang='lat' dir='ltr'>dubitationem</span> <span class='ocrx_word' id='word_1_297' title='bbox 1171 3167 1317 3259; x_wconf 88' lang='lat' dir='ltr'>impiam</span> <span class='ocrx_word' id='word_1_298' title='bbox 1333 3188 1419 3240; x_wconf 85' lang='lat' dir='ltr'>esse.</span> <span class='ocrx_word' id='word_1_299' title='bbox 1471 3176 1506 3233; x_wconf 94' lang='lat' dir='ltr'>et</span> <span class='ocrx_word' id='word_1_300' title='bbox 1522 3162 1699 3253; x_wconf 91' lang='lat' dir='ltr'>impletur.</span> 
     </span>
    </p>

    <p class='ocr_par' dir='ltr' id='par_1_9' title="bbox 431 3259 2462 3767">
     <span class='ocr_line' id='line_1_26' title="bbox 534 3259 2462 3360; baseline 0.001 -20"><span class='ocrx_word' id='word_1_301' title='bbox 534 3265 595 3340; x_wconf 84' lang='grc'><strong>85.</strong></span> <span class='ocrx_word' id='word_1_302' title='bbox 629 3261 685 3335; x_wconf 84' lang='lat' dir='ltr'>Ex</span> <span class='ocrx_word' id='word_1_303' title='bbox 707 3260 766 3334; x_wconf 90' lang='lat' dir='ltr'>his</span> <span class='ocrx_word' id='word_1_304' title='bbox 787 3265 890 3335; x_wconf 81' lang='lat' dir='ltr'>facile</span> <span class='ocrx_word' id='word_1_305' title='bbox 913 3266 1064 3335; x_wconf 91' lang='lat' dir='ltr'>iudicari</span> <span class='ocrx_word' id='word_1_306' title='bbox 1089 3281 1220 3357; x_wconf 89' lang='lat' dir='ltr'>potest,</span> <span class='ocrx_word' id='word_1_307' title='bbox 1244 3278 1419 3360; x_wconf 86' lang='lat' dir='ltr'>quatenus</span> <span class='ocrx_word' id='word_1_308' title='bbox 1577 3263 1637 3336; x_wconf 92' lang='grc'><strong>11.</strong></span> <span class='ocrx_word' id='word_1_309' title='bbox 1677 3259 1729 3330; x_wconf 90' lang='lat' dir='ltr'>lta</span> <span class='ocrx_word' id='word_1_310' title='bbox 1758 3272 1938 3353; x_wconf 91' lang='lat' dir='ltr'>utrunque</span> <span class='ocrx_word' id='word_1_311' title='bbox 1969 3260 2256 3349; x_wconf 84' lang='lat' dir='ltr'>Testamentum,</span> <span class='ocrx_word' id='word_1_312' title='bbox 2296 3278 2397 3337; x_wconf 81' lang='lat' dir='ltr'>vetus</span> <span class='ocrx_word' id='word_1_313' title='bbox 2424 3283 2462 3341; x_wconf 90' lang='lat' dir='ltr'>et</span> 
     </span>
     <span class='ocr_line' id='line_1_27' title="bbox 432 3355 2460 3462; baseline 0.001 -27"><span class='ocrx_word' id='word_1_314' title='bbox 432 3368 578 3440; x_wconf 88' lang='lat' dir='ltr'>valeant</span> <span class='ocrx_word' id='word_1_315' title='bbox 604 3364 856 3460; x_wconf 86' lang='lat' dir='ltr'>promissiones</span> <span class='ocrx_word' id='word_1_316' title='bbox 884 3365 1029 3457; x_wconf 88' lang='lat' dir='ltr'>legales,</span> <span class='ocrx_word' id='word_1_317' title='bbox 1064 3381 1098 3439; x_wconf 90' lang='lat' dir='ltr'>et</span> <span class='ocrx_word' id='word_1_318' title='bbox 1120 3369 1303 3462; x_wconf 91' lang='lat' dir='ltr'>quomodo</span> <span class='ocrx_word' id='word_1_319' title='bbox 1325 3368 1420 3437; x_wconf 91' lang='lat' dir='ltr'>bona</span> <span class='ocrx_word' id='word_1_320' title='bbox 1472 3385 1629 3448; x_wconf 87' lang='lat' dir='ltr'>norum,</span> <span class='ocrx_word' id='word_1_321' title='bbox 1661 3355 1731 3433; x_wconf 91' lang='lat' dir='ltr'>hoc</span> <span class='ocrx_word' id='word_1_322' title='bbox 1752 3374 1819 3433; x_wconf 84' lang='lat' dir='ltr'>est:</span> <span class='ocrx_word' id='word_1_323' title='bbox 1844 3361 1917 3433; x_wconf 83' lang='lat' dir='ltr'>Lex</span> <span class='ocrx_word' id='word_1_324' title='bbox 1945 3359 2231 3455; x_wconf 84' lang='lat' dir='ltr'>etErangelium</span> <span class='ocrx_word' id='word_1_325' title='bbox 2263 3387 2402 3462; x_wconf 89' lang='lat' dir='ltr'>semper</span> <span class='ocrx_word' id='word_1_326' title='bbox 2418 3370 2460 3439; x_wconf 92' lang='lat' dir='ltr'>in</span> 
     </span>
     <span class='ocr_line' id='line_1_28' title="bbox 434 3462 2039 3562; baseline 0.001 -24"><span class='ocrx_word' id='word_1_327' title='bbox 434 3493 540 3561; x_wconf 87' lang='lat' dir='ltr'>opera</span> <span class='ocrx_word' id='word_1_328' title='bbox 564 3481 768 3540; x_wconf 91' lang='lat' dir='ltr'>mereantur</span> <span class='ocrx_word' id='word_1_329' title='bbox 791 3468 967 3561; x_wconf 90' lang='lat' dir='ltr'>praemia,</span> <span class='ocrx_word' id='word_1_330' title='bbox 1000 3484 1035 3540; x_wconf 89' lang='lat' dir='ltr'>et</span> <span class='ocrx_word' id='word_1_331' title='bbox 1058 3470 1236 3562; x_wconf 89' lang='lat' dir='ltr'>quomodo</span> <span class='ocrx_word' id='word_1_332' title='bbox 1261 3469 1420 3540; x_wconf 91' lang='lat' dir='ltr'>conditio</span> <span class='ocrx_word' id='word_1_333' title='bbox 1473 3466 1608 3537; x_wconf 90' lang='lat' dir='ltr'>mundo</span> <span class='ocrx_word' id='word_1_334' title='bbox 1623 3465 1814 3537; x_wconf 80' lang='lat' dir='ltr'>extiterunt</span> <span class='ocrx_word' id='word_1_335' title='bbox 1830 3476 1864 3534; x_wconf 91' lang='lat' dir='ltr'>et</span> <span class='ocrx_word' id='word_1_336' title='bbox 1880 3462 2039 3541; x_wconf 86' lang='lat' dir='ltr'>existent.</span> 
     </span>
     <span class='ocr_line' id='line_1_29' title="bbox 431 3564 2460 3664; baseline 0.002 -25"><span class='ocrx_word' id='word_1_337' title='bbox 431 3570 538 3662; x_wconf 86' lang='lat' dir='ltr'>legis,</span> <span class='ocrx_word' id='word_1_338' title='bbox 563 3594 654 3664; x_wconf 90' lang='lat' dir='ltr'>quae</span> <span class='ocrx_word' id='word_1_339' title='bbox 675 3594 713 3639; x_wconf 92' lang='lat' dir='ltr'>re</span> <span class='ocrx_word' id='word_1_340' title='bbox 738 3571 815 3661; x_wconf 92' lang='lat' dir='ltr'>ipsa</span> <span class='ocrx_word' id='word_1_341' title='bbox 836 3583 889 3640; x_wconf 90' lang='lat' dir='ltr'>est</span> <span class='ocrx_word' id='word_1_342' title='bbox 905 3570 1152 3660; x_wconf 91' lang='lat' dir='ltr'>impossibilis,</span> <span class='ocrx_word' id='word_1_343' title='bbox 1177 3595 1240 3662; x_wconf 89' lang='lat' dir='ltr'>per</span> <span class='ocrx_word' id='word_1_344' title='bbox 1254 3568 1421 3661; x_wconf 82' lang='lat' dir='ltr'>Evange-</span> <span class='ocrx_word' id='word_1_345' title='bbox 1578 3569 1638 3639; x_wconf 75' lang='lat'>12.</span> <span class='ocrx_word' id='word_1_346' title='bbox 1676 3564 1768 3637; x_wconf 87' lang='lat' dir='ltr'>Nam</span> <span class='ocrx_word' id='word_1_347' title='bbox 1790 3567 1846 3634; x_wconf 80' lang='lat' dir='ltr'>lex</span> <span class='ocrx_word' id='word_1_348' title='bbox 1867 3566 1911 3635; x_wconf 91' lang='lat' dir='ltr'>ad</span> <span class='ocrx_word' id='word_1_349' title='bbox 1935 3566 2218 3637; x_wconf 86' lang='lat' dir='ltr'>iustificationern</span> <span class='ocrx_word' id='word_1_350' title='bbox 2240 3592 2360 3641; x_wconf 86' lang='lat' dir='ltr'>coram</span> <span class='ocrx_word' id='word_1_351' title='bbox 2380 3567 2460 3643; x_wconf 89' lang='lat' dir='ltr'>Deo</span> 
     </span>
     <span class='ocr_line' id='line_1_30' title="bbox 432 3663 2217 3767; baseline -0.001 -26"><span class='ocrx_word' id='word_1_352' title='bbox 432 3673 522 3743; x_wconf 92' lang='lat' dir='ltr'>lium</span> <span class='ocrx_word' id='word_1_353' title='bbox 535 3674 741 3767; x_wconf 88' lang='lat' dir='ltr'>suppleatur</span> <span class='ocrx_word' id='word_1_354' title='bbox 755 3671 975 3764; x_wconf 90' lang='lat' dir='ltr'>imputative.</span> <span class='ocrx_word' id='word_1_355' title='bbox 1473 3669 1549 3740; x_wconf 90' lang='lat' dir='ltr'>sine</span> <span class='ocrx_word' id='word_1_356' title='bbox 1566 3663 1761 3757; x_wconf 80' lang='lat' dir='ltr'>Evangelio</span> <span class='ocrx_word' id='word_1_357' title='bbox 1776 3666 1985 3758; x_wconf 91' lang='lat' dir='ltr'>simpliciter</span> <span class='ocrx_word' id='word_1_358' title='bbox 2000 3667 2140 3739; x_wconf 91' lang='lat' dir='ltr'>inutilis</span> <span class='ocrx_word' id='word_1_359' title='bbox 2154 3681 2217 3740; x_wconf 89' lang='lat' dir='ltr'>est.</span> 
     </span>
    </p>

    <p class='ocr_par' dir='ltr' id='par_1_10' title="bbox 434 3767 2464 4169">
     <span class='ocr_line' id='line_1_31' title="bbox 536 3767 2460 3860; baseline -0.001 -15"><span class='ocrx_word' id='word_1_360' title='bbox 536 3774 599 3845; x_wconf 81' lang='grc'><strong>88.</strong></span> <span class='ocrx_word' id='word_1_361' title='bbox 634 3774 737 3844; x_wconf 88' lang='lat' dir='ltr'>Plato</span> <span class='ocrx_word' id='word_1_362' title='bbox 764 3786 857 3843; x_wconf 89' lang='lat' dir='ltr'>recte</span> <span class='ocrx_word' id='word_1_363' title='bbox 880 3784 915 3842; x_wconf 93' lang='lat' dir='ltr'>et</span> <span class='ocrx_word' id='word_1_364' title='bbox 937 3783 1084 3841; x_wconf 87' lang='lat' dir='ltr'>venuste</span> <span class='ocrx_word' id='word_1_365' title='bbox 1103 3771 1211 3841; x_wconf 85' lang='lat' dir='ltr'>dixit:</span> <span class='ocrx_word' id='word_1_366' title='bbox 1243 3767 1422 3845; x_wconf 89' lang='lat' dir='ltr'>Coelestes</span> <span class='ocrx_word' id='word_1_367' title='bbox 1579 3771 1639 3843; x_wconf 83' lang='grc'><strong>18.</strong></span> <span class='ocrx_word' id='word_1_368' title='bbox 1672 3767 1721 3841; x_wconf 84' lang='lat' dir='ltr'>Et</span> <span class='ocrx_word' id='word_1_369' title='bbox 1738 3782 1853 3860; x_wconf 88' lang='lat' dir='ltr'>patres</span> <span class='ocrx_word' id='word_1_370' title='bbox 1870 3768 2047 3842; x_wconf 83' lang='lat' dir='ltr'>iustificati</span> <span class='ocrx_word' id='word_1_371' title='bbox 2065 3783 2101 3843; x_wconf 92' lang='lat' dir='ltr'>et</span> <span class='ocrx_word' id='word_1_372' title='bbox 2116 3771 2242 3844; x_wconf 85' lang='lat' dir='ltr'>salvati</span> <span class='ocrx_word' id='word_1_373' title='bbox 2257 3786 2361 3860; x_wconf 88' lang='lat' dir='ltr'>sunt,</span> <span class='ocrx_word' id='word_1_374' title='bbox 2384 3794 2460 3843; x_wconf 91' lang='lat' dir='ltr'>non</span> 
     </span>
     <span class='ocr_line' id='line_1_32' title="bbox 435 3866 2462 3967; baseline 0.001 -23"><span class='ocrx_word' id='word_1_375' title='bbox 435 3877 539 3947; x_wconf 91' lang='lat' dir='ltr'>orbes</span> <span class='ocrx_word' id='word_1_376' title='bbox 561 3877 729 3948; x_wconf 86' lang='lat' dir='ltr'>dissectos</span> <span class='ocrx_word' id='word_1_377' title='bbox 755 3873 866 3965; x_wconf 83' lang='lat' dir='ltr'>figura</span> <span class='ocrx_word' id='word_1_378' title='bbox 888 3872 1010 3945; x_wconf 88' lang='lat' dir='ltr'>literae</span> <span class='ocrx_word' id='word_1_379' title='bbox 1033 3897 1059 3964; x_wconf 90' lang='grc' dir='ltr'><em>χ</em></span> <span class='ocrx_word' id='word_1_380' title='bbox 1085 3871 1283 3945; x_wconf 90' lang='lat' dir='ltr'>contrarios</span> <span class='ocrx_word' id='word_1_381' title='bbox 1304 3886 1422 3946; x_wconf 89' lang='lat' dir='ltr'>motus</span> <span class='ocrx_word' id='word_1_382' title='bbox 1469 3872 1538 3966; x_wconf 86' lang='lat' dir='ltr'>¹per</span> <span class='ocrx_word' id='word_1_383' title='bbox 1561 3874 1696 3964; x_wconf 82' lang='lat' dir='ltr'>legem,</span> <span class='ocrx_word' id='word_1_384' title='bbox 1719 3872 1777 3942; x_wconf 93' lang='lat' dir='ltr'>sed</span> <span class='ocrx_word' id='word_1_385' title='bbox 1803 3893 1867 3962; x_wconf 88' lang='lat' dir='ltr'>per</span> <span class='ocrx_word' id='word_1_386' title='bbox 1886 3866 2140 3962; x_wconf 88' lang='lat' dir='ltr'>Evangelium,</span> <span class='ocrx_word' id='word_1_387' title='bbox 2165 3875 2248 3967; x_wconf 89' lang='lat' dir='ltr'>quia</span> <span class='ocrx_word' id='word_1_388' title='bbox 2270 3875 2340 3947; x_wconf 88' lang='lat' dir='ltr'>lide</span> <span class='ocrx_word' id='word_1_389' title='bbox 2362 3896 2462 3947; x_wconf 85' lang='lat' dir='ltr'>acce-</span> 
     </span>
     <span class='ocr_line' id='line_1_33' title="bbox 434 3971 2464 4069; baseline 0 -22"><span class='ocrx_word' id='word_1_390' title='bbox 434 3978 580 4049; x_wconf 85' lang='lat' dir='ltr'>eificere.</span> <span class='ocrx_word' id='word_1_391' title='bbox 1474 3989 1605 4068; x_wconf 88' lang='lat' dir='ltr'>pemnt</span> <span class='ocrx_word' id='word_1_392' title='bbox 1622 3971 1947 4044; x_wconf 86' lang='lat' dir='ltr'>reconciliationem</span> <span class='ocrx_word' id='word_1_393' title='bbox 1963 3988 1997 4047; x_wconf 91' lang='lat' dir='ltr'>et</span> <span class='ocrx_word' id='word_1_394' title='bbox 2013 3972 2189 4066; x_wconf 86' lang='lat' dir='ltr'>Spiritum</span> <span class='ocrx_word' id='word_1_395' title='bbox 2201 3988 2363 4046; x_wconf 90' lang='lat' dir='ltr'>sanctum</span> <span class='ocrx_word' id='word_1_396' title='bbox 2377 3999 2464 4069; x_wconf 91' lang='lat' dir='ltr'>pro·</span> 
     </span>
     <span class='ocr_line' id='line_1_34' title="bbox 437 4072 1762 4169; baseline 0.002 -23"><span class='ocrx_word' id='word_1_397' title='bbox 437 4088 442 4103; x_wconf 93' lang='lat'>&#39;</span> <span class='ocrx_word' id='word_1_398' title='bbox 1474 4089 1553 4169; x_wconf 92' lang='lat' dir='ltr'>pter</span> <span class='ocrx_word' id='word_1_399' title='bbox 1567 4072 1762 4148; x_wconf 88' lang='lat' dir='ltr'>Christum.</span> 
     </span>
    </p>
   </div>
   <div class='ocr_carea' id='block_1_3' title="bbox 436 4173 2464 4307">
    <p class='ocr_par' dir='ltr' id='par_1_11' title="bbox 436 4173 2464 4307">
     <span class='ocr_line' id='line_1_35' title="bbox 436 4173 2464 4307; baseline -0.013 -33"><span class='ocrx_word' id='word_1_400' title='bbox 436 4206 617 4307; x_wconf 63' lang='lat' dir='ltr'><strong>(XVIII.)</strong></span> <span class='ocrx_word' id='word_1_401' title='bbox 659 4211 776 4284; x_wconf 68' lang='lat' dir='ltr'>,ma</span> <span class='ocrx_word' id='word_1_402' title='bbox 800 4206 1096 4302; x_wconf 55' lang='lat' dir='ltr'>dipputatgog</span> <span class='ocrx_word' id='word_1_403' title='bbox 1131 4204 1179 4279; x_wconf 60' lang='lat' dir='ltr'>ge</span> <span class='ocrx_word' id='word_1_404' title='bbox 1201 4205 1422 4280; x_wconf 46' lang='lat' dir='ltr'>afflamine</span> <span class='ocrx_word' id='word_1_405' title='bbox 1574 4176 1636 4247; x_wconf 87' lang='lat'>14.</span> <span class='ocrx_word' id='word_1_406' title='bbox 1660 4173 1963 4245; x_wconf 89' lang='lat' dir='ltr'>Perniciosissime</span> <span class='ocrx_word' id='word_1_407' title='bbox 1977 4189 2098 4247; x_wconf 90' lang='lat' dir='ltr'>errant</span> <span class='ocrx_word' id='word_1_408' title='bbox 2109 4176 2180 4259; x_wconf 93' lang='lat' dir='ltr'>isti,</span> <span class='ocrx_word' id='word_1_409' title='bbox 2206 4178 2267 4271; x_wconf 91' lang='lat' dir='ltr'>qui</span> <span class='ocrx_word' id='word_1_410' title='bbox 2282 4175 2464 4247; x_wconf 88' lang='lat' dir='ltr'>somniant</span> 
     </span>
    </p>
   </div>
   <div class='ocr_carea' id='block_1_4' title="bbox 435 4270 2464 4505">
    <p class='ocr_par' dir='ltr' id='par_1_12' title="bbox 435 4270 2464 4505">
     <span class='ocr_line' id='line_1_36' title="bbox 435 4270 2464 4408; baseline -0.009 -24"><span class='ocrx_word' id='word_1_411' title='bbox 435 4321 572 4388; x_wconf 84' lang='lat' dir='ltr'>ueteris</span> <span class='ocrx_word' id='word_1_412' title='bbox 586 4323 623 4384; x_wconf 86' lang='lat' dir='ltr'>et</span> <span class='ocrx_word' id='word_1_413' title='bbox 637 4318 723 4386; x_wconf 82' lang='lat' dir='ltr'>novi</span> <span class='ocrx_word' id='word_1_414' title='bbox 745 4315 998 4398; x_wconf 83' lang='lat' dir='ltr'>Testamenti,</span> <span class='ocrx_word' id='word_1_415' title='bbox 1026 4306 1140 4402; x_wconf 80' lang='lat' dir='ltr'>deque</span> <span class='ocrx_word' id='word_1_416' title='bbox 1154 4310 1250 4406; x_wconf 75' lang='lat' dir='ltr'>lepis</span> <span class='ocrx_word' id='word_1_417' title='bbox 1264 4308 1424 4408; x_wconf 75' lang='lat' dir='ltr'>abroga-</span> <span class='ocrx_word' id='word_1_418' title='bbox 1476 4277 1587 4366; x_wconf 48' lang='lat' dir='ltr'>hiem</span> <span class='ocrx_word' id='word_1_419' title='bbox 1596 4274 1694 4393; x_wconf 58' lang='lat' dir='ltr'>MP⁵3</span> <span class='ocrx_word' id='word_1_420' title='bbox 1708 4270 1875 4346; x_wconf 58' lang='lat' dir='ltr'>h³b¹¹l⁸⁸⁹</span> <span class='ocrx_word' id='word_1_421' title='bbox 1890 4289 1983 4397; x_wconf 57' lang='lat' dir='ltr'><strong>‘effa</strong></span> <span class='ocrx_word' id='word_1_422' title='bbox 1999 4301 2106 4369; x_wconf 51' lang='lat' dir='ltr'>⁰1³0OE</span> <span class='ocrx_word' id='word_1_423' title='bbox 2122 4292 2227 4372; x_wconf 90' lang='lat' dir='ltr'>atque</span> <span class='ocrx_word' id='word_1_424' title='bbox 2241 4275 2464 4396; x_wconf 60' lang='lat' dir='ltr'>⁰b30fvflfi⁰3</span> 
     </span>
     <span class='ocr_line' id='line_1_37' title="bbox 592 4373 2464 4505; baseline -0.014 -35"><span class='ocrx_word' id='word_1_425' title='bbox 592 4421 706 4490; x_wconf 63' lang='lat' dir='ltr'>tim,</span> <span class='ocrx_word' id='word_1_426' title='bbox 756 4419 860 4505; x_wconf 59' lang='lat' dir='ltr'>(opp,</span> <span class='ocrx_word' id='word_1_427' title='bbox 877 4417 973 4483; x_wconf 61' lang='lat' dir='ltr'>Ml,</span> <span class='ocrx_word' id='word_1_428' title='bbox 992 4416 1033 4499; x_wconf 53' lang='lat' dir='ltr'>T,</span> <span class='ocrx_word' id='word_1_429' title='bbox 1049 4414 1109 4486; x_wconf 52' lang='lat'><strong>111·</strong></span> <span class='ocrx_word' id='word_1_430' title='bbox 1128 4439 1161 4499; x_wconf 53' lang='lat' dir='ltr'>p,</span> <span class='ocrx_word' id='word_1_431' title='bbox 1179 4417 1269 4498; x_wconf 44' lang='lat'>303⁰)</span> <span class='ocrx_word' id='word_1_432' title='bbox 1476 4400 1560 4463; x_wconf 90' lang='lat' dir='ltr'>nes,</span> <span class='ocrx_word' id='word_1_433' title='bbox 1593 4378 1723 4470; x_wconf 77' lang='lat' dir='ltr'>quibus</span> <span class='ocrx_word' id='word_1_434' title='bbox 1754 4392 1838 4449; x_wconf 89' lang='lat' dir='ltr'>tunc</span> <span class='ocrx_word' id='word_1_435' title='bbox 1863 4373 2027 4449; x_wconf 77' lang='lat' dir='ltr'>homines</span> <span class='ocrx_word' id='word_1_436' title='bbox 2049 4401 2167 4450; x_wconf 91' lang='lat' dir='ltr'>coram</span> <span class='ocrx_word' id='word_1_437' title='bbox 2190 4376 2266 4449; x_wconf 90' lang='lat' dir='ltr'>Deo</span> <span class='ocrx_word' id='word_1_438' title='bbox 2287 4376 2464 4448; x_wconf 82' lang='lat' dir='ltr'>rustrficatr</span> 
     </span>
    </p>
   </div>
   <div class='ocr_carea' id='block_1_5' title="bbox 436 4476 2471 5975">
    <p class='ocr_par' dir='ltr' id='par_1_13' title="bbox 436 4476 2471 5975">
     <span class='ocr_line' id='line_1_38' title="bbox 1476 4476 2464 4571; baseline -0.003 -22"><span class='ocrx_word' id='word_1_439' title='bbox 1476 4479 1558 4550; x_wconf 86' lang='lat' dir='ltr'>sint·</span> <span class='ocrx_word' id='word_1_440' title='bbox 1609 4476 1658 4550; x_wconf 83' lang='lat' dir='ltr'>Et</span> <span class='ocrx_word' id='word_1_441' title='bbox 1677 4503 1776 4550; x_wconf 91' lang='lat' dir='ltr'>nunc</span> <span class='ocrx_word' id='word_1_442' title='bbox 1792 4478 2027 4570; x_wconf 84' lang='lat' dir='ltr'>Evangelium</span> <span class='ocrx_word' id='word_1_443' title='bbox 2048 4479 2269 4563; x_wconf 85' lang='lat' dir='ltr'>successisse,</span> <span class='ocrx_word' id='word_1_444' title='bbox 2295 4491 2464 4571; x_wconf 86' lang='lat' dir='ltr'>tanquam</span> 
     </span>
     <span class='ocr_line' id='line_1_39' title="bbox 436 4567 2464 4677; baseline -0.003 -22"><span class='ocrx_word' id='word_1_445' title='bbox 436 4567 665 4675; x_wconf 76' lang='lat' dir='ltr'>Magnopere</span> <span class='ocrx_word' id='word_1_446' title='bbox 694 4585 839 4675; x_wconf 88' lang='lat' dir='ltr'>prodest</span> <span class='ocrx_word' id='word_1_447' title='bbox 865 4593 985 4652; x_wconf 91' lang='lat' dir='ltr'>tenere</span> <span class='ocrx_word' id='word_1_448' title='bbox 1015 4576 1205 4651; x_wconf 88' lang='lat' dir='ltr'>discrimen</span> <span class='ocrx_word' id='word_1_449' title='bbox 1234 4577 1363 4649; x_wconf 88' lang='lat' dir='ltr'>veteris</span> <span class='ocrx_word' id='word_1_450' title='bbox 1389 4595 1425 4652; x_wconf 89' lang='lat' dir='ltr'>et</span> <span class='ocrx_word' id='word_1_451' title='bbox 1475 4583 1589 4673; x_wconf 87' lang='lat' dir='ltr'>legem</span> <span class='ocrx_word' id='word_1_452' title='bbox 1612 4581 1813 4666; x_wconf 90' lang='lat' dir='ltr'>meliorem,</span> <span class='ocrx_word' id='word_1_453' title='bbox 1838 4583 1934 4677; x_wconf 91' lang='lat' dir='ltr'>quod</span> <span class='ocrx_word' id='word_1_454' title='bbox 1952 4579 2168 4653; x_wconf 90' lang='lat' dir='ltr'>ceremonias</span> <span class='ocrx_word' id='word_1_455' title='bbox 2185 4579 2336 4650; x_wconf 89' lang='lat' dir='ltr'>leviores</span> <span class='ocrx_word' id='word_1_456' title='bbox 2350 4577 2464 4649; x_wconf 91' lang='lat' dir='ltr'>tradi·</span> 
     </span>
     <span class='ocr_line' id='line_1_40' title="bbox 437 4677 2464 4780; baseline -0.002 -24"><span class='ocrx_word' id='word_1_457' title='bbox 437 4685 525 4757; x_wconf 87' lang='lat' dir='ltr'>novi</span> <span class='ocrx_word' id='word_1_458' title='bbox 538 4683 774 4773; x_wconf 88' lang='lat' dir='ltr'>Testamenti,</span> <span class='ocrx_word' id='word_1_459' title='bbox 799 4684 882 4780; x_wconf 91' lang='lat' dir='ltr'>quia</span> <span class='ocrx_word' id='word_1_460' title='bbox 902 4679 1037 4752; x_wconf 86' lang='lat' dir='ltr'>infiniti</span> <span class='ocrx_word' id='word_1_461' title='bbox 1058 4702 1194 4751; x_wconf 89' lang='lat' dir='ltr'>errores</span> <span class='ocrx_word' id='word_1_462' title='bbox 1213 4681 1326 4772; x_wconf 88' lang='lat' dir='ltr'>sparsi</span> <span class='ocrx_word' id='word_1_463' title='bbox 1341 4693 1425 4753; x_wconf 88' lang='lat' dir='ltr'>sunt</span> <span class='ocrx_word' id='word_1_464' title='bbox 1478 4682 1590 4768; x_wconf 79' lang='lat' dir='ltr'>derit,</span> <span class='ocrx_word' id='word_1_465' title='bbox 1616 4695 1650 4753; x_wconf 91' lang='lat' dir='ltr'>et</span> <span class='ocrx_word' id='word_1_466' title='bbox 1664 4680 1881 4774; x_wconf 89' lang='lat' dir='ltr'>Decalogum</span> <span class='ocrx_word' id='word_1_467' title='bbox 1896 4683 2065 4780; x_wconf 87' lang='lat' dir='ltr'>requirit,</span> <span class='ocrx_word' id='word_1_468' title='bbox 2090 4696 2131 4756; x_wconf 88' lang='lat' dir='ltr'>ut</span> <span class='ocrx_word' id='word_1_469' title='bbox 2151 4677 2206 4752; x_wconf 89' lang='lat' dir='ltr'>his</span> <span class='ocrx_word' id='word_1_470' title='bbox 2221 4681 2388 4774; x_wconf 91' lang='lat' dir='ltr'>operibus</span> <span class='ocrx_word' id='word_1_471' title='bbox 2403 4680 2464 4753; x_wconf 81' lang='lat' dir='ltr'>iu-&#39;</span> 
     </span>
     <span class='ocr_line' id='line_1_41' title="bbox 437 4780 1858 4881; baseline 0.004 -28"><span class='ocrx_word' id='word_1_472' title='bbox 437 4788 478 4855; x_wconf 90' lang='lat' dir='ltr'>in</span> <span class='ocrx_word' id='word_1_473' title='bbox 493 4782 633 4859; x_wconf 91' lang='lat' dir='ltr'>Scbolis</span> <span class='ocrx_word' id='word_1_474' title='bbox 652 4813 691 4859; x_wconf 87' lang='lat' dir='ltr'>ac</span> <span class='ocrx_word' id='word_1_475' title='bbox 707 4789 856 4881; x_wconf 88' lang='lat' dir='ltr'>populo,</span> <span class='ocrx_word' id='word_1_476' title='bbox 881 4798 1066 4879; x_wconf 89' lang='lat' dir='ltr'>propterea</span> <span class='ocrx_word' id='word_1_477' title='bbox 1083 4782 1167 4877; x_wconf 89' lang='lat' dir='ltr'>quia</span> <span class='ocrx_word' id='word_1_478' title='bbox 1181 4783 1218 4854; x_wconf 89' lang='lat' dir='ltr'>id</span> <span class='ocrx_word' id='word_1_479' title='bbox 1234 4783 1425 4855; x_wconf 90' lang='lat' dir='ltr'>discrimen</span> <span class='ocrx_word' id='word_1_480' title='bbox 1476 4785 1672 4858; x_wconf 89' lang='lat' dir='ltr'>stilicentur</span> <span class='ocrx_word' id='word_1_481' title='bbox 1683 4780 1858 4859; x_wconf 88' lang='lat' dir='ltr'>homines.</span> 
     </span>
     <span class='ocr_line' id='line_1_42' title="bbox 440 4882 2467 4979; baseline 0 -26"><span class='ocrx_word' id='word_1_482' title='bbox 440 4906 516 4955; x_wconf 88' lang='lat' dir='ltr'>non</span> <span class='ocrx_word' id='word_1_483' title='bbox 530 4902 581 4958; x_wconf 86' lang='lat' dir='ltr'>est</span> <span class='ocrx_word' id='word_1_484' title='bbox 595 4891 823 4963; x_wconf 86' lang='lat' dir='ltr'>intellectum.</span> <span class='ocrx_word' id='word_1_485' title='bbox 1323 4964 1329 4971; x_wconf 63' lang='grc'><strong>,</strong></span> <span class='ocrx_word' id='word_1_486' title='bbox 1582 4882 1642 4958; x_wconf 84' lang='grc'><strong>15.</strong></span> <span class='ocrx_word' id='word_1_487' title='bbox 1674 4886 1794 4961; x_wconf 90' lang='lat' dir='ltr'>Multo</span> <span class='ocrx_word' id='word_1_488' title='bbox 1816 4887 1926 4979; x_wconf 88' lang='lat' dir='ltr'>magis</span> <span class='ocrx_word' id='word_1_489' title='bbox 1951 4900 2071 4959; x_wconf 90' lang='lat' dir='ltr'>errant</span> <span class='ocrx_word' id='word_1_490' title='bbox 2085 4885 2293 4965; x_wconf 84' lang='lat' dir='ltr'>Pontifices,</span> <span class='ocrx_word' id='word_1_491' title='bbox 2318 4883 2381 4979; x_wconf 94' lang='lat' dir='ltr'>qui</span> <span class='ocrx_word' id='word_1_492' title='bbox 2398 4906 2467 4975; x_wconf 93' lang='lat' dir='ltr'>pu·</span> 
     </span>
     <span class='ocr_line' id='line_1_43' title="bbox 543 4980 2467 5075; baseline -0.002 -18"><span class='ocrx_word' id='word_1_493' title='bbox 543 4990 580 5059; x_wconf 75' lang='lat'>2.</span> <span class='ocrx_word' id='word_1_494' title='bbox 612 4988 724 5059; x_wconf 88' lang='lat' dir='ltr'>Vetos</span> <span class='ocrx_word' id='word_1_495' title='bbox 732 4989 1000 5062; x_wconf 89' lang='lat' dir='ltr'>Testamentum</span> <span class='ocrx_word' id='word_1_496' title='bbox 1016 4987 1072 5057; x_wconf 84' lang='lat' dir='ltr'>lex</span> <span class='ocrx_word' id='word_1_497' title='bbox 1088 4998 1150 5071; x_wconf 91' lang='lat' dir='ltr'>est,</span> <span class='ocrx_word' id='word_1_498' title='bbox 1175 4980 1244 5057; x_wconf 90' lang='lat' dir='ltr'>hoc</span> <span class='ocrx_word' id='word_1_499' title='bbox 1259 5000 1330 5075; x_wconf 89' lang='lat' dir='ltr'>est,</span> <span class='ocrx_word' id='word_1_500' title='bbox 1352 4984 1427 5058; x_wconf 88' lang='lat' dir='ltr'>De-</span> <span class='ocrx_word' id='word_1_501' title='bbox 1478 5002 1555 5060; x_wconf 90' lang='lat' dir='ltr'>tant</span> <span class='ocrx_word' id='word_1_502' title='bbox 1573 4984 1748 5060; x_wconf 90' lang='lat' dir='ltr'>humanas</span> <span class='ocrx_word' id='word_1_503' title='bbox 1764 4988 1973 5060; x_wconf 89' lang='lat' dir='ltr'>traditiones</span> <span class='ocrx_word' id='word_1_504' title='bbox 1988 5012 2062 5059; x_wconf 88' lang='lat' dir='ltr'>esse</span> <span class='ocrx_word' id='word_1_505' title='bbox 2076 4987 2286 5058; x_wconf 88' lang='lat' dir='ltr'>necessarias</span> <span class='ocrx_word' id='word_1_506' title='bbox 2301 4987 2346 5057; x_wconf 89' lang='lat' dir='ltr'>ad</span> <span class='ocrx_word' id='word_1_507' title='bbox 2362 4986 2467 5055; x_wconf 88' lang='lat' dir='ltr'>iusti·</span> 
     </span>
     <span class='ocr_line' id='line_1_44' title="bbox 440 5086 2468 5184; baseline -0.001 -25"><span class='ocrx_word' id='word_1_508' title='bbox 440 5088 584 5176; x_wconf 79' lang='lat' dir='ltr'>calogus</span> <span class='ocrx_word' id='word_1_509' title='bbox 615 5100 648 5158; x_wconf 88' lang='lat' dir='ltr'>ct</span> <span class='ocrx_word' id='word_1_510' title='bbox 675 5091 764 5160; x_wconf 88' lang='lat' dir='ltr'>aliae</span> <span class='ocrx_word' id='word_1_511' title='bbox 787 5092 1029 5164; x_wconf 91' lang='lat' dir='ltr'>ordinationes</span> <span class='ocrx_word' id='word_1_512' title='bbox 1054 5088 1238 5184; x_wconf 86' lang='lat' dir='ltr'>politicae,</span> <span class='ocrx_word' id='word_1_513' title='bbox 1269 5101 1306 5160; x_wconf 93' lang='lat' dir='ltr'>et</span> <span class='ocrx_word' id='word_1_514' title='bbox 1328 5112 1428 5159; x_wconf 89' lang='lat' dir='ltr'>cere·</span> <span class='ocrx_word' id='word_1_515' title='bbox 1480 5092 1570 5161; x_wconf 90' lang='lat' dir='ltr'>ciam</span> <span class='ocrx_word' id='word_1_516' title='bbox 1589 5090 1675 5159; x_wconf 92' lang='lat' dir='ltr'>novi</span> <span class='ocrx_word' id='word_1_517' title='bbox 1688 5087 1930 5173; x_wconf 87' lang='lat' dir='ltr'>Testamenti,</span> <span class='ocrx_word' id='word_1_518' title='bbox 1952 5089 2041 5160; x_wconf 92' lang='lat' dir='ltr'>sicut</span> <span class='ocrx_word' id='word_1_519' title='bbox 2057 5102 2185 5181; x_wconf 91' lang='lat' dir='ltr'>putant</span> <span class='ocrx_word' id='word_1_520' title='bbox 2205 5088 2245 5157; x_wconf 89' lang='lat' dir='ltr'>in</span> <span class='ocrx_word' id='word_1_521' title='bbox 2265 5088 2341 5178; x_wconf 89' lang='lat' dir='ltr'>lege</span> <span class='ocrx_word' id='word_1_522' title='bbox 2356 5086 2468 5171; x_wconf 90' lang='lat' dir='ltr'>Mosi,</span> 
     </span>
     <span class='ocr_line' id='line_1_45' title="bbox 441 5188 2469 5284; baseline -0.001 -25"><span class='ocrx_word' id='word_1_523' title='bbox 441 5189 584 5261; x_wconf 89' lang='lat' dir='ltr'>mouiae</span> <span class='ocrx_word' id='word_1_524' title='bbox 600 5191 742 5260; x_wconf 91' lang='lat' dir='ltr'>additae</span> <span class='ocrx_word' id='word_1_525' title='bbox 757 5189 946 5284; x_wconf 82' lang='lat' dir='ltr'>Decalogo.</span> <span class='ocrx_word' id='word_1_526' title='bbox 1141 5277 1144 5283; x_wconf 25' lang='grc' dir='ltr'>Ι</span> <span class='ocrx_word' id='word_1_527' title='bbox 1480 5191 1699 5262; x_wconf 90' lang='lat' dir='ltr'>ceremonias</span> <span class='ocrx_word' id='word_1_528' title='bbox 1726 5188 1834 5260; x_wconf 85' lang='lat' dir='ltr'>fuisse</span> <span class='ocrx_word' id='word_1_529' title='bbox 1858 5189 1972 5259; x_wconf 89' lang='lat' dir='ltr'>cultus</span> <span class='ocrx_word' id='word_1_530' title='bbox 1994 5191 2211 5261; x_wconf 89' lang='lat' dir='ltr'>necessarios</span> <span class='ocrx_word' id='word_1_531' title='bbox 2229 5191 2275 5261; x_wconf 86' lang='lat' dir='ltr'>ad</span> <span class='ocrx_word' id='word_1_532' title='bbox 2299 5188 2469 5261; x_wconf 85' lang='lat' dir='ltr'>iustifica-</span> 
     </span>
     <span class='ocr_line' id='line_1_46' title="bbox 545 5290 1626 5378; baseline 0.004 -17"><span class='ocrx_word' id='word_1_533' title='bbox 545 5291 585 5363; x_wconf 88' lang='grc'><strong>8.</strong></span> <span class='ocrx_word' id='word_1_534' title='bbox 622 5290 765 5362; x_wconf 85' lang='lat' dir='ltr'>Novnm</span> <span class='ocrx_word' id='word_1_535' title='bbox 788 5292 1053 5367; x_wconf 86' lang='lat' dir='ltr'>Testamentum</span> <span class='ocrx_word' id='word_1_536' title='bbox 1082 5316 1156 5364; x_wconf 91' lang='lat' dir='ltr'>non</span> <span class='ocrx_word' id='word_1_537' title='bbox 1184 5304 1236 5364; x_wconf 90' lang='lat' dir='ltr'>est</span> <span class='ocrx_word' id='word_1_538' title='bbox 1257 5293 1335 5378; x_wconf 82' lang='lat' dir='ltr'>lex,</span> <span class='ocrx_word' id='word_1_539' title='bbox 1366 5295 1427 5363; x_wconf 91' lang='lat' dir='ltr'>sed</span> <span class='ocrx_word' id='word_1_540' title='bbox 1480 5293 1626 5365; x_wconf 88' lang='lat' dir='ltr'>tionem.</span> 
     </span>
     <span class='ocr_line' id='line_1_47' title="bbox 443 5387 2470 5489; baseline -0.002 -25"><span class='ocrx_word' id='word_1_541' title='bbox 443 5408 495 5465; x_wconf 88' lang='lat' dir='ltr'>est</span> <span class='ocrx_word' id='word_1_542' title='bbox 518 5392 680 5464; x_wconf 91' lang='lat' dir='ltr'>remissio</span> <span class='ocrx_word' id='word_1_543' title='bbox 703 5408 924 5484; x_wconf 88' lang='lat' dir='ltr'>peccatorum</span> <span class='ocrx_word' id='word_1_544' title='bbox 947 5411 980 5467; x_wconf 89' lang='lat' dir='ltr'>et</span> <span class='ocrx_word' id='word_1_545' title='bbox 1002 5395 1189 5489; x_wconf 88' lang='lat' dir='ltr'>promissio</span> <span class='ocrx_word' id='word_1_546' title='bbox 1211 5394 1363 5486; x_wconf 89' lang='lat' dir='ltr'>gratiae,</span> <span class='ocrx_word' id='word_1_547' title='bbox 1394 5408 1430 5465; x_wconf 85' lang='lat' dir='ltr'>et</span> <span class='ocrx_word' id='word_1_548' title='bbox 1585 5394 1643 5467; x_wconf 84' lang='grc'><strong>18.</strong></span> <span class='ocrx_word' id='word_1_549' title='bbox 1677 5391 1742 5462; x_wconf 90' lang='lat' dir='ltr'>Illa</span> <span class='ocrx_word' id='word_1_550' title='bbox 1757 5387 1957 5487; x_wconf 80' lang='grc' dir='ltr'><strong><em>κακοζηλία</em></strong></span> <span class='ocrx_word' id='word_1_551' title='bbox 1969 5391 2056 5484; x_wconf 83' lang='lat' dir='ltr'>legis</span> <span class='ocrx_word' id='word_1_552' title='bbox 2069 5390 2248 5467; x_wconf 89' lang='lat' dir='ltr'>Mosaicae</span> <span class='ocrx_word' id='word_1_553' title='bbox 2261 5388 2358 5464; x_wconf 92' lang='lat' dir='ltr'>bunc</span> <span class='ocrx_word' id='word_1_554' title='bbox 2372 5412 2470 5461; x_wconf 91' lang='lat' dir='ltr'>erro·</span> 
     </span>
     <span class='ocr_line' id='line_1_48' title="bbox 443 5493 2027 5592; baseline 0.001 -27"><span class='ocrx_word' id='word_1_555' title='bbox 443 5495 591 5566; x_wconf 88' lang='lat' dir='ltr'>donatio</span> <span class='ocrx_word' id='word_1_556' title='bbox 607 5493 764 5588; x_wconf 88' lang='lat' dir='ltr'>Spiritus</span> <span class='ocrx_word' id='word_1_557' title='bbox 785 5497 917 5581; x_wconf 89' lang='lat' dir='ltr'>sancti,</span> <span class='ocrx_word' id='word_1_558' title='bbox 942 5509 976 5565; x_wconf 90' lang='lat' dir='ltr'>et</span> <span class='ocrx_word' id='word_1_559' title='bbox 996 5497 1089 5570; x_wconf 80' lang='lat' dir='ltr'>vitae</span> <span class='ocrx_word' id='word_1_560' title='bbox 1110 5512 1271 5570; x_wconf 81' lang='lat' dir='ltr'>aetarnae</span> <span class='ocrx_word' id='word_1_561' title='bbox 1288 5509 1431 5592; x_wconf 89' lang='lat' dir='ltr'>propter</span> <span class='ocrx_word' id='word_1_562' title='bbox 1483 5521 1557 5568; x_wconf 89' lang='lat' dir='ltr'>rem</span> <span class='ocrx_word' id='word_1_563' title='bbox 1572 5498 1668 5588; x_wconf 91' lang='lat' dir='ltr'>apud</span> <span class='ocrx_word' id='word_1_564' title='bbox 1684 5496 1866 5589; x_wconf 90' lang='lat' dir='ltr'>imperitos</span> <span class='ocrx_word' id='word_1_565' title='bbox 1882 5495 2027 5587; x_wconf 87' lang='lat' dir='ltr'>peperit.</span> 
     </span>
     <span class='ocr_line' id='line_1_49' title="bbox 443 5589 2470 5689; baseline -0.005 -20"><span class='ocrx_word' id='word_1_566' title='bbox 443 5591 640 5670; x_wconf 83' lang='lat' dir='ltr'>Christum.</span> <span class='ocrx_word' id='word_1_567' title='bbox 1589 5600 1649 5674; x_wconf 83' lang='lat'>17.</span> <span class='ocrx_word' id='word_1_568' title='bbox 1680 5595 1771 5669; x_wconf 91' lang='lat' dir='ltr'>Cum</span> <span class='ocrx_word' id='word_1_569' title='bbox 1795 5598 1850 5667; x_wconf 84' lang='lat' dir='ltr'>lex</span> <span class='ocrx_word' id='word_1_570' title='bbox 1866 5596 1963 5669; x_wconf 86' lang='lat' dir='ltr'>Mosi</span> <span class='ocrx_word' id='word_1_571' title='bbox 1985 5608 2125 5689; x_wconf 88' lang='lat' dir='ltr'>praeter</span> <span class='ocrx_word' id='word_1_572' title='bbox 2144 5594 2292 5666; x_wconf 85' lang='lat' dir='ltr'>moralia</span> <span class='ocrx_word' id='word_1_573' title='bbox 2307 5589 2470 5660; x_wconf 88' lang='lat' dir='ltr'>babuerit</span> 
     </span>
     <span class='ocr_line' id='line_1_50' title="bbox 547 5694 2471 5793; baseline -0.004 -23"><span class='ocrx_word' id='word_1_574' title='bbox 547 5695 583 5770; x_wconf 81' lang='grc'><strong>4.</strong></span> <span class='ocrx_word' id='word_1_575' title='bbox 624 5695 704 5772; x_wconf 82' lang='lat' dir='ltr'>Etsi</span> <span class='ocrx_word' id='word_1_576' title='bbox 732 5699 857 5793; x_wconf 92' lang='lat' dir='ltr'>politia</span> <span class='ocrx_word' id='word_1_577' title='bbox 879 5696 1038 5770; x_wconf 81' lang='lat' dir='ltr'>Mosaios</span> <span class='ocrx_word' id='word_1_578' title='bbox 1062 5700 1187 5787; x_wconf 88' lang='lat' dir='ltr'>desiit,</span> <span class='ocrx_word' id='word_1_579' title='bbox 1219 5696 1313 5770; x_wconf 89' lang='lat' dir='ltr'>nihil</span> <span class='ocrx_word' id='word_1_580' title='bbox 1337 5699 1431 5770; x_wconf 90' lang='lat' dir='ltr'>enim</span> <span class='ocrx_word' id='word_1_581' title='bbox 1484 5715 1520 5774; x_wconf 90' lang='lat' dir='ltr'>et</span> <span class='ocrx_word' id='word_1_582' title='bbox 1543 5714 1651 5773; x_wconf 85' lang='lat' dir='ltr'>certas</span> <span class='ocrx_word' id='word_1_583' title='bbox 1671 5700 1907 5785; x_wconf 89' lang='lat' dir='ltr'>ceremonias,</span> <span class='ocrx_word' id='word_1_584' title='bbox 1930 5714 1964 5773; x_wconf 89' lang='lat' dir='ltr'>et</span> <span class='ocrx_word' id='word_1_585' title='bbox 1985 5712 2098 5770; x_wconf 86' lang='lat' dir='ltr'>certas</span> <span class='ocrx_word' id='word_1_586' title='bbox 2119 5697 2278 5789; x_wconf 85' lang='lat' dir='ltr'>politicos</span> <span class='ocrx_word' id='word_1_587' title='bbox 2293 5694 2402 5782; x_wconf 85' lang='lat' dir='ltr'>leges,</span> <span class='ocrx_word' id='word_1_588' title='bbox 2424 5695 2471 5763; x_wconf 87' lang='lat' dir='ltr'>de</span> 
     </span>
     <span class='ocr_line' id='line_1_51' title="bbox 445 5796 2412 5898; baseline -0.003 -26"><span class='ocrx_word' id='word_1_589' title='bbox 445 5800 490 5872; x_wconf 83' lang='lat' dir='ltr'>ad</span> <span class='ocrx_word' id='word_1_590' title='bbox 514 5814 636 5893; x_wconf 85' lang='lat' dir='ltr'>gentes</span> <span class='ocrx_word' id='word_1_591' title='bbox 659 5804 873 5895; x_wconf 88' lang='lat' dir='ltr'>pertinebat:</span> <span class='ocrx_word' id='word_1_592' title='bbox 900 5815 1018 5874; x_wconf 88' lang='lat' dir='ltr'>tamen</span> <span class='ocrx_word' id='word_1_593' title='bbox 1041 5802 1225 5895; x_wconf 83' lang='lat' dir='ltr'>praecipua</span> <span class='ocrx_word' id='word_1_594' title='bbox 1241 5825 1323 5896; x_wconf 89' lang='lat' dir='ltr'>pars</span> <span class='ocrx_word' id='word_1_595' title='bbox 1335 5800 1434 5895; x_wconf 77' lang='lat' dir='ltr'>legis,</span> <span class='ocrx_word' id='word_1_596' title='bbox 1485 5806 1624 5878; x_wconf 85' lang='lat' dir='ltr'>duabus</span> <span class='ocrx_word' id='word_1_597' title='bbox 1637 5803 1796 5898; x_wconf 89' lang='lat' dir='ltr'>partibus</span> <span class='ocrx_word' id='word_1_598' title='bbox 1810 5799 2107 5889; x_wconf 84' lang='lat' dir='ltr'>abrogatiol&#39;acile</span> <span class='ocrx_word' id='word_1_599' title='bbox 2120 5796 2271 5885; x_wconf 86' lang='lat' dir='ltr'>intelligi</span> <span class='ocrx_word' id='word_1_600' title='bbox 2289 5807 2412 5888; x_wconf 86' lang='lat' dir='ltr'>potest.</span> 
     </span>
     <span class='ocr_line' id='line_1_52' title="bbox 1869 5902 1946 5975; baseline 0.052 -4"><span class='ocrx_word' id='word_1_601' title='bbox 1869 5902 1946 5975; x_wconf 74' lang='grc'>80*</span> 
     </span>
    </p>
   </div>
   <div class='ocr_carea' id='block_1_6' title="bbox 0 0 3030 6772">
    <p class='ocr_par' dir='ltr' id='par_1_14' title="bbox 0 0 3030 6772">
     <span class='ocr_line' id='line_1_53' title="bbox 0 0 3030 6772; baseline 0 0"><span class='ocrx_word' id='word_1_602' title='bbox 0 0 3030 6772; x_wconf 95' lang='lat' dir='ltr'> </span> 
     </span>
    </p>
   </div>
  </div>
 </body>
</html>
