6025 6775
508 797 579 869 173
2454 798 2526 869 174

506 982 542 1038 et
567 967 644 1037 tam'
664 982 791 1054 graves
812 960 937 1030 mentis
960 961 1144 1037 tenebrae,
1178 974 1217 1027 ut
1241 984 1314 1027 non
1338 970 1493 1037 cernant,
1518 964 1524 1044 Ι
1547 971 1626 1017 rum
1648 949 1852 1037 languidior
1869 951 1940 1032 vis,
1965 976 2054 1044 qnae
2073 957 2151 1026 ocio
2170 952 2329 1031 hebetata
2352 974 2526 1053 torpesce-

506 1092 577 1161 qna
601 1090 710 1157 opera
727 1086 790 1131 nos
805 1061 956 1149 graviter
972 1062 1111 1127 laedere
1128 1061 1295 1147 cupiunt,
1319 1082 1409 1127 ease
1427 1079 1492 1125 nos
1517 1054 1522 1122 l
1547 1064 1618 1131 rel,
1644 1049 1801 1118 atulfum
1827 1050 1933 1118 nimis
1949 1053 2118 1124 ferocium
2145 1059 2291 1129 celerior
2312 1063 2462 1152 impetus
2485 1090 2524 1135 ac

507 1168 611 1248 aliis,
636 1167 727 1257 quod
744 1161 888 1229 minime
904 1161 1052 1239 volunt,
1079 1184 1152 1226 non
1172 1160 1293 1230 leviter
1313 1182 1492 1227 commen-
1544 1144 1786 1219 vehementior
1808 1151 1966 1221 frenatur
1993 1167 2026 1223 ct
2045 1159 2255 1232 retunditur.
2306 1160 2357 1230 lta
2381 1165 2523 1235 avulsus

509 1272 609 1338 darc.
656 1264 742 1332 Nam
756 1261 932 1329 siamalo
948 1263 1024 1328 viro
1042 1259 1199 1341 laudari,
1220 1275 1270 1330 est
1287 1259 1490 1347 vituperari,
1542 1250 1587 1317 ab
1619 1243 1687 1316 hoc
1716 1252 1844 1320 artium
1875 1252 2087 1341 optimarum
2115 1258 2316 1344 domicilio,
2349 1276 2454 1356 atquc
2476 1268 2545 1334 ab·

509 1384 588 1437 turn
599 1366 674 1432 illae
689 1360 954 1429 criminationes
962 1355 1267 1453 Sycophantarnm
1285 1384 1357 1427 non
1372 1361 1487 1427 labem
1542 1349 1785 1419 Occasiffllibus
1801 1350 1978 1434 exclusus,
2000 1355 2167 1424 Omnibus
2186 1359 2320 1448 ingenii
2337 1366 2521 1433 exercendi

510 1466 612 1537 nobis
626 1473 831 1552 aspergent,
860 1461 919 1528 sed
937 1463 1052 1550 potins
1069 1456 1197 1527 honori
1225 1474 1258 1527 et
1274 1460 1391 1528 decori
1409 1472 1490 1528 sunt
1542 1450 1863 1538 et'amplificandae
1883 1453 2113 1568 eruditionis,
2140 1472 2313 1545 praeterea
2333 1464 2377 1529 ad
2399 1463 2520 1551 pistri-

509 1565 610 1635 nobis
632 1566 725 1653 apud
752 1563 934 1643 cordatos,
961 1574 993 1629 et
1015 1562 1206 1651 prudentes
1228 1564 1383 1643 futurae,
1410 1560 1489 1651 qui·
1541 1573 1626 1617 num
1641 1550 1803 1619 laborum
1826 1552 2152 1621 molesliwmorum
2173 1580 2249 1626 meo
2273 1563 2424 1650 quodam
2447 1561 2519 1634 fato

504 1671 570 1736 bus
600 1660 742 1732 honesti
770 1673 932 1743 conatus,
972 1674 1005 1729 et
1034 1673 1151 1730 sancta
1180 1662 1240 1729 illa
1274 1662 1381 1729 officii
1405 1683 1488 1728 cura
1543 1651 1722 1733 detrusus,
1772 1664 1974 1740 Occupflldm
2013 1667 2047 1723 et
2079 1654 2283 1744 impeditam
2314 1662 2520 1732 tractatione

503 1766 605 1835 nullo
620 1765 727 1831 modo
746 1761 930 1849 displicere
948 1775 1123 1851 poterunt,
1145 1787 1215 1853 quo
1230 1764 1375 1831 obtento
1393 1754 1488 1828 nihil
1541 1772 1677 1840 usuque
1702 1774 1867 1866 operum,
1898 1753 1983 1867 artis
2003 1754 2158 1822 medicae
2179 1779 2297 1825 curam
2321 1773 2354 1828 et
2375 1784 2518 1850 operam

504 1866 655 1956 amplius
671 1862 904 1954 requirimus,
930 1877 963 1929 et
983 1862 1084 1928 facile
1100 1865 1369 1944 confirmamur,
1395 1860 1487 1929 utin
1539 1851 1893 1965 commentationibus
1908 1854 2062 1967 tribuere
2071 1849 2230 1946 Physicis
2248 1872 2281 1927 et
2296 1858 2517 1950 eloquentiae

503 1966 684 2058 proposito
702 1958 868 2041 honesto,
892 1975 931 2028 ut
947 1963 1127 2049 gravitatis
1148 1965 1242 2046 laus,
1273 1976 1308 2031 ct
1324 1977 1488 2030 constan·
1540 1950 1712 2017 exercilus
1732 1973 1886 2040 nequlvl·
1937 1949 1977 2019 Sl
1991 1964 2109 2044 ltaque
2125 1956 2262 2024 silerem
2281 1958 2319 2025 in
2342 1953 2414 2037 hoc,
2432 1984 2517 2029 con-

505 2070 570 2138 σεε
593 2071 701 2134 aecus
726 2063 923 2152 posonem,
960 2066 1050 2129 hona
1076 2087 1136 2152 spe
1163 2077 1197 2132 et
1217 2086 1343 2152 magno
1368 2062 1487 2130 animo
1539 2072 1633 2116 sessu
1661 2072 1820 2138 prorsus,
1862 2061 1922 2118 aut
1947 2052 2157 2139 defungerer
2176 2058 2296 2144 paucis
2320 2081 2380 2139 eo,
2421 2064 2517 2153 quod

972 786 1133 861 DECL.
1172 787 1245 862 DE
1284 776 2066 902 CAUSISXPUTREFACTlONlS.

503 2188 728 2246 maneamus,
754 2176 787 2231 ct
804 2184 1076 2251 perseveremus.

511 2511 581 2583 No.
601 2440 684 2580 fbf.

509 2605 680 2635 Μ
735 2668 740 2679 ,
1390 2660 1392 2664 ,

674 2707 749 2795 De
777 2710 923 2793 cate-sis
942 2698 1309 2815 putrefactionis.

571 2882 600 2936 ln
615 2881 705 2937 select.
721 2879 840 2932 Declsm.
853 2877 886 2927 Τ.
896 2874 941 2930 lV.
959 2895 985 2946 p.
993 2876 1044 2929 228
1055 2896 1125 2949 sqq,
1143 2875 1261 2931 Servest.
1274 2874 1306 2928 Τ.
1322 2872 1369 2927 1v.
1382 2889 1409 2939 p.
1419 2870 1483 2951 ¹208.

601 2960 633 3072 {15
635 2948 766 3072 ggvebppd
778 2946 810 2999 T.
820 2944 853 2998 ll.
871 2964 896 3015 p.
909 2947 967 3002 179.
1002 2948 1088 2999 Etiam
1102 2947 1243 3018 separatim
1257 2943 1359 3014 produt
1368 2938 1481 2993 theb.

497 3187 695 3259 ormisda
721 3194 848 3257 causis
872 3184 1188 3277 putrefactioni33
1219 3188 1382 3253 recitato
1397 3193 1480 3269 post

495 3288 824 3355 renunciationem
847 3284 993 3378 produc
1015 3308 1039 3353 α
1058 3287 1209 3353 Glorior.
1233 3288 1310 3350 viro
1332 3285 1480 3348 Fruu-

525 3389 652 3453 cisoo
672 3376 944 3474 Rodewolt,
978 3391 1076 3477 ortis
1096 3380 1263 3453 medicae
1282 3383 1452 3450 Doctore.

497 3519 599 3604 (ium
622 3528 767 3601 intueor
787 3537 899 3603 oculis
922 3531 1018 3603 hunc
1047 3531 1330 3625 doctissimorum
1362 3525 1478 3595 homi-

494 3653 585 3700 num
600 3654 820 3717 consessum,
842 3649 875 3702 et
889 3635 1009 3702 animo
1033 3631 1167 3715 cogito,
1194 3640 1323 3716 quanta
1346 3627 1390 3691 sit
1413 3649 1476 3692 au-

499 3731 638 3815 toritas,
679 3755 783 3823 quam
811 3733 996 3821 multiplex
1027 3751 1066 3796 ac
1096 3726 1275 3794 recondita
1303 3724 1475 3806 doctrina,

500 3854 603 3923 quam
619 3845 776 3903 exactum
794 3831 964 3904 iudicium
984 3841 1264 3919 praeceptorum:
1292 3847 1381 3915 quae
1396 3824 1474 3911 opi-

499 3933 559 4001 nio
577 3932 624 4001 sit
638 3945 672 4001 ct
687 3935 877 4025 expectatio
903 3931 1106 4000 auditorum
1128 3939 1362 4005 caeterorum,
1384 3947 1474 4013 qno·

498 4055 577 4101 rum
593 4031 632 4099 in
646 4056 703 4103 me
721 4058 908 4106 conversos
926 4033 1126 4119 defixosque
1145 4027 1265 4094 oculos
1281 4036 1317 4092 et
1336 4023 1482 4113 animos·

499 4155 571 4202 esse
592 4137 791 4224 conspicor:
823 4159 912 4233 quae
936 4131 1089 4221 denique
1109 4141 1340 4215 utrorumque
1360 4135 1471 4190 atten-

499 4235 564 4302 tio:
606 4256 678 4301 non
706 4260 848 4328 possum
880 4257 953 4305 non
979 4253 1076 4298 meae
1096 4225 1345 4297 imbecillitatis
1368 4246 1471 4291 sensu

499 4333 846 4429 considerationeque
868 4332 1094 4405 vehementer
1115 4326 1331 4442 conturbapi.
1381 4323 1469 4440 Nam

498 4436 663 4526 consequi
690 4464 746 4509 mc
771 4455 806 4512 ct
827 4448 1003 4532 praestare
1031 4430 1180 4500 dicendo
1203 4440 1407 4517 neutiquam
1433 4425 1471 4540 nl

496 4557 597 4625 posse
611 4539 743 4625 sentio,
766 4544 861 4639 qnod
877 4537 934 4609 hic
948 4538 1063 4616 locus,
1083 4543 1117 4600 et
1131 4525 1216 4597 haec
1229 4527 1353 4597 talium
1369 4527 1486 4639 andr-1

495 4652 614 4706 torum
630 4662 760 4711 corona
775 4641 933 4737 requirit.
986 4631 1123 4704 Absum
1144 4629 1248 4744 enim·
1261 4626 1390 4743 multos
1405 4648 1468 4741 an·

493 4760 561 4824 nos
581 4760 601 4806 a
621 4742 745 4812 studiis
765 4741 987 4837 eloquentiae
1008 4748 1112 4826 atque
1139 4741 1383 4843 exercitatione
1413 4728 1469 4844 dr-

491 4837 621 4918 cendi,
645 4856 679 4910 et
692 4847 736 4915 ab
751 4842 819 4917 hoc
834 4847 957 4914 absum
974 4849 1076 4908 coetu
1097 4855 1176 4903 cum
1199 4839 1391 4947 praeqeptrs
1411 4851 1469 4895 rn-

492 4935 696 5028 stitutisque
710 4971 811 5017 verae
826 4934 1092 5032 Philosophiae,
1119 4948 1193 5001 tum
1207 4929 1361 5018 ingeniis·
1371 4949 1468 5044 sum-

492 5037 563 5106 mis
580 5036 802 5127 abundante,
827 5047 864 5114 in
882 5068 953 5137 qno
967 5062 1024 5110 me
1039 5037 1138 5106 varia
1159 5045 1192 5102 ct
1215 5030 1354 5119 copiosa
1374 5042 1468 5118 optr-

492 5160 632 5209 matum
649 5162 770 5216 rerum
783 5145 922 5214 scientia
934 5166 1002 5212 vox
1016 5146 1278 5228 praeceptorum
1296 5131 1467 5201 excoluis-

493 5253 544 5309 set
569 5255 676 5335 atquc
699 5245 865 5317 auxisset:
899 5245 1102 5313 excitassent
1122 5258 1207 5306 vero
1229 5234 1274 5302 ad
1297 5233 1410 5302 acrius
1434 5243 1467 5299 et

1538 2150 1695 2218 conditio
1712 2150 1844 2235 flagitat
1860 2174 1965 2241 quam
1983 2152 2119 2236 subivi,
2144 2157 2258 2239 venia,
2284 2182 2361 2227 meo
2375 2160 2518 2251 quidem

1538 2248 1689 2332 iudicio,
1715 2250 1843 2338 dignus
1869 2252 2016 2320 viderer.
2070 2249 2235 2322 Attamen
2259 2279 2337 2324 cum
2357 2272 2393 2327 et
2414 2266 2516 2348 prac-

1538 2362 1717 2439 ceptorum
1733 2350 1900 2419 aratoritas
1920 2363 1953 2419 et
1974 2347 2113 2419 scholae
2129 2357 2365 2441 consuetudo,
2388 2370 2422 2428 et
2437 2360 2517 2428 offi-

1536 2448 1582 2515 cii
1604 2451 1672 2517 mei
1697 2464 1802 2542 atque
1825 2452 2044 2521 obedientiae
2060 2454 2150 2521 ratio
2171 2457 2408 2525 necessitatem
2425 2456 2515 2526 mihi

1536 2548 1719 2638 imponant
1742 2575 1782 2617 ex
1807 2545 1873 2618 hoc
1893 2552 1969 2622 loco
1986 2554 2029 2620 de
2043 2570 2248 2642 argumento
2266 2557 2385 2649 aliquo
2402 2557 2513 2626 disse·

1535 2651 1659 2733 rendi,
1687 2663 1718 2718 et
1742 2652 1906 2740 defugere
1922 2677 1977 2727 me
1993 2647 2059 2720 hoc
2077 2678 2167 2724 onus
2184 2681 2394 2751 quocunque
2411 2681 2513 2748 prae·

1536 2760 1650 2830 textu,
1682 2763 1742 2818 aut
1766 2774 1904 2821 morose
1923 2775 2083 2823 recusare
2104 2756 2250 2827 minime
2273 2760 2400 2832 deceat.
2443 2755 2514 2829 De-

1533 2846 1604 2913 sint
1631 2861 1745 2914 autem
1775 2873 1813 2915 ea
1840 2847 1947 2928 mihi,
1985 2876 2074 2944 quae
2102 2857 2384 2943 perspicuitatem
2408 2881 2512 2945 argu-

1532 2959 1669 3027 mento,
1709 2946 1779 3010 vim
1807 2959 1842 3014 et
1865 2950 2015 3016 nitorem
2038 2954 2210 3035 orationi,
2244 2956 2510 3024 delectationem

1533 3046 1678 3115 auribus
1699 3046 1859 3113 adferant
1882 3046 2019 3112 vestris:
2050 3065 2252 3118 reverenter
2274 3077 2338 3120 oro
2361 3055 2513 3122 conlisus

1532 3170 1666 3213 summa
1685 3141 1903 3213 humanitate
1919 3157 2052 3224 vestra,
2077 3159 2116 3214 ut
2132 3172 2200 3238 qua
2217 3150 2459 3220 benevolentia
2476 3167 2511 3221 et

1532 3245 1700 3332 patientia
1725 3245 1854 3312 multos
1875 3243 1963 3311 alios
1980 3269 2021 3312 ex
2039 3241 2105 3312 hoc
2121 3246 2196 3334 ipso
2214 3248 2293 3316 loco
2309 3266 2511 3340 perorantes

1532 3343 1734 3426 audivistis,
1776 3367 1814 3413 ca
1844 3358 1900 3411 me
1927 3368 2067 3435 quoque
2095 3348 2393 3436 complectamini,
2423 3354 2509 3421 etsi
2533 3408 2536 3414 .

1530 3466 1620 3534 quae
1637 3444 1811 3532 asperiora
1830 3438 1918 3509 mihi
1934 3458 1968 3513 et
1980 3459 2145 3513 consueta
2161 3447 2290 3532 minus,
2316 3453 2510 3523 autminus

1529 3554 1686 3610 accurate
1708 3556 1867 3611 contexta
1893 3543 1948 3610 vel
1973 3544 2081 3632 polita
2106 3546 2315 3632 exciderint,
2349 3573 2388 3619 ea
2412 3554 2508 3622 velut

1528 3640 1701 3731 Syrenum
1718 3643 1879 3732 scopulos
1893 3643 2040 3710 occlusis
2055 3648 2337 3732 praetermittatis
2351 3652 2507 3724 auribus.

1527 3736 1784 3826 Argumentum
1809 3744 1947 3833 dequo
1973 3744 2130 3814 dicturus
2154 3769 2231 3814 sum
2255 3750 2433 3839 desumpsi
2464 3775 2504 3819 ex

1526 3834 1743 3927 Aphorismo
1776 3843 2041 3933 quadragesimo
2072 3858 2166 3914 sexto
2190 3849 2299 3936 partis
2321 3852 2505 3934 secundae,

1526 3951 1564 4005 ut
1580 3938 1625 4007 sit
1643 3941 1782 4008 occasio
1796 3944 2000 4010 conferendi
2022 3967 2142 4012 causas
2155 3949 2435 4035 putrefactionis,
2459 3954 2504 4019 de

1525 4037 1653 4126 quibus
1670 4041 1809 4130 publice
1823 4043 2038 4128 disputatum
2053 4056 2121 4124 est,
2147 4049 2353 4117 comeonsis
2370 4055 2503 4140 s'uppu‘-

1525 4137 1688 4218 tationis,
1716 4163 1879 4228 ,quanam
1916 4140 2013 4205 illam
2048 4135 2162 4234 σήψια
2195 4142 2260 4215 καὶ
2293 4145 2501 4239 onustum,

1525 4229 1616 4303 hanc
1638 4234 1814 4328 ἐκπύησὶν
1832 4236 1960 4307 Graeci
1975 4252 2111 4309 vocant.
2164 4241 2280 4313 Verba
2295 4243 2502 4335 Aphorismi

1524 4348 1623 4403 sont:
1651 4333 1744 4405 Dum
1763 4359 1830 4426 pns
1842 4338 2036 4422 conficitur,
2062 4339 2201 4409 dolores
2213 4357 2247 4414 et
2260 4346 2375 4414 febres
2388 4347 2500 4434 magis

1522 4435 1687 4504 accidunt
1712 4458 1817 4525 quarn
1841 4460 1883 4505 eo
1908 4439 2076 4511 confecto.
2142 4439 2352 4534 Priusquam
2381 4457 2499 4514 autem

1522 4535 1775 4604 confectionem
1804 4537 1903 4627 puris
1936 4539 2123 4627 explicem,
2160 4543 2205 4610 de
2233 4545 2499 4633 putrefactionis

1521 4637 1632 4705 causis
1655 4660 1694 4704 ac
1715 4636 1924 4707 differentiis
1948 4641 2149 4709 summatim
2174 4642 2308 4735 aliquid
2331 4658 2497 4734 repetam.

1521 4735 1815 4806 putrefactionem
1829 4752 1921 4809 recte
1935 4739 2058 4809 definit
2068 4737 2242 4826 Galenus,
2265 4746 2497 4816 mutationem

1520 4837 1627 4905 totius
1655 4836 1868 4907 substantiae
1896 4840 2053 4927 corporis
2079 4844 2310 4930 putrescentis
2339 4847 2383 4914 ad
2417 4867 2496 4914 cor·

1520 4939 1721 5027 ruptionem
1736 4938 1892 5005 effectam
1908 4940 1943 5005 vi
1963 4941 2089 5008 caloris
2105 4944 2271 5011 extranei.
2323 4944 2381 5014 Sic
2398 4946 2495 5014 enim

1520 5037 1652 5128 inquit:
1680 5039 1790 5128 σῆψις
1804 5033 1879 5105 ἐστὶ
1893 5034 2080 5130 μεταβολὴ
2100 5043 2164 5130 τῆς
2184 5038 2267 5131 ὅλης
2283 5047 2352 5113 τοῦ
2367 5038 2495 5134 σώμα-

1518 5161 1580 5215 τος
1598 5132 1802 5226 σηπομένης
1825 5131 1953 5215 οὐσίας
1972 5132 2030 5207 ἐπὶ
2047 5133 2205 5232 φθορὰν
2223 5135 2297 5211 ὑπὸ
2320 5147 2384 5235 τῆς
2405 5143 2494 5226 ἔξω·

1518 5235 1590 5306 θεν
1603 5230 1821 5329 θερμασίας.
1872 5232 2019 5307 Inchoat
2040 5237 2136 5305 enim
2160 5239 2370 5327 putrefactio
2391 5245 2493 5315 mixti

494 5341 675 5414 ardentius
694 5347 854 5419 studium
872 5342 1161 5433 inquirendorum
1182 5334 1467 5418 doctrinaefon·
1518 5336 1804 5421 dissolutionem,
1834 5349 1868 5407 et
1889 5337 2068 5407 elementis
2090 5361 2179 5429 quae
2201 5347 2407 5431 antegressis
2427 5350 2492 5414 do-

494 5441 603 5527 uum,
626 5457 662 5514 el
678 5471 799 5521 curam
816 5443 983 5514 maiorem
999 5438 1172 5510 formandi
1189 5435 1360 5505 sermonis
1377 5457 1467 5525 quo·
1517 5438 1603 5508 mita
1616 5461 1656 5505 ac
1670 5437 1843 5505 confracta
1859 5437 2024 5522 motibus,
2038 5461 2199 5532 nexuque
2212 5440 2308 5510 inter
2321 5468 2357 5512 se
2371 5446 2491 5513 arctis·

493 5540 627 5615 tidiana
648 5576 728 5622 cnm
750 5545 958 5643 aequalibus
975 5539 1164 5631 colloquia,
1189 5538 1474 5628 opinionumque·
1517 5538 1606 5606 simo
1623 5536 1784 5607 devincta
1800 5551 1835 5608 et
1850 5551 2109 5627 coagmentata,
2138 5553 2212 5609 tum
2230 5544 2430 5632 coaluerant
2451 5544 2489 5606 in

493 5656 528 5712 et
540 5653 790 5723 sententiarum
808 5643 1043 5724 collationes,
1057 5651 1161 5730 atque
1179 5639 1248 5732 ipsi
1264 5637 1362 5729 quasi
1380 5657 1466 5703 con·
1516 5662 1624 5708 unam
1639 5658 1803 5721 massam,
1827 5650 1901 5706 tum
1915 5640 2169 5710 constituerant
2185 5641 2248 5708 illo
2263 5641 2389 5712 coalitu
2404 5664 2490 5707 con-

492 5746 608 5818 flictus
623 5752 912 5844 disputationum,
938 5741 1068 5837 quibus
1082 5752 1122 5809 ut
1136 5737 1192 5806 vel
1206 5738 1354 5826 maxime
1370 5735 1465 5803 erui-
1516 5752 1762 5834 servarantque
1789 5735 1889 5808 mixti
1917 5740 2164 5822 substantiam,
2204 5738 2275 5805 illis
2298 5735 2488 5835 (inquam)

492 5864 551 5922 tor
576 5874 617 5920 ac
639 5830 815 5942 profertur
838 5847 981 5924 veritos,
1013 5841 1063 5912 sic
1087 5839 1310 5929 ingeniorum
1331 5836 1464 5906 tardio-
1516 5840 1664 5911 divulsis
1680 5838 1947 5932 explicatisque,
1970 5863 2010 5909 ac
2033 5861 2098 5908 eeu
2119 5838 2321 5906 decurrere
2343 5838 2489 5928 emissis,
