6025 6775
505 600 602 723 ιοιι
1070 646 1097 720 ι.
1144 639 1438 720 cuuourcou
1469 634 1718 715 cantours
1768 635 1895 711 enus
1918 637 1966 709 ιι.
2427 641 2524 715 aoso

502 818 647 887 ducciam
671 830 705 887 et
736 815 919 909 Illyricum
954 816 1160 885 nominatur
1183 809 1335 886 Cethim.
1389 810 1489 907 Quae
1539 807 1617 899 pari
1635 808 1765 899 coepit,
1794 807 2027 899 compositum
2046 832 2085 878 ex
2099 806 2243 880 Hunnis
2256 822 2291 883 et
2306 806 2406 896 lura,
2429 812 2519 883 sicut
2616 882 2619 887 .

504 934 620 988 autem
636 931 669 987 et
686 919 746 988 ubi
763 923 809 988 sit
826 917 1057 999 Macedonia,
1083 929 1207 985 notum
1226 929 1288 983 est.
1327 912 1488 982 Fuerunt
1538 911 1631 999 apud
1650 908 1859 979 lornandem
1878 910 2045 980 scribitur
2059 909 2269 997 Hunnivar,
2294 914 2389 1005 quod
2412 912 2518 984 Hun-

502 1035 617 1088 autem
653 1020 761 1088 vicini
798 1019 1034 1088 Macedonum
1070 1013 1292 1107 Thucydidis
1330 1027 1487 1098 tempore

502 1119 662 1189 Poeoues
678 1123 722 1189 ad
742 1119 985 1214 Strymonem,
1011 1129 1044 1185 et
1069 1116 1276 1203 significatio
1294 1111 1485 1180 vocabulo-

504 1245 585 1289 rum
609 1223 731 1289 eadem
754 1236 816 1292 est.
875 1216 965 1287 Nam
986 1215 1106 1285 Pocon
1132 1214 1278 1283 Graecis
1301 1214 1395 1282 idem
1422 1225 1485 1296 est,

503 1321 600 1411 quod
617 1318 785 1391 Hebraeis
800 1313 961 1400 Cethim‚
989 1317 1085 1407 quod
1113 1314 1284 1404 significat
1301 1336 1484 1406 percusso-

502 1445 568 1491 res.
619 1421 694 1489 Alii
715 1444 844 1489 nomen
872 1417 992 1485 Poeon
1010 1418 1168 1486 lecerunt
1191 1414 1364 1499 aPnenn,
1388 1415 1484 1507 quod

502 1522 648 1591 vetustis
673 1535 723 1591 est
745 1541 886 1589 carmen
912 1512 1145 1607 triumphale,
1176 1531 1237 1586 aut
1269 1531 1320 1586 est
1353 1537 1484 1584 nomen

500 1622 609 1711 patris
623 1617 857 1698 Philoctetae,
886 1617 948 1708 qui
966 1618 1032 1686 suit
1048 1615 1212 1687 Herculis
1229 1641 1356 1687 comes.
1400 1615 1483 1686 Sive

499 1722 609 1811 igitur
631 1745 651 1791 a
675 1720 851 1804 victoriis,
877 1720 949 1787 sive
976 1718 1021 1785 ab
1043 1715 1206 1789 Herculis
1225 1719 1352 1787 comite
1366 1715 1484 1786 nouri-

499 1822 575 1891 nati
592 1837 675 1893 sunt
691 1821 859 1900 Poeonii,
885 1842 1017 1889 nornen
1035 1843 1107 1888 esse
1125 1819 1410 1913 antiquissimum
1431 1830 1483 1886 te-

502 1935 639 1991 stantur
656 1921 853 2004 Homerus,
877 1916 1068 2009 Euripides
1089 1934 1123 1990 et
1144 1917 1384 2011 Thucydides.
1435 1914 1483 1987 Et

499 2023 583 2113 quia
605 2047 674 2091 vox
691 2022 825 2091 Graeca
851 2034 920 2105 est,
946 2020 1119 2088 coloniam
1144 2043 1216 2090 esse
1234 2019 1405 2090 Graecam
1420 2042 1482 2109 np-

498 2135 609 2211 paret.
659 2120 749 2192 Cum
775 2147 858 2191 vero
878 2120 1048 2211 paulatim
1071 2147 1090 2189 :s
1105 2119 1293 2213 Strymone
1308 2118 1482 2209 progressi

500 2222 647 2290 suntad
674 2221 820 2304 Istrum,
855 2221 983 2289 deinde
1011 2223 1194 2289 nominata
1222 2235 1274 2291 est
1296 2219 1481 2290 Pannonia

500 2344 584 2389 voce
606 2321 866 2414 aliquantulum
891 2321 1024 2391 deflexa
1051 2343 1070 2387 a
1093 2318 1263 2392 Poeonia.
1321 2319 1482 2415 Cumque

501 2422 607 2511 stirps
620 2422 727 2492 fuerit
742 2418 890 2504 Graeca,
915 2420 1022 2489 urbes
1038 2421 1166 2489 veteris
1180 2421 1387 2492 Pannoniae
1406 2446 1481 2491 ma·

498 2521 550 2610 gis
567 2536 709 2592 ornatae
725 2524 870 2591 fuerunt
891 2521 1045 2609 legibus,
1070 2523 1256 2604 aediliciis,
1283 2523 1481 2614 disciplina,

500 2646 604 2715 quarn
622 2623 712 2691 aliae
728 2621 874 2693 vicinae.
924 2620 1008 2691 Post
1021 2623 1479 2716 praedicationemAposto-

495 2723 613 2792 lorum
630 2724 700 2791 cito
719 2721 822 2790 etiam
838 2718 1015 2790 Ecclesiae
1031 2722 1082 2792 ibi
1099 2727 1307 2796 constitutae
1325 2740 1419 2807 sunt,
1446 2738 1481 2795 et

497 2823 612 2893 studia
632 2821 788 2891 Graecae
803 2822 944 2911 linguae
969 2822 1020 2892 ibi
1036 2823 1245 2897 floruerunt.
1271 2851 1278 2864 ·
1297 2827 1386 2897 Nam
1405 2826 1479 2896 lre·

497 2947 605 2992 naeus
621 2919 817 3013 Episcopus
839 2926 877 2992 in
900 2924 1041 3018 Syrmio
1066 2927 1239 3017 supplicio
1256 2928 1401 2997 allectus
1418 2941 1478 2999 est,

496 3022 619 3093 Fuisse
643 3038 758 3093 autem
783 3020 1008 3118 Thucydidis
1033 3041 1189 3116 tempore
1212 3028 1320 3098 Getas
1343 3029 1478 3098 vicinos

496 3123 662 3191 Poeoniis
679 3125 902 3196 manifestum
920 3139 989 3214 est,
1016 3140 1049 3197 et
1064 3128 1265 3199 Alexander
1281 3154 1360 3199 cum
1376 3129 1478 3200 Geti-

496 3247 536 3292 co
561 3246 641 3311 rege
659 3223 786 3321 Syrmo
811 3226 944 3296 bellum
964 3229 1089 3315 gessit,
1116 3229 1199 3301 inde
1218 3231 1399 3325 Syrmium
1415 3233 1478 3301 de·

497 3325 718 3396 nominatum
737 3350 810 3396 esse
826 3351 845 3396 a
860 3324 988 3421 Syrmo
1002 3346 1273 3403 consentaneum
1290 3346 1351 3406 est.

598 3425 671 3497 Diu
694 3442 812 3499 autem
838 3427 995 3500 Romani
1016 3427 1223 3501 Pannonios
1243 3435 1479 3501 defenderunt

498 3541 618 3598 contra
634 3529 769 3599 vicinos
782 3528 890 3600 Getas
912 3545 946 3599 et
961 3527 1092 3614 Dacos,
1115 3534 1229 3601 donec
1242 3536 1386 3603 tandem
1403 3528 1479 3600 Va·

497 3628 602 3697 lentis
621 3629 843 3722 imperatoris
864 3644 1020 3722 tempore
1037 3629 1148 3702 Getae
1171 3634 1319 3703 victores
1334 3631 1479 3702 Panno-

495 3729 592 3798 niam
608 3747 841 3821 oeeuparunt,
866 3746 902 3801 et
919 3735 1059 3802 eosdem
1081 3758 1154 3804 esse
1171 3733 1280 3806 Getas
1300 3751 1333 3805 et
1349 3732 1478 3804 Gottos

495 3854 570 3899 uon
588 3831 737 3900 dubium
754 3848 816 3903 est.
860 3830 1040 3904 Vetustior
1057 3850 1172 3906 autem
1190 3838 1288 3905 sodes
1305 3834 1476 3905 Getarum

495 3931 533 3998 in
548 3926 633 4000 Asia
651 3957 738 4023 quae
753 3934 878 4014 fuerit,
903 3958 944 4003 ex
959 3933 1141 4007 Herodoto
1156 3938 1306 4025 intelligi
1321 3951 1443 4029 potest.

596 4030 837 4102 Valentiniani
857 4031 917 4103 lll.
942 4050 1099 4128 tempore
1126 4035 1237 4109 Attila
1260 4038 1413 4108 Hunnos
1437 4037 1475 4104 in

493 4130 715 4201 Pannoniam
732 4134 889 4219 adduxit,
916 4149 948 4205 et
965 4138 1035 4208 late
1049 4141 1225 4230 regnavit,
1251 4141 1308 4209 cui
1326 4153 1358 4208 et
1375 4137 1474 4206 Gotti

1538 1013 1577 1079 ni
1594 1022 1628 1079 et
1642 1010 1776 1079 Avares
1792 1011 1895 1079 mixti
1911 1012 2067 1083 fuerunt.

1637 1108 1714 1182 Etsi
1734 1124 1849 1180 autem
1876 1125 1960 1181 tunc
1980 1110 2207 1201 Longobardi
2224 1110 2393 1181 Noricum
2415 1128 2448 1185 et
2463 1116 2518 1183 vi-

1536 1213 1614 1282 cina
1631 1214 1707 1281 loca
1723 1226 1932 1284 tenuerunt:
1956 1227 2072 1284 tamen
2087 1215 2171 1282 inde
2186 1213 2254 1282 cito
2273 1213 2518 1300 discesserunt,

1535 1328 1569 1384 et
1607 1310 1742 1404 Ungari
1779 1315 2032 1403 possessionem
2068 1315 2168 1401 regni
2205 1328 2394 1385 tenuerunt
2435 1314 2517 1383 inde

1535 1438 1646 1506 usque
1662 1438 1681 1483 a
1700 1412 1898 1486 lustiniano
1913 1418 1957 1484 ad
1976 1439 2093 1503 regem
2109 1410 2298 1485 Matthiam
2317 1438 2430 1485 annos
2447 1413 2518 1483 cir-

1535 1515 1622 1584 citer
1636 1516 1867 1603 octingentos.
1920 1516 2057 1587 lnterea
2080 1540 2203 1605 magna
2224 1517 2316 1585 bella
2332 1540 2410 1586 cum
2426 1513 2516 1583 Bul·

1534 1614 1643 1701 garis,
1670 1629 1787 1704 postea
1810 1642 1888 1687 cum
1913 1616 2159 1706 Longobardis
2184 1618 2222 1684 in
2237 1616 2360 1700 ltalia,
2385 1602 2517 1686 deinde

1534 1740 1613 1784 curn
1624 1713 1812 1783 Germanis
1828 1731 1906 1806 post
1920 1714 2148 1809 Arnolphum
2162 1718 2408 1809 imperatorem
2427 1729 2516 1786 tem-

1534 1840 1619 1906 pore
1634 1814 1781 1885 Henrici
1797 1811 1974 1907 Aucupis,
1999 1833 2034 1888 et
2047 1819 2213 1908 deinceps
2229 1832 2427 1907 gesserunt,
2452 1818 2514 1886 sed

1533 1930 1650 1987 tamen
1669 1916 1839 2006 possessio
1859 1915 2065 1988 Pannoniae
2086 1941 2193 2012 penes
2208 1916 2399 2007 Hungaros
2412 1939 2515 1987 man·

1533 2018 1598 2104 sit,
1623 2018 1685 2110 qui
1697 2040 1817 2088 recens
1833 2018 1972 2088 circiter
1986 2032 2128 2089 centum
2150 2043 2263 2090 annos
2282 2018 2357 2090 Deo
2371 2019 2515 2089 iuvante

1532 2120 1672 2190 fortiter
1686 2134 1927 2210 represserunt
1941 2118 2096 2202 Turcos,
2122 2144 2162 2189 ac
2178 2121 2275 2190 velut
2291 2142 2414 2190 murus
2429 2119 2513 2188 reli·

1533 2244 1622 2313 quae
1636 2217 1801 2311 Europae
1826 2222 1995 2292 adversus
2017 2221 2080 2291 eos'
2096 2220 2253 2293 fucmnt.
2306 2220 2413 2309 Quod
2430 2242 2512 2288 vero

1532 2323 1676 2416 quidam
1693 2335 1858 2402 narrant,
1880 2320 2050 2393 Carolum
2065 2321 2217 2412 potitum
2233 2319 2514 2399 essePannonia,

1531 2438 1565 2494 et
1580 2424 1754 2493 coloniam
1771 2448 1811 2491 eo
1824 2424 2028 2505 deduxisse,
2054 2421 2172 2492 inanis
2192 2421 2311 2489 fabula
2329 2433 2391 2494 est.
2442 2417 2515 2488 Sed

1532 2523 1764 2593 Teutonicam
1782 2525 1939 2615 linguam
1954 2525 2146 2596 retinentes
2161 2524 2206 2591 ad
2220 2518 2411 2611 Carpatum
2425 2529 2459 2587 et
2475 2518 2514 2585 in

1530 2626 1659 2694 vicinia
1676 2626 1847 2718 reliquiae
1864 2638 1946 2695 sunt
1964 2623 2157 2695 Gottorum
2174 2635 2343 2694 veterum.

1628 2740 1726 2837 Haec
1747 2742 1902 2813 breviter
1925 2738 1984 2811 hic
2008 2742 2171 2820 recitavi,
2203 2754 2245 2812 ut
2268 2739 2375 2811 series
2395 2760 2514 2808 rerum

1530 2841 1816 2912 Pannonicarum
1836 2844 1957 2935 aliquo
1973 2844 2081 2911 modo
2095 2841 2133 2909 in
2151 2853 2340 2930 conspectu
2355 2852 2454 2909 esset.

1634 2957 1681 3030 Ut
1695 2972 1811 3028 autem
1823 2958 2018 3029 Ardaricus
2032 2958 2117 3029 vicit
2131 2958 2244 3026 filium
2254 2957 2386 3028 Attilae
2396 2950 2512 3024 Ellac:

1530 3063 1578 3130 ita
1611 3060 1701 3130 circa
1732 3058 1872 3130 Budam
1902 3057 2103 3129 Wallemir
2131 3081 2193 3127 rex
2223 3055 2387 3128 Gotticus
2428 3052 2513 3123 vicit

1529 3163 1639 3231 alium
1654 3161 1767 3231 hlium
1784 3159 1916 3230 Attilae
1935 3157 2165 3230 Dincionem.
2215 3156 2378 3252 Reliquit
2390 3169 2513 3226 autem

1529 3260 1694 3333 heredem
1723 3263 1866 3331 fratrem
1888 3257 2130 3345 Theudomir,
2162 3284 2243 3329 cum
2273 3281 2345 3351 quo
2375 3276 2513 3327 summa

1530 3364 1718 3434 concordia
1736 3361 1881 3436 vixerat.
1922 3361 1956 3433 ls
1972 3357 2197 3434 Theudomir
2212 3375 2310 3454 pater
2325 3369 2376 3430 est
2390 3351 2513 3426 Theo·

1529 3465 1641 3534 derici
1661 3462 1892 3550 Veronensis,
1915 3477 1955 3535 ut
1970 3487 2036 3535 nos
2054 3463 2300 3542 nominamus,
2325 3458 2389 3554 qui
2410 3454 2513 3526 aZe-

1528 3589 1623 3636 none
1652 3567 1690 3634 iu
1713 3563 1852 3635 ltaliam
1876 3566 2003 3635 missus
2029 3560 2236 3635 Odoacrum
2262 3558 2453 3656 oppressit,
2477 3568 2514 3631 et

1532 3666 1671 3737 ltaliam
1685 3667 1759 3735 rexi
1764 3680 1776 3737 t
1791 3688 1906 3736 aranos
1918 3665 2063 3758 triginta
2078 3679 2160 3737 tres.

1528 3894 1617 3978 Quo
1643 3899 1852 3981 tempore
1879 3884 2075 3960 condito
2097 3890 2165 3956 sit
2195 3881 2301 3955 urbs
2327 3862 2510 3956 Veneto

1708 3994 1757 4063 in
1781 3994 1890 4060 sinu
1914 3990 2059 4070 maris
2081 3981 2334 4055 Adriatici.

1630 4139 1783 4208 Gentem
1812 4133 1989 4204 Henctam
2020 4132 2174 4204 vicinam
2202 4131 2310 4202 fuisse
2336 4127 2511 4224 Phrygiae

496 4255 619 4320 parere
632 4259 706 4303 non
723 4250 939 4306 recusarunt.
981 4236 1052 4308 Ubi
1067 4255 1183 4310 autem
1201 4255 1335 4310 veteres
1348 4230 1475 4308 Hunni
1528 4243 1751 4311 manifestum
1771 4251 1825 4308 est
1839 4260 1881 4306 ex
1896 4234 2054 4306 Homero
2075 4247 2111 4305 et
2125 4231 2333 4323 Apollonio.
2383 4228 2513 4302 Eate-

494 4331 645 4414 fuerint,
678 4359 719 4401 cx
743 4335 861 4404 Plinio
887 4337 1038 4426 intelligi
1070 4355 1202 4427 potest,
1236 4342 1296 4432 qui
1329 4341 1476 4409 collocat
1527 4344 1585 4434 gio
1601 4354 1719 4432 postea
1739 4339 1830 4409 dicta
1855 4352 1906 4409 est
1926 4331 2166 4427 Paphlagonia
2187 4357 2207 4402 a
2227 4327 2407 4423 Paphlago
2422 4326 2512 4402 Phi·

496 4451 555 4499 eos
585 4433 678 4520 apud
707 4431 905 4520 Tocharos,
937 4438 999 4529 qui
1029 4435 1226 4509 Bactrianis
1264 4439 1375 4510 vieini
1399 4442 1478 4509 fue·
1528 4442 1691 4514 neifilio.
1741 4437 1880 4510 Deinde
1897 4437 2034 4509 Galatis
2056 4436 2095 4505 in
2112 4459 2151 4506 ea
2167 4433 2311 4521 regione
2333 4434 2432 4502 sedes
2445 4433 2511 4500 da·

494 4543 591 4605 runt.
643 4529 760 4603 Sonus
785 4538 949 4609 vocabuli
973 4554 1066 4609 certe
1095 4544 1258 4630 congruit
1286 4563 1366 4611 cum
1396 4565 1477 4611 ver·
1528 4557 1583 4615 tae
1599 4559 1699 4626 sunt,
1727 4564 1816 4634 quos
1832 4542 1870 4608 in
1887 4539 2008 4610 Asiam
2031 4536 2174 4609 attraxit
2195 4525 2401 4603 Antiochus
2422 4530 2512 4632 Hie-

494 4634 542 4702 bo
564 4626 707 4713 Chana,
739 4640 834 4728 quod
857 4655 907 4711 est
932 4653 1042 4710 castra
1065 4642 1192 4731 posuit.
1251 4642 1342 4713 lnde'
1363 4654 1477 4736 potest
1528 4670 1589 4715 rax
1613 4644 1707 4714 inter
1730 4637 1922 4736 Phrygiam
1944 4652 1980 4710 et
1999 4633 2194 4733 Chalybes,
2219 4634 2285 4728 qui
2304 4655 2412 4704 venas
2424 4633 2512 4704 ferri

494 4755 567 4839 esse
588 4728 733 4818 Hunni,
768 4740 865 4828 quasi
895 4756 1005 4811 eastra
1034 4757 1215 4830 ponentes.
1273 4742 1342 4814 Sed
1372 4744 1476 4814 tertio
1530 4761 1565 4818 et
1581 4745 1715 4834 argenti
1738 4738 1959 4827 babuerunt,
1986 4740 2083 4810 unde
2106 4759 2238 4808 nomen
2253 4735 2320 4806 luit
2335 4730 2452 4829 Alybe
2465 4734 2511 4804 ab

494 4857 589 4903 anno
603 4847 682 4923 post
698 4836 831 4905 Attilae
847 4857 994 4912 mortem
1012 4841 1112 4914 Gotti
1138 4868 1259 4916 rursus
1278 4847 1379 4936 potiti
1395 4858 1478 4914 sunt
1528 4845 1690 4918 Hebraea
1711 4869 1797 4917 voce
1817 4841 1936 4922 lobel,
1969 4842 2065 4936 quod
2085 4838 2228 4931 proprie
2244 4834 2414 4925 signifieat
2428 4831 2512 4904 Mei

495 4954 603 5022 regno
620 4933 840 5010 Pannoniae.
891 4939 979 5012 Nam
997 4941 1176 5036 Gepidae,
1202 4948 1375 5039 quinunc
1394 4961 1476 5018 sunt
1527 4950 1664 5022 tallum.
1713 4941 1768 5016 Ex
1785 4957 2002 5017 voceautem
2020 4939 2136 5037 Alybe
2157 4940 2289 5010 factum
2312 4947 2509 5008 estnomen

494 5032 656 5124 Sepusii,
681 5059 761 5127 pars
778 5038 1133 5117 fueruntGottornm.
1182 5045 1266 5118 Fuit
1280 5060 1394 5117 autem
1405 5045 1476 5117 Ar·
1526 5041 1729 5141 Chalybes.

493 5135 646 5221 daricus,
670 5140 733 5236 qni
749 5140 861 5225 lilium
878 5138 1010 5213 Attilae
1022 5149 1120 5235 vicit,
1145 5171 1205 5217 rex
1220 5147 1449 5240 Gepidarum.
1627 5145 1849 5217 Mentiouem
1873 5143 1957 5215 lacit

1981 5141 2202 5214 Henetorum
2233 5153 2268 5212 et
2294 5135 2509 5219 Herodotus,

594 5234 682 5310 Post
711 5255 998 5335 annos-centum
1020 5258 1177 5341 tempore
1201 5248 1392 5320 lustiniani
1418 5274 1475 5319 re-
1527 5251 1587 5320 sed
1614 5264 1697 5321 tunc
1729 5270 1808 5316 cum
1838 5258 2032 5316 tenuerunt
2061 5243 2160 5316 littus
2190 5241 2299 5310 maris
2323 5234 2511 5310 Adriatici,

493 5337 638 5408 dierunt
667 5338 814 5428 Hunni,
847 5357 880 5413 et
907 5340 1065 5414 adiuncti
1089 5351 1138 5420 eis
1160 5353 1303 5422 fuerunt
1328 5352 1473 5435 Avares,
1525 5348 1811 5423 Consentaneum
1827 5359 1878 5417 est
1894 5344 2252 5420 autemvetustiorem
2268 5342 2387 5413 sedem
2402 5334 2509 5407 luisse

492 5439 555 5528 qui
579 5458 799 5531 occuparunt
821 5440 1011 5514 Thraciam
1035 5457 1070 5518 et
1094 5449 1227 5523 vicinas
1254 5452 1414 5543 regiones
1440 5467 1474 5524 et
1525 5476 1632 5546 quam
1649 5448 1937 5522 tenueruntbclli
1946 5444 2096 5517 Troiani
2107 5458 2265 5536 tempore
2274 5430 2511 5533 propePhry·

492 5535 727 5616 Pannoniam.
779 5544 940 5616 Fuerunt
960 5559 1077 5616 autem
1104 5544 1235 5623 Avares
1256 5553 1472 5626 Hunnorum
1526 5553 1629 5643 giam.
1683 5553 1735 5622 Ac
1748 5563 1896 5620 narrant
1908 5562 1991 5642 post
2005 5548 2140 5618 bellum
2157 5544 2354 5617 Troianum
2370 5538 2417 5608 ab
2430 5535 2510 5639 An·

491 5636 620 5725 ‘'iclflb
645 5667 686 5713 ex
707 5669 747 5714 ea
778 5641 922 5736 regione
951 5670 1042 5741 quae
1064 5641 1171 5717 hodie
1191 5655 1319 5725 retinet
1342 5664 1472 5725 n‘omen
1526 5667 1648 5724 tenore
1671 5656 1714 5721 ad
1742 5653 1860 5721 sinum
1884 5648 1991 5720 maris
2014 5647 2189 5719 Adriatici
2210 5643 2367 5712 Henetus
2385 5639 2510 5709 ductos

492 5732 575 5809 lura
597 5742 689 5814 ultra
710 5745 942 5820 Moscoviam.
990 5743 1041 5820 Et
1061 5769 1194 5819 nomen
1211 5749 1347 5847 Ungari
1371 5778 1473 5829 usuc·
1524 5778 1612 5844 esse,
1634 5754 1792 5826 fortassis
1808 5754 1902 5824 idem
1920 5750 2021 5822 duxit
2037 5771 2098 5821 eos
2113 5748 2152 5818 iu
2166 5744 2320 5816 vicinam
2337 5737 2511 5836 Illyrium.
