6025 6775
518 425 618 478 .,,ῖ.--
748 427 759 448 .
853 453 861 460 ..
1088 411 1096 418 '
1232 445 1247 468 ,Γ
1840 423 1846 450 s
1918 417 1920 422 ’
2027 461 2039 472 ,
2256 411 2271 434 ’··

482 497 523 562 ..n2
584 487 614 568 '-
685 517 743 594 ᾖ
848 567 861 584 ⁴
1493 473 1512 510 ⁸
1759 443 1844 534 ΞΕ
1930 549 1945 572 ⁸
2185 529 2261 610 τρὶ

474 643 604 741 ‚365²
701 621 789 726 ‘it‘
1161 658 1190 731 1.
1242 653 1811 739 oueonrooncnxronrs.
2063 721 2065 725 .
2433 671 2506 747 sco

493 858 660 925 magnum
679 830 874 912 ¹exercitum
899 828 1056 919 collegit,
1095 841 1136 899 ut
1156 821 1358 902 restitueret
1378 829 1473 919 poli·
1523 829 1609 900 victi
1628 844 1732 916 sunt,
1757 845 1875 901 tamen
1891 829 2074 907 Romanae
2090 837 2205 911 clades
2221 855 2366 935 propter
2380 844 2503 915 erebra
2696 915 2697 928 χ

438 937 443 944 ’
494 938 582 1007 tiam
599 934 800 1024 Iudaicam,
834 947 920 1002 etse
938 928 1228 1000 nominavitBen
1245 927 1408 1015 Cochab,
1433 931 1471 999 id
1523 932 1705 1019 naufragia
1729 933 1882 1003 maiores
1907 933 2064 1018 fuerunt.
2133 935 2187 1009 Ac
2211 943 2401 1033 inprimis
2425 942 2502 1017 Re·
2596 937 2599 942 ¹
2640 1003 2653 1020 .

494 1052 564 1122 est,
590 1036 703 1104 lilium
728 1033 858 1105 stellae.
906 1029 1030 1101 Postea
1051 1054 1131 1099 curn
1155 1032 1302 1101 infoelix
1325 1042 1471 1100 eventus
1521 1032 1597 1120 guli
1623 1034 1765 1102 fortuna
1792 1046 1826 1105 et
1846 1034 1934 1107 fides
1957 1036 1997 1105 in
2022 1038 2138 1130 primo
2164 1040 2260 1111 bello
2282 1042 2418 1116 Punico
2442 1045 2501 1115 in-

494 1137 637 1219 fnisset,
665 1127 1022 1204 nominatusestBen
1038 1126 1199 1211 Cosban,
1225 1132 1262 1200 id
1279 1144 1352 1215 est,
1377 1132 1472 1201 filius
1515 1131 1631 1223 signis
1656 1134 1738 1207 tuit.

447 1249 455 1270 ⁴
493 1236 732 1308 mendaxsire
748 1230 935 1303 mendacii.
986 1228 1148 1323 Cumque
1158 1227 1342 1302 Bethoron
1360 1232 1471 1303 trien·
1623 1229 1732 1303 Anno
1763 1260 1861 1307 nono
1894 1236 1970 1309 eius
2001 1240 2087 1309 belli
2115 1264 2193 1312 cum
2223 1244 2296 1312 duo
2317 1241 2500 1330 Consules,

492 1339 556 1430 nio
573 1338 710 1407 obsessa
731 1332 874 1417 luisset,
907 1329 1034 1400 domiti
1059 1344 1142 1401 sunt
1167 1330 1309 1417 Iudaei,
1341 1334 1470 1424 partim
1521 1332 1682 1404 Manlius
1706 1350 1740 1407 et
1753 1334 1913 1426 Regulus
1933 1336 1970 1407 in
1989 1336 2182 1431 Aphricam
2206 1344 2440 1431 traiecissem,
2464 1360 2500 1420 et

491 1436 653 1532 praeliis,
678 1433 808 1525 partim
826 1433 935 1514 lame,
963 1430 1146 1501 trucidatis
1164 1434 1317 1525 amplius
1332 1446 1471 1504 trecen·
1522 1449 1600 1527 post
1615 1438 1768 1507 reditum
1780 1435 1910 1507 Manlii
1925 1442 1970 1509 ad
1984 1441 2108 1511 urbem
2120 1439 2280 1532 Regulus
2295 1445 2334 1513 in
2344 1441 2500 1535 Aphrica

490 1539 535 1611 tis
550 1536 709 1606 millibus
725 1533 771 1601 ab
786 1532 997 1624 imperatore
1013 1531 1186 1606 Adriano.
1238 1531 1308 1602 Hic
1322 1534 1404 1602 finis
1418 1546 1471 1604 est
1522 1538 1723 1622 mansisset,
1746 1538 1833 1609 vicit
1850 1541 1924 1609 acie
1938 1543 2044 1622 duos,
2072 1543 2307 1614 Asdrubalem
2331 1559 2367 1616 et
2380 1542 2498 1615 Amil-

462 1636 644 1728 Aemiliae
657 1628 838 1718 Herodis,
869 1628 959 1726 quae
973 1655 1086 1701 annos
1102 1648 1243 1705 centum
1262 1649 1297 1707 et
1313 1647 1383 1705 tres
1403 1637 1470 1704 do·
1521 1658 1636 1704 carem
1661 1653 1794 1727 patrem
1817 1640 2022 1712 Annibalis.
2074 1642 2284 1714 Trucidavit
2304 1647 2498 1717 octodecim

487 1738 622 1808 minata
645 1750 715 1816 est,
754 1733 930 1827 usquead
956 1733 1061 1803 finem
1086 1734 1285 1829 Agrippae,
1318 1735 1380 1829 qui
1401 1735 1470 1806 luit
1520 1736 1633 1804 millia
1647 1735 1868 1827 Poenorum,
1892 1742 2052 1836 quinque
2067 1745 2179 1815 millia
2196 1745 2327 1837 coepit,
2352 1760 2387 1818 et
2399 1760 2498 1817 octo-

488 1837 584 1910 tilius
595 1835 750 1910 Herodis
763 1834 942 1926 Agrippae
957 1835 1061 1924 regis.
1520 1837 1634 1907 decim
1649 1832 1867 1929 elephantos.

642 1935 645 1940 ’
1522 2001 1525 2007 «
1622 1935 1793 2031 Sequenti
1816 1964 1910 2011 anno
1927 1941 2087 2034 Regulus
2109 1947 2221 2018 victus
2239 1959 2309 2032 est,
2335 1961 2370 2019 et
2386 1948 2496 2018 truci-

1519 2040 1601 2109 data
1625 2039 1771 2129 triginta
1796 2041 1908 2111 millia
1931 2041 2194 2132 Romanorum,
2225 2061 2323 2138 capta
2344 2049 2495 2143 quinde-

1519 2140 1587 2208 cim
1602 2140 1736 2224 millia,
1760 2139 1921 2230 Regulus
1936 2146 2067 2215 catenis
2085 2148 2225 2217 vinctus
2238 2163 2301 2222 est.

592 2244 635 2315 Iu
651 2243 756 2315 tertia
776 2234 983 2310 monarchia
998 2238 1155 2308 breviter
1176 2237 1321 2308 recitari
1336 2238 1468 2311 Persici
1521 2280 1524 2283 ·
1619 2236 1727 2310 Anno
1744 2242 1869 2333 quinto
1884 2257 1963 2335 post
1978 2240 2072 2315 hanc
2086 2248 2239 2333 cladem,
2272 2272 2351 2319 cum
2365 2247 2494 2318 Metel-

467 2347 587 2438 ·regni
617 2347 743 2423 tinem,
781 2339 976 2409 Alexandri
1007 2338 1190 2422 victorias,
1228 2353 1262 2408 et
1291 2355 1370 2430 post
1391 2343 1467 2411 eius
1517 2340 1573 2409 Ius
1607 2341 1735 2430 viginti
1766 2343 1878 2414 millia
1911 2342 2241 2435 Carthaginensium
2276 2348 2495 2434 trucidasset,

461 2441 469 2448 ”
487 2460 637 2518 mortem
670 2455 821 2537 quatuor
854 2440 1039 2532 praecipua
1074 2460 1179 2526 regua
1218 2462 1466 2528 successorum,
1519 2437 1725 2531 elephantos
1749 2443 1979 2515 interfecisset
1999 2469 2058 2514 sex
2080 2461 2114 2517 et
2134 2449 2299 2537 triginta,
2325 2449 2495 2539 coepisset

488 2550 580 2619 sicut
600 2544 726 2616 Daniel
749 2540 989 2633 praedixerat,
1012 2538 1244 2632 Aegyptium,
1271 2538 1466 2634 Syriacum,
1516 2555 1657 2612 centum
1673 2544 1903 2636 quadraginta
1920 2568 1998 2631 sex,
2026 2545 2188 2640 Regulus
2207 2550 2333 2619 missus
2350 2562 2402 2619 est
2415 2546 2493 2621 Ro·

486 2647 633 2738 regnum
649 2642 823 2731 Antigoni
844 2642 883 2713 in
908 2641 1046 2708 minore
1068 2640 1172 2725 Asia,
1203 2654 1236 2709 et
1255 2638 1465 2712 Macedoni·
1514 2666 1630 2726 mam,
1668 2656 1709 2714 ut
1732 2668 1850 2735 pacem
1872 2659 1933 2716 aut
1954 2650 2251 2736 permutationem
2272 2650 2493 2741 captivorum

485 2773 578 2820 cum.
628 2746 791 2817 Diximus
815 2742 938 2825 etiam,
964 2737 1113 2808 Iudaeae
1136 2755 1170 2810 et
1190 2736 1367 2813 Ecclesiae
1390 2770 1465 2813 me·
1514 2738 1853 2832 Carthaginensibus
1893 2759 2043 2836 peteret,
2088 2749 2252 2819 dissuasit
2291 2764 2494 2842 utrumque.
2561 2810 2564 2819 .
2666 2769 2670 2776 ·

485 2852 641 2922 diocrem
663 2847 771 2914 fuisse
788 2840 1081 2935 tranquillitatem
1097 2854 1253 2932 tempore
1269 2843 1464 2913 Alexandri
1514 2840 1587 2911 Nec
1602 2856 1718 2912 tamen
1737 2846 1883 2914 violavit
1901 2848 2017 2913 datam
2033 2845 2137 2915 fidem
2152 2849 2196 2916 de
2211 2850 2329 2919 reditu
2344 2852 2388 2918 ad
2403 2848 2493 2918 Car·

485 2965 519 3022 et
533 2949 775 3043 proximorum
790 2963 1028 3013 successorum
1049 2965 1161 3035 usque
1182 2944 1224 3011 ad
1245 2940 1463 3014 Antiochum
1514 2938 1707 3030 thaginem.
1758 2943 1935 3015 Reversus
1951 2958 2001 3014 est
2016 2944 2124 3034 igitur
2137 2943 2404 3037 Carthaginem,
2428 2949 2492 3018 ubi

485 3052 667 3141 Magnum.
727 3044 864 3115 Interea
888 3043 1058 3135 paulatim
1083 3043 1121 3109 in
1139 3041 1238 3114 Italia
1260 3044 1464 3116 crevitRo-
1515 3056 1634 3132 postea
1650 3045 1785 3112 crudeli
1802 3045 1976 3135 supplicio
1993 3059 2214 3116 necatusest.
2264 3045 2388 3117 Postea
2409 3056 2491 3118 rur*-

437 3197 441 3210 ·
486 3147 772 3242 manapotentia.
824 3141 907 3214 Fuit
924 3157 1041 3213 autem
1065 3144 1214 3212 maxime
1234 3146 1464 3214 memorabile
1514 3166 1574 3212 sus
1597 3146 1881 3231 magnae-clades
1906 3145 2075 3238 utrinque
2101 3160 2259 3237 acceptae
2287 3160 2390 3233 sunt,
2429 3150 2491 3228 sed

484 3252 637 3336 bellum,
669 3249 764 3340 quod
783 3244 939 3318 Romani
963 3258 1120 3335 tempore
1135 3238 1362 3335 Philadelphi
1387 3269 1463 3335 ges-
1515 3266 1612 3312 nono
1626 3265 1721 3313 anno
1742 3260 1822 3335 post
1836 3243 1975 3315 Metelli
1998 3247 2180 3317 victoriam
2194 3247 2377 3320 Luctatius
2393 3246 2490 3319 Con·

484 3365 606 3427 serunt
630 3374 710 3423 cum
735 3371 813 3439 rege
837 3340 975 3440 Pyrrho
1000 3356 1035 3415 et
1062 3343 1286 3431 Tarentinis,
1326 3362 1463 3418 motum
1514 3344 1587 3428 sul,
1627 3367 1708 3414 cum
1739 3345 1884 3433 vidisset
1913 3344 2128 3417 Hannonem
2161 3350 2336 3421 adducere
2359 3374 2490 3421 novam

419 3466 446 3505 '·
485 3480 580 3526 auno
603 3479 622 3524 a
645 3450 787 3522 condita
811 3449 899 3518 urbe
917 3445 1264 3539 quadringentesimo
1281 3461 1462 3537 septuage-
1514 3447 1657 3515 classem
1681 3447 1724 3515 ad
1743 3442 1975 3533 Amilcarem,
2007 3449 2213 3542 priusquam
2229 3453 2301 3522 duo
2319 3453 2490 3522 exercitus

484 3559 575 3627 simo
599 3553 774 3641 secundo,
799 3546 1087 3644 quia'l'arentini
1111 3560 1147 3614 et
1164 3546 1306 3614 classem
1327 3545 1462 3617 Roma·
1515 3544 1834 3636 coniungerentur,
1878 3551 1994 3619 statim
2026 3550 2227 3635 dimicavit,
2273 3553 2318 3621 ad
2358 3553 2490 3623 insulas

487 3679 572 3726 nam
600 3653 821 3743 diripuerant
843 3650 1026 3719 interiecto
1048 3648 1155 3729 duee,
1187 3658 1222 3716 et
1243 3646 1374 3735 legatos
1390 3647 1463 3717 Ta·
1512 3642 1677 3735 Aegates,
1702 3649 1814 3739 coepit
1829 3648 2100 3720 Punicasnaves
2116 3650 2293 3740 sexaginta
2314 3666 2400 3738 tres,
2425 3655 2489 3722 de-

484 3770 625 3828 rentum
646 3753 769 3822 missos
782 3752 1019 3843 pulsaverant.
1069 3743 1165 3818 Utile
1192 3760 1244 3817 est
1267 3760 1384 3847 autgm
1405 3761 1461 3818 to·
1513 3749 1634 3818 mersit
1665 3763 1806 3819 centum
1840 3750 1966 3839 viginti
2001 3752 2175 3845 quinque,
2215 3753 2331 3842 coepit
2363 3754 2489 3841 viginti

483 3877 554 3930 tam
580 3852 764 3926 historiam
790 3847 917 3944 Pyrrhi
938 3871 1058 3948 nosse,
1098 3871 1188 3940 quae
1208 3848 1343 3937 legatur
1366 3852 1459 3940 apud
1511 3845 1935 3936 duomilliahominum,
1962 3851 2153 3923 trucidavit
2172 3854 2341 3923 tredecim
2362 3855 2489 3934 millia,

482 3950 726 4032 Plutarchum.
776 3950 901 4020 Virtus
921 3951 989 4021 fuit
1010 3949 1181 4019 excellens
1196 3946 1336 4042 Pyrrhi.
1388 3949 1457 4020 Sed
1512 3964 1629 4041 postea
1646 3953 1847 4041 properavit
1862 3955 1906 4020 ad
1921 3952 2154 4033 Amilcarem,
2179 3966 2214 4023 et
2230 3976 2309 4023 cum
2326 3978 2366 4022 ex
2376 3951 2488 4046 Eryce

482 4085 561 4133 cum
578 4057 691 4128 multa
708 4054 801 4123 bella
820 4052 1116 4131 simulmoveret,
1143 4064 1177 4121 et
1199 4045 1364 4122 inchoata
1386 4075 1460 4121 non
1511 4051 1690 4120 discedere
1705 4051 1828 4139 codgit.
1869 4049 1980 4118 Poeni
1997 4053 2212 4142 quifnerant
2228 4050 2488 4145 inEryceven-

481 4171 694 4257 perterreret,
729 4153 887 4247 potentia
916 4152 1027 4245 ipsius
1049 4152 1220 4244 paulatim
1243 4152 1460 4241 languelacta
1511 4151 1577 4219 diti
1599 4149 1730 4237 singuli
1753 4148 1908 4216 denariis
1928 4151 2134 4223 octodecim.
2191 4150 2316 4222 Postea
2337 4154 2489 4243 petenti-

483 4278 545 4333 est.
592 4261 679 4332 Post
692 4259 827 4329 bellum
843 4252 1079 4323 Tarerninum
1100 4253 1238 4341 insigne
1261 4254 1459 4343 exemplum
1510 4251 1577 4321 bus
1599 4243 1937 4338 Carthaginensibus
1961 4251 2041 4318 data
2065 4263 2224 4343 estpars,
2262 4253 2399 4345 luitque
2428 4249 2487 4326 hic

482 4360 665 4432 Romanae
706 4355 865 4430 iusticiae
903 4365 1080 4424 narratur.
1154 4350 1317 4422 Romana
1356 4354 1461 4442 legio,
1511 4349 1593 4419 finis
1613 4348 1720 4440 primi
1741 4349 1828 4419 belli
1852 4347 2000 4436 Punici,
2042 4373 2136 4419 anno
2166 4353 2332 4422 vicesimo
2359 4367 2485 4445 quarto

475 4471 590 4552 'quam
614 4461 799 4531 nominant
818 4451 1055 4543 Campanam,
1093 4451 1262 4542 praesidii
1292 4477 1394 4523 causa
1422 4455 1460 4522 in
1509 4465 1737 4544 posteaquam
1753 4462 1890 4520 motum
1907 4465 1970 4522 est.
2021 4446 2155 4544 Estque
2174 4447 2232 4521 hic
2247 4475 2364 4523 annus
2387 4454 2486 4524 urbis

484 4561 609 4632 urbem
623 4554 798 4650 Rhegium
815 4555 1004 4636 collocato,
1027 4548 1210 4643 Rheginos
1233 4552 1326 4625 rives
1347 4555 1458 4626 inter·
1509 4553 1671 4624 conditae
1684 4553 1987 4645 quingentesimus
2001 4551 2243 4629 duodecimus.

484 4662 585 4744 fecit,
611 4671 776 4729 eteorum
792 4662 886 4730 bona
899 4668 934 4725 et
948 4675 1051 4744 agros
1066 4653 1259 4744 occupavit.
1302 4654 1457 4728 Romani
1610 4651 1665 4724 Ac
1688 4654 1873 4745 praecipue
1895 4652 2047 4742 iusignia
2072 4654 2229 4743 exempla
2251 4663 2333 4722 sunt
2358 4653 2397 4722 in
2416 4649 2484 4724 hoc

483 4765 593 4853 igitur
604 4771 644 4831 ut
658 4761 897 4843 ostenderent,
922 4779 958 4826 se
975 4756 1078 4824 bdem
1092 4755 1366 4837 sociisdebitam
1382 4781 1456 4825 non
1510 4755 1624 4840 bello,
1660 4756 1804 4827 fortuna
1826 4765 1860 4826 et
1888 4753 1974 4824 hdes
1993 4750 2142 4844 Reguli,
2176 4767 2212 4824 et
2233 4752 2391 4825 celeritas
2409 4751 2485 4824 Lu·

483 4865 574 4933 velle
594 4861 744 4944 violare,
767 4861 892 4948 punire
908 4881 990 4930 suos
1003 4855 1133 4925 milites
1147 4857 1397 4941 decreverunt,
1423 4871 1458 4927 et
1508 4856 1619 4927 ctatii.

482 4963 589 5057 potiti
610 4963 698 5032 urbe
717 4952 875 5048 Rhegio,
911 4970 1100 5042 trecentos,
1135 4956 1218 5049 quia
1240 4980 1315 5026 uon
1336 4956 1456 5049 plures

483 5065 555 5133 vivi
572 5065 609 5131 in
624 5059 791 5134 Consulis
812 5071 1013 5150 potestatem
1029 5069 1218 5139 venerant,
1244 5058 1357 5127 securi
1374 5081 1455 5148 per-

484 5177 680 5237 cusserunt.
732 5157 870 5232 Caeteri
883 5161 1021 5232 sceleris
1033 5157 1121 5232 socii
1137 5158 1175 5226 in
1193 5158 1456 5250 oppugnatione

486 5267 678 5359 perierant.
1608 5254 1706 5327 Inter
1734 5256 1840 5326 finem
1869 5254 1977 5347 primi
2008 5256 2094 5327 belli
2119 5256 2245 5329 Punici
2273 5273 2309 5332 et
2338 5259 2482 5330 initium

583 5365 709 5437 Postea
733 5384 827 5432 anno
847 5359 947 5432 urbis
969 5359 1312 5453 quadringentesimo
1332 5372 1457 5431 octua·
1506 5358 1652 5429 secundi
1672 5370 1756 5429 sunt
1778 5356 1864 5426 anni
1887 5355 2047 5451 quinque
2069 5372 2104 5430 et
2128 5359 2265 5450 viginti.
2322 5359 2484 5452 Suntque

481 5471 613 5561 geshno
631 5490 727 5536 nono
742 5473 942 5533 motumest
955 5459 1107 5550 primurn
1121 5463 1255 5533 bellum
1268 5458 1456 5546 Punicum,
1506 5460 1642 5530 interea
1670 5458 1807 5548 magnis
1832 5457 1976 5549 proeliis
1996 5457 2079 5529 victi
2102 5482 2212 5553 prope
2235 5459 2482 5531 Mediolanum

451 5571 564 5663 'quia
591 5563 885 5657 Carthaginenses
914 5558 1065 5630 Hieroni
1086 5558 1326 5655 Syracusano,
1361 5562 1456 5632 socio
1505 5556 1685 5631 Insubres
1706 5572 1740 5629 et
1753 5554 1863 5644 Boii,
1896 5570 1932 5629 et
1948 5554 2136 5630 Gallorum
2162 5583 2202 5630 ac
2219 5558 2483 5630 Germanorum

479 5670 604 5763 populi
613 5668 771 5744 Romani
784 5685 932 5754 regnum
947 5658 1084 5751 eripere
1099 5665 1329 5739 conabantur.
1378 5658 1457 5732 Etsi
1505 5662 1591 5733 novi
1606 5660 1796 5747 exercitus,
1820 5660 1884 5756 qni
1899 5660 1944 5729 ad
1960 5658 2200 5730 defendendos
2217 5656 2384 5729 Insubres
2399 5661 2483 5752 iuga

480 5785 599 5846 autern
632 5784 667 5843 et
692 5763 984 5858 Carthaginenses
1012 5779 1117 5853 saepe
1146 5765 1283 5855 magnis
1313 5762 1457 5859 praeliis
1505 5762 1653 5858 Alpium
1664 5762 1897 5850 transierant,
1920 5771 1954 5832 et
1967 5759 2171 5833 iuraverant
2186 5781 2224 5829 se
2238 5754 2395 5857 Romam
2417 5762 2481 5833 de·

430 2087 434 2094 ,
576 2009 714 2082 netto
739 2011 940 2078 Romana
965 2012 1176 2095 ternpore
1201 2009 1384 2077 tertiae

421 2119 424 2128 '
512 2119 516 2124 '
817 2104 1140 2179 monarchiae.

1555 5028 1621 5098 De
1641 5029 1853 5115 tempore
1880 5028 2009 5096 s‘sstes·
2037 4994 2237 5115 petasum
2264 5019 2450 5099 bellarm

1700 5127 1924 5196 Punicum
1950 5133 1994 5195 et
2020 5125 2293 5198 recondam.
2320 5154 2330 5172 ·
