6025 6775
403 573 407 580 ’
487 614 560 684 no
730 594 941 677 scetrra
967 592 1044 671 ru.
1069 592 1186 670 nar.
1209 590 1279 665 an
1304 592 1432 668 urar.
1458 588 1606 671 anor.
1629 590 1698 668 nr
1722 591 1913 672 afflans.
1937 591 2261 670 sracranrra.
2430 600 2508 677 eoo

483 782 596 864 ⁸meli„
618 777 828 889 affectatum
850 789 942 847 esse,
966 786 1008 836 ac
1029 765 1112 835 satis
1134 766 1203 835 sibi
1217 787 1310 847 esse,
1336 767 1367 837 si
1382 768 1475 840 iusta
1526 765 1641 851 niam,
1670 777 1712 837 ut
1732 762 1905 837 Graeciae
1927 765 2065 838 bellum
2094 765 2261 854 inierret,
2292 771 2515 856 decrevisset,

493 886 625 958 facien,
639 893 675 951 εἰ
690 878 812 950 dicen,
824 867 1010 961 spartanis
1031 866 1105 938 suis
1124 867 1269 958 placeat.
1306 860 1421 942 -Fecit
1443 882 1477 940 et
1529 867 1773 958 desperatione
1787 868 1840 939 rei
1854 882 1993 953 tantae,
2018 890 2061 938 ac
2076 869 2265 962 praecipue
2280 887 2383 945 metu
2392 872 2519 946 Cimo-

494 989 563 1059 apa
578 984 746 1055 modest„
794 969 949 1044 Remisit
962 968 1136 1059 captivam
1150 969 1308 1039 nobilem
1324 972 1369 1041 ad
1385 994 1479 1042 suos.
1530 970 1606 1054 uis,
1630 970 1750 1040 omisit
1763 971 2043 1062 expeditionem,
2068 981 2105 1040 et
2119 986 2271 1043 mortem
2295 975 2365 1046 sibi
2383 978 2521 1047 consci-

497 1089 568 1163 Sed
584 1088 677 1155 idem
691 1073 882 1150 Pausanias
898 1094 978 1141 cum
994 1082 1113 1159 postea
1125 1067 1335 1163 Byzantium
1350 1070 1481 1143 Graeci
1532 1071 1603 1156 vit,
1633 1066 1760 1142 hausto
1787 1096 1850 1143 seu
1878 1072 2018 1142 taurino
2050 1073 2241 1163 sanguine,
2272 1099 2336 1147 seu
2362 1101 2521 1165 veneno,

498 1191 739 1278 occupassent,
772 1176 886 1247 factus
915 1172 1090 1261 superbus
1120 1186 1155 1243 ct
1180 1173 1334 1242 crudelis
1362 1175 1483 1265 rapuit
1515 1196 1614 1243 cum
1637 1172 1781 1265 quidem
1803 1172 1949 1244 vixisset
1969 1196 2082 1244 annos
2098 1176 2260 1270 quinque
2281 1193 2316 1249 et
2331 1181 2524 1269 sexaginta.

498 1291 606 1360 filiam
628 1277 810 1377 praecipui
833 1275 921 1345 ciris
942 1270 1123 1365 Byzantii,
1149 1284 1184 1342 et
1206 1269 1298 1343 hanc
1318 1289 1427 1345 noctu
1443 1277 1483 1344 in
1533 1271 1604 1343 Hic
1623 1273 1693 1343 fuit
1714 1273 1827 1344 exitus
1849 1275 1941 1346 tanti
1956 1276 2043 1361 viri,
2066 1278 2128 1369 qui
2144 1302 2225 1348 cnm
2244 1282 2453 1354 excelluerit
2467 1305 2524 1352 sa-
2565 1305 2567 1310 ·

500 1389 615 1462 subita
639 1378 924 1454 consternatione
941 1374 1129 1448 interfecit.
1181 1372 1221 1443 ld
1240 1399 1320 1446 cum
1335 1378 1485 1461 fecisset,
1536 1375 1692 1468 pientia,
1715 1376 1822 1448 ⁸¹⁰¹&
1841 1390 1959 1448 ¹⁸¹⁰ssss
1983 1398 2019 1446 ὅθ
2035 1378 2198 1449 adiunxit
2210 1380 2332 1453 {¹¹5⁶ss
2349 1378 2527 1469 h0⁸fibu⁸s

501 1517 542 1562 ex
561 1500 674 1560 statua
699 1483 815 1553 editus
841 1492 893 1549 est
913 1471 973 1545 hic
997 1497 1136 1558 versus,
1169 1499 1320 1565 poenam
1343 1480 1485 1548 denun·
1536 1491 1572 1548 et
1593 1477 1700 1566 longe
1725 1479 1860 1547 maiora
1880 1479 2015 1548 viribus
2039 1478 2113 1550 suis
2136 1482 2321 1572 promisit,
2345 1499 2381 1556 et
2395 1485 2526 1556 sesein

501 1593 612 1661 ,121132
647 1586 767 1676 arripe
785 1576 891 1672 δίκης
913 1569 1053 1665 ἆσσον,
1078 1570 1180 1669 μάλα
1199 1602 1257 1650 τοι
1276 1572 1395 1652 κακὸν
1418 1579 1486 1652 ἄν·
1537 1590 1677 1649 tautum
1699 1579 1896 1671 periculum
1918 1581 2084 1665 adduxit,
2115 1596 2156 1652 ut
2175 1598 2326 1655 mortem
2352 1586 2419 1658 sibi
2435 1607 2523 1656 con-

445 1737 447 1741 ,
501 1689 636 1789 ὅρασιν
656 1684 777 1780 ὕβρις,
1163 1699 1167 1714 “
1538 1681 1831 1766 scisceretnallet,
1856 1705 1960 1774 quam
1977 1696 2158 1774 expectare
2174 1685 2363 1757 tristiorem
2377 1688 2522 1771 exitum,

604 1788 744 1862 Deinde
759 1808 838 1854 cum
848 1781 966 1851 Persis
981 1781 1120 1850 foedera
1134 1781 1249 1850 facere
1263 1797 1411 1852 conatus
1427 1796 1489 1868 est,
1539 1806 1620 1852 cum
1643 1797 1813 1853 metueret
1836 1783 1933 1869 fore,
1958 1798 2000 1854 ut
2018 1783 2076 1853 vel
2098 1807 2118 1854 a
2133 1782 2278 1857 Graecis
2295 1789 2349 1858 vel
2365 1811 2384 1860 a
2401 1786 2521 1858 Persis

506 1892 572 1984 hac
587 1890 812 1969 conditione,
838 1895 878 1954 ut
893 1885 1037 1953 daretur
1049 1882 1117 1950 sibi
1132 1905 1239 1963 uxor,
1264 1882 1336 1952 lilia
1352 1883 1490 1970 Xerxis,
1540 1883 1806 1954 interficeretur.
1854 1882 1958 1954 Adeo
1976 1884 2122 1955 infoelix
2137 1900 2187 1957 est
2202 1889 2372 1980 sapientia
2392 1885 2524 1957 huma·

506 2012 539 2066 ct
560 2006 602 2064 ut
617 1992 762 2062 adiutus
777 1984 926 2057 Persicis
949 1983 1091 2053 auxiliis
1110 2006 1170 2052 rex
1186 1980 1358 2055 Graeciae
1379 1986 1491 2071 fieret,
1540 2009 1606 2069 na,
1631 2008 1711 2054 cum
1736 2010 1755 2055 a
1776 1984 1852 2055 Deo
1872 1986 2067 2072 deseritur,
2092 1987 2187 2058 iuxta
2202 1985 2289 2059 haec
2303 1991 2412 2061 dicta:
2438 1988 2543 2059 Nou·

507 2118 655 2187 eamque
676 2089 819 2161 Persico
850 2084 1000 2176 imperio
1030 2084 1232 2159 subiiceret.
1290 2082 1491 2159 Revocatus
1540 2098 1656 2178 potest
1669 2086 1739 2156 sibi
1754 2081 1861 2157 homo
1877 2110 2016 2158 sumere
2031 2089 2242 2184 quicquam,
2267 2092 2339 2160 nisi
2352 2092 2397 2161 sit
2410 2090 2441 2159 ei
2457 2092 2525 2160 da-

508 2198 617 2287 igitur
632 2218 673 2265 ex
690 2187 861 2286 Byzantio
876 2210 957 2257 cum
970 2180 1109 2277 Ephori
1131 2209 1211 2255 eum
1234 2183 1492 2278 deprehensuri
1541 2202 1620 2259 tum
1642 2185 1770 2260 aDeo.
1822 2186 1929 2260 Item:
1956 2187 2038 2259 Seio
2058 2186 2235 2277 Domine,
2262 2195 2359 2287 quod
2381 2202 2531 2263 nonest

510 2315 544 2369 et
567 2299 605 2365 in
627 2314 799 2365 carcerem
822 2287 965 2360 ducturi
988 2299 1121 2371 essent,
1144 2286 1237 2376 fugit
1251 2288 1290 2357 in
1305 2292 1492 2383 templum.
1542 2285 1702 2362 hominis
1724 2291 1782 2360 via
1803 2289 1890 2366 eius.
1943 2290 2031 2361 Item
2058 2289 2099 2359 in
2123 2288 2288 2383 Epistola
2312 2291 2444 2363 lacobi:
2484 2289 2532 2361 Si

510 2400 567 2470 lbi
585 2420 663 2468 cum
677 2392 859 2464 audissent
871 2384 1010 2481 Ephori
1029 2388 1145 2479 ipsum
1160 2390 1329 2460 fatentem
1347 2392 1494 2479 crimen,
1544 2391 1625 2485 quis
1641 2391 1776 2483 indiget
1791 2391 1982 2485 sapientia,
1995 2405 2135 2483 petata
2151 2392 2227 2464 Deo
2242 2407 2307 2467 etc.

511 2500 668 2570 inclusus
697 2495 790 2564 fame
814 2490 929 2583 periit.
987 2484 1037 2561 Et
1054 2503 1173 2560 mater
1195 2486 1378 2580 Alcithea,
1410 2518 1492 2565 cum
1645 2490 1737 2565 Cum
1751 2493 2024 2566 Lacedaemonii
2039 2493 2228 2583 fugientem
2245 2519 2287 2566 ex
2302 2492 2456 2565 Graecia
2473 2513 2535 2561 se-

511 2623 614 2682 muro
629 2597 722 2668 iores
737 2594 1024 2676 obstruerentur,
1049 2592 1207 2682 primum
1226 2592 1382 2684 lapidem
1396 2596 1435 2665 in
1452 2619 1493 2666 ea
1545 2606 1758 2688 querentur,
1780 2607 1822 2667 ut
1840 2595 1958 2688 ipsum
1983 2595 2240 2683 interficerent,
2264 2597 2355 2685 fugit
2369 2594 2535 2689 primum

512 2697 753 2773 obstructione
779 2693 921 2765 locavit.
979 2689 1051 2763 llic
1072 2692 1186 2764 exitus
1211 2691 1407 2767 Pausaniae
1426 2697 1496 2769 luit
1546 2698 1591 2766 ad
1620 2695 1813 2767 Admetum
1841 2720 1962 2786 regem
1989 2696 2251 2783 Molossorum,
2291 2697 2354 2790 qui
2388 2719 2470 2768 cum
2497 2693 2535 2763 el

378 2819 381 2822 ’
503 2829 553 2874 eo
569 2799 721 2884 tristior,
745 2795 844 2891 quod
864 2794 1037 2880 ostendit,
1060 2806 1196 2864 tantam
1214 2818 1288 2866 esse
1304 2796 1495 2869 imbecilli·
1546 2797 1714 2868 iuimicus
1730 2811 1838 2884 esset,
1860 2799 2019 2869 monitus
2039 2800 2086 2869 ab
2101 2822 2211 2869 urore
2225 2795 2392 2878 Admeti,
2415 2798 2533 2867 factus

512 2917 619 2976 tatem
633 2913 780 2973 naturae
794 2892 994 2977 hominum,
1020 2909 1060 2967 ut
1074 2919 1148 2967 uon
1162 2896 1278 2998 solum
1292 2899 1437 2971 fortuna
1451 2901 1498 2971 sit
1548 2912 1600 2969 est
1617 2897 1649 2967 ei
1665 2900 1829 2993 supplex,
1848 2895 1918 2971 hoc
1931 2900 2104 2988 singulari
2120 2901 2208 2985 ritu,
2233 2922 2341 2993 quern
2363 2900 2533 2969 docuerat

513 3003 708 3087 instabilis,
738 3001 800 3070 sed
829 2999 942 3070 virtus
971 2997 1099 3084 etiam,
1129 3022 1219 3091 quae
1240 3001 1440 3071 durabilior
1463 3014 1498 3072 et
1548 3025 1629 3071 eum
1645 3003 1741 3090 regia
1760 3002 1927 3072 coniunx.
1973 2998 2063 3070 Cum
2079 3001 2226 3070 domum
2241 3002 2380 3071 veniret
2394 2996 2536 3071 Adme-

515 3107 650 3177 tirmior
673 3125 746 3174 csse
761 3102 913 3173 debehat
927 3100 966 3169 in
984 3101 1244 3193 praestantibus
1264 3101 1370 3187 viris,
1395 3126 1498 3194 saepe
1548 3115 1624 3187 tus,
1657 3102 1696 3170 in
1720 3102 1895 3172 vestibulo
1922 3103 1966 3169 ad
1994 3123 2094 3169 aram
2124 3095 2381 3186 Themistocles
2404 3113 2535 3196 teneus

404 3217 409 3226 ’
515 3209 752 3298 extinguatur.
803 3206 1046 3294 Agnoscamus
1061 3201 1170 3291 igitur
1186 3214 1221 3274 et
1235 3204 1499 3275 naturaeinfir·
1548 3202 1878 3274 manibusfiliolum
1894 3198 2061 3285 Admeti,
2086 3202 2229 3295 etpatri
2244 3204 2434 3275 ostendeus
2448 3226 2539 3297 pro-

516 3311 672 3383 mitatem
693 3322 728 3379 et
751 3306 886 3378 diaboli
902 3303 1145 3401 tyrannidem,
1168 3316 1204 3373 et
1224 3316 1384 3396 petamus
1398 3308 1496 3377 auxi-
1549 3318 1628 3399 pter
1640 3328 1722 3375 eum
1738 3318 1816 3377 orat
1830 3327 1869 3375 se
1884 3305 2077 3398 supplicem
2092 3305 2219 3399 recipi,
2244 3305 2314 3377 sibi
2328 3305 2443 3398 parci,
2468 3330 2540 3377 uec

516 3413 606 3483 lium
629 3436 650 3484 a
673 3411 748 3480 lilio
769 3406 856 3493 Dei,
882 3408 979 3479 iuxta
1000 3408 1150 3479 dictum:
1177 3403 1257 3477 Tua
1280 3419 1331 3479 est
1345 3411 1498 3502 perditio
1552 3407 1637 3479 dedi
1657 3428 1731 3478 sese
1749 3403 1924 3482 hostibus.
1975 3405 2045 3477 Hic
2067 3407 2160 3479 ritus
2173 3421 2318 3501 propter
2335 3409 2451 3478 filium
2470 3433 2539 3500 pe-

519 3526 673 3598 tentum,
697 3512 737 3580 iu
748 3504 821 3580 Me
833 3510 1004 3580 auxilium
1021 3507 1140 3581 lsrael.
1550 3509 1651 3582 tendi
1667 3509 1891 3582 indicabatur
1906 3532 1978 3581 esse
1991 3509 2242 3581 sanctissimus.
2294 3508 2402 3582 Dedit
2426 3510 2539 3600 igitur

622 3607 723 3684 Adeo
753 3611 916 3682 excelluit
945 3611 1115 3700 sapientia
1148 3604 1424 3695 Themistocles,
1447 3626 1501 3684 ut
1552 3613 1585 3681 ei
1598 3610 1772 3684 Admetus
1790 3613 2044 3705 aliquantisper
2064 3624 2180 3682 tutum
2205 3607 2411 3704 hospitium.
2464 3611 2539 3684 Sed

521 3715 707 3809 praecipue
718 3713 828 3806 ipsius
836 3712 995 3784 consiliis
1006 3709 1155 3781 Graecia
1166 3712 1405 3785 sueritvictrix
1415 3713 1501 3784 Per·
1553 3737 1633 3784 cum
1649 3714 1787 3784 timeret
1801 3712 1973 3801 Graecos,
1999 3712 2061 3806 qui
2077 3714 2268 3804 poscebant
2284 3738 2366 3785 eum
2385 3715 2457 3785 sibi
2474 3717 2540 3784 de-

521 3841 651 3889 sarum.
705 3814 825 3904 Quare
847 3810 904 3885 bis
922 3813 1041 3883 verbis
1064 3813 1226 3883 laudatus
1250 3828 1303 3885 est
1318 3838 1338 3885 a
1355 3811 1497 3910 Thucy·
1552 3815 1608 3900 di,
1633 3816 1770 3885 curavit
1786 3839 1867 3884 eum
1883 3815 1921 3883 in
1937 3814 2059 3885 Asiam
2078 3811 2270 3889 transvehi.
2481 3816 2489 3836 ⁸

521 3920 622 3990 dide:
646 3915 736 3989 Erat
754 3915 1011 3988 Themistocles
1032 3915 1216 4006 praecipue
1239 3917 1367 4006 dignus
1387 3918 1501 3986 adrni-
1655 3913 1737 3987 Duo
1759 3930 1875 3987 autem
1898 3917 1968 3985 viri
1983 3915 2208 3988 celebrantur
2221 3918 2260 3986 iu
2275 3942 2317 3987 eo
2333 3917 2443 4002 hello,
2471 3920 2538 4010 qui

523 4020 758 4112 rationeprae
771 4021 863 4102 aliis,
889 4018 973 4111 quia
988 4017 1202 4087 aciementis
1215 4041 1299 4088 suae
1312 4040 1387 4086 nun
1399 4041 1500 4109 prae·
1554 4018 1597 4086 ad
1619 4031 1772 4088 caeteras
1794 4021 1959 4102 virtutes,
1991 4018 2198 4088 modestiam
2220 4032 2255 4088 et
2270 4013 2445 4089 iusticiam
2467 4021 2539 4087 ad·

520 4124 699 4208 monitus,
730 4144 795 4190 nec
818 4120 880 4188 diu
903 4119 1150 4202 considerans,
1178 4119 1218 4188 in
1242 4120 1348 4190 rebus
1378 4120 1505 4191 subitis
1555 4120 1759 4203 iunxerunt,
1784 4114 1969 4187 Aristides
1980 4108 2170 4199 etCr‘m‘on,
2196 4119 2257 4211 qui
2271 4132 2304 4187 et
2317 4140 2372 4187 res
2388 4142 2544 4207 magnas

522 4226 655 4315 optima
670 4222 819 4293 consilia
834 4217 1000 4304 habebat,
1025 4235 1059 4291 et
1073 4223 1116 4290 de
1130 4220 1270 4307 futuris,
1293 4221 1381 4314 quid
1396 4246 1504 4292 even·
1555 4235 1590 4293 et
1606 4219 1710 4291 utiles
1725 4221 1860 4313 patriae
1874 4235 2074 4310 gesserunt,
2100 4234 2227 4291 etcum
2246 4231 2360 4289 essent
2375 4217 2416 4286 in
2432 4223 2544 4290 omui

523 4339 643 4397 turum
662 4336 772 4406 esset,
799 4322 992 4393 rectissime
1014 4321 1237 4392 coniiciebat.
1286 4318 1336 4394 Et
1355 4347 1446 4416 quae
1465 4324 1503 4393 iu
1555 4322 1671 4393 officio
1681 4322 1765 4394 iusti
1780 4336 1813 4392 et
1830 4323 2016 4408 moderati,
2032 4323 2191 4414 placidos
2202 4316 2405 4392 habueruut
2413 4322 2544 4393 exitus·

462 4478 464 4482 ι
521 4420 773 4520 praesentiain
788 4425 954 4495 manibus
970 4418 1138 4508 hahebat,
1162 4423 1336 4514 explicare
1358 4437 1506 4516 poterat,
1656 4422 1741 4494 Fuit
1762 4439 1795 4497 et
1815 4423 1942 4494 Xerxis
1964 4426 2077 4495 exitus
2092 4425 2262 4515 tragicus,
2288 4424 2352 4516 qui
2365 4436 2446 4514 post
2461 4423 2545 4495 bel-

523 4544 558 4602 et
581 4554 673 4623 quae
694 4551 769 4598 non
796 4541 920 4610 norat,
953 4548 1028 4594 non
1052 4523 1189 4596 destitit
1211 4524 1401 4619 inquirere.
1461 4525 1504 4596 ln
1557 4526 1633 4596 lum
1662 4547 1823 4596 reversus
1854 4526 1893 4595 in
1914 4523 2056 4606 Asiam,
2091 4549 2169 4594 curn
2189 4520 2308 4596 fratris
2334 4548 2484 4595 uxorem
2507 4541 2544 4598 et

399 4634 402 4641 '
525 4629 683 4700 obscuris
707 4642 827 4700 autem
849 4630 971 4710 rebus,
1004 4626 1090 4719 quid
1115 4624 1242 4696 melius
1265 4641 1327 4697 aut
1351 4629 1506 4700 deterius
1556 4627 1665 4696 filiam
1690 4641 1843 4712 amaret,
1879 4628 2024 4698 fratrem
2056 4625 2244 4697 interiecit.
2303 4624 2464 4719 Sequute
2489 4641 2545 4699 est

526 4742 632 4815 esset,
671 4729 833 4800 omnium
858 4729 1009 4798 maxime
1032 4726 1286 4819 prospiciebat,
1328 4741 1362 4798 et
1394 4743 1435 4801 ut
1466 4731 1504 4798 in
1557 4727 1666 4819 igitur
1693 4750 1807 4821 poena
1838 4728 1986 4800 incestas
2017 4727 2187 4797 libidines
2218 4742 2253 4799 et
2284 4729 2546 4818 crudelitatem,

526 4853 662 4901 summa
678 4830 813 4912 dicam,
836 4825 991 4900 Naturae
1006 4829 1143 4903 viribus
1157 4841 1193 4898 et
1216 4829 1399 4900 celerrima
1416 4831 1507 4900 deli·
1557 4830 1653 4902 iuxta
1675 4831 1816 4900 divinas
1837 4831 1992 4922 regulas:
2027 4825 2160 4900 Omnis
2177 4829 2314 4917 anima,
2340 4853 2430 4924 quac
2446 4830 2546 4901 fece-

524 4932 709 5005 beratione
731 4929 865 5022 optima
887 4931 925 5002 id
948 4930 1116 5020 eligebat,
1140 4929 1239 5022 quod
1254 4928 1405 5001 maxime
1420 4955 1505 5025 pro-
1557 4932 1605 5004 rit
1619 4927 1683 5003 has
1697 4934 1999 5018 abominationes,
2023 4932 2275 5009 eradicabitur.
2327 4930 2431 5003 Item:
2467 4930 2545 5022 Qui

523 5035 684 5107 futurum
700 5046 816 5115 erat„
1347 5097 1350 5100 .
1418 5042 1428 5060 ⁰
1557 5031 1715 5124 gladium
1754 5035 1944 5126 acceperit,
1982 5035 2101 5126 gladio
2135 5034 2277 5126 peribit.
2343 5030 2544 5128 Aliquanto

432 5153 440 5168 ‘
625 5134 744 5210 Tanta
767 5159 848 5206 cum
870 5133 980 5206 fuerit
998 5131 1191 5226 sapientia,
1216 5147 1350 5207 etcum
1373 5134 1507 5230 optime
1558 5137 1653 5207 enirn
1674 5151 1753 5229 post
1773 5137 1905 5207 Xerxes
1919 5138 1966 5207 ab
1981 5138 2166 5209 Artabano
2182 5137 2388 5210 interfectus
2404 5149 2465 5206 est.

525 5238 673 5309 meritus
686 5249 795 5327 esset,
820 5250 941 5308 tamen
956 5260 999 5307 er
1011 5249 1086 5308 tota
1098 5232 1249 5307 Graecia
1264 5238 1429 5328 expulsus
1443 5250 1506 5309 cst.

526 5347 580 5420 Ac
595 5341 750 5432 primum
765 5338 799 5408 ei
814 5338 945 5413 iniusta
959 5339 1041 5409 odia
1058 5334 1420 5408 Lacedaemoniorum
1438 5362 1505 5409 no-
1595 5307 1901 5378 Armmu
1926 5309 2271 5403 1¹⁰”95M'W8s
2307 5307 2508 5400 Pullum

525 5456 687 5517 suerunt.
737 5440 862 5514 Postea
891 5454 926 5511 et
949 5439 1044 5529 apud
1070 5435 1164 5506 cives
1191 5439 1335 5511 accenit
1357 5440 1505 5521 invidia,
1862 5428 1947 5478 *ω’
1963 5413 2234 5483 penarum·

524 5545 608 5641 quia
621 5545 741 5620 miuus
753 5546 911 5618 modeste
924 5538 1077 5612 vivebat.
1119 5530 1214 5607 Exul
1227 5551 1344 5612 autem
1358 5543 1403 5612 ad
1418 5538 1507 5613 Per·
1658 5533 1894 5611 Artaxerxen
1915 5537 2193 5638 Longimanum
2213 5564 2320 5634 supra
2334 5541 2490 5613 diximus
2506 5541 2547 5612 iu

454 5666 456 5671 ·
525 5673 580 5720 sas
603 5651 766 5733 accessit,
805 5658 842 5716 et
871 5639 1037 5731 promisit
1061 5660 1099 5710 se
1128 5639 1256 5710 ducem
1279 5642 1357 5713 fore
1382 5656 1505 5715 contra
1555 5636 1707 5712 Oriente
1721 5660 1869 5733 regnum
1887 5648 2040 5718 tenuisse
2062 5648 2210 5716 ,breme
2232 5643 2361 5714 xerxe,
2414 5642 2549 5715 Graec,

421 5752 426 5765 ’
508 5737 690 5827 'Graecos
748 5746 841 5823 cum
862 5756 980 5815 autem
1000 5763 1061 5812 rex
1081 5737 1115 5810 ei
1131 5740 1323 5815 exercitum
1339 5756 1375 5817 et
1395 5766 1503 5837 pecu.
1554 5762 1636 5832 ergo
1650 5761 1839 5822 numerant
1854 5761 2024 5840 cumpost
2039 5745 2193 5824 Xerxen.
2233 5742 2430 5818 Dicmr'est
2445 5745 2550 5821 Inu-
