6025 6775
398 782 466 851 sut
689 769 849 848 DECL.
881 766 956 841 DE
995 761 1454 845 EXPLICATIONE
1496 760 1840 836 APttotttstttt
1881 768 2013 843 XLll.
2045 791 2127 844 rere.
2343 786 2417 857 362

399 948 507 1031 vitae,
534 945 572 1013 in
589 941 907 1013 communicatione
920 949 1041 1008 mutua
1053 933 1282 1007 honestorum
1301 940 1379 1008 otfi-
1434 933 1594 1003 membra
1609 935 1721 1003 motui
1736 960 1776 1004 ac
1793 940 1911 1007 sensui
1930 942 2103 1011 destinata
2129 945 2242 1013 troiici
2266 966 2419 1038 nequeat

398 1051 534 1119 ciorum
553 1059 583 1114 et
603 1042 853 1113 sententiarum
868 1037 981 1108 amica
995 1038 1195 1121 collatione,
1221 1040 1380 1128 singulo·
1431 1030 1504 1130 (vel
1528 1029 1591 1105 dcci
1613 1032 1859 1132 φλεγμονώδη
1881 1036 1967 1111 τίνα
1988 1034 2162 1116 διάθεσιν
2184 1045 2225 1117 ἐν
2240 1044 2345 1142 αὐτῷ
2361 1055 2417 1144 τῷ

399 1175 479 1220 rum
495 1148 660 1238 privatim
678 1165 753 1228 erga
770 1164 825 1209 me
843 1139 1007 1209 eximiam
1024 1140 1305 1211 benevolentiam
1322 1166 1380 1210 ar·
1429 1127 1622 1232 ἐμκεφοὶλῳ
1648 1130 1905 1231 ουστήσασαν,
1939 1142 1995 1209 vel
2020 1139 2146 1217 αὐτῶν
2167 1151 2246 1219 τῶν
2265 1154 2414 1223 κοιλιῶν

397 1249 578 1339 gumentis
595 1268 665 1314 non
681 1240 840 1310 obscuris
854 1241 1034 1333 perspexi,
1059 1254 1094 1310 ει
1119 1241 1230 1331 reipsa
1245 1243 1379 1312 multo·
1429 1232 1744 1329 ἐμπιμπλαμένων
1764 1234 1970 1337 ὑγρότητος
1990 1240 2298 1344 φλεγματώδους)
2318 1252 2414 1321 scili-

397 1356 465 1422 ties
490 1372 566 1418 sum
588 1355 768 1433 expertus,
786 1343 904 1429 cuius
927 1366 984 1411 me
1006 1342 1187 1432 opinionis
1214 1346 1258 1411 de
1275 1344 1378 1412 vobis
1428 1353 1481 1409 εει
1496 1340 1661 1422 cerebro,
1687 1341 1745 1408 vel
1761 1345 1903 1410 obsesso
1925 1344 2053 1415 affectu
2075 1361 2214 1438 praeter
2237 1338 2414 1437 naturam,

397 1454 550 1521 fructum
563 1457 602 1515 nt
614 1442 792 1535 percipere
806 1442 941 1526 sinatis,
956 1456 991 1514 ει
1006 1444 1137 1512 referre
1154 1467 1195 1512 ex
1207 1439 1279 1513 box
1291 1468 1379 1515 con·
1427 1440 1489 1531 qui
1507 1439 1553 1509 sit
1568 1440 1844 1512 inflammationi
1861 1443 2006 1530 similis,
2029 1448 2084 1517 vel
2099 1451 2242 1539 oppleto
2265 1452 2413 1522 obtura·

394 1572 490 1621 sessu
506 1542 634 1628 hodie,
661 1567 725 1613 vos
741 1538 970 1614 vehementer
985 1568 1050 1634 pro
1069 1568 1145 1612 mea
1163 1567 1241 1633 erga
1256 1545 1379 1635 singu·
1428 1551 1535 1633 toque
1550 1535 1794 1630 phlegmatieis
1809 1537 2022 1615 humoribus
2047 1549 2160 1634 intus,
2184 1576 2255 1644 qua
2275 1554 2412 1623 ventri-

394 1653 448 1720 los
469 1646 695 1716 observantia
722 1670 798 1717 oro.
855 1641 946 1715 Cum
966 1659 1083 1715 autem
1108 1668 1224 1737 neque
1245 1647 1375 1735 egoad
1428 1642 1590 1710 culomm
1608 1642 1720 1727 alvei,
1746 1656 1780 1714 et
1797 1647 2021 1718 anfractuum
2044 1650 2258 1743 multiplices
2278 1676 2319 1723 ac
2340 1654 2411 1722 mi-

395 1748 585 1821 dicendum
601 1747 668 1816 sim
685 1747 895 1827 instructus,
921 1758 956 1815 et
977 1762 1223 1835 argumentum
1245 1751 1376 1839 dequo
1428 1743 1542 1810 rando
1560 1755 1726 1812 contextu
1741 1744 1908 1837 impliciti
1932 1749 2079 1834 ductus,
2105 1764 2139 1822 et
2159 1775 2223 1822 ceu
2244 1754 2347 1823 incisi
2369 1754 2411 1823 in

395 1850 522 1922 disseri
537 1843 745 1923 scholastico
763 1871 859 1916 more
874 1852 1031 1937 oportet,
1058 1871 1131 1915 nou
1148 1859 1216 1917 tam
1232 1872 1377 1939 compo·
1427 1841 1661 1913 substantiam
1678 1843 1788 1933 ipsius
1806 1857 1927 1916 tenues
1943 1851 2039 1939 pori,
2064 1852 2096 1921 si
2108 1853 2155 1922 ab
2171 1854 2323 1924 infarctu
2340 1849 2411 1925 hu-

395 1953 484 2022 sitae
499 1948 668 2021 orationis
688 1947 788 2038 copia
811 1961 846 2017 et
867 1948 1055 2037 splendore
1078 1947 1249 2019 illustrari
1271 1962 1377 2042 atque
1427 1966 1567 2013 morum
1592 1943 1703 2033 liberi
1721 1945 1809 2027 sint,
1843 1961 1965 2040 patent
1986 1951 2199 2040 agitatorum
2219 1955 2409 2046 spirituum
2509 2034 2511 2037 g

394 2052 587 2136 ostentari,
613 2072 720 2144 quam
744 2048 945 2119 orationum
968 2049 1211 2118 fundamentis
1238 2050 1377 2134 discuti,
1427 2044 1603 2114 discursui
1623 2056 1657 2114 et
1672 2045 1883 2119 traiectioni.
2139 2054 2143 2058 ’

396 2167 431 2224 et
452 2153 585 2245 absque
606 2151 724 2220 ocioso
752 2162 879 2219 ornatu
901 2149 1054 2240 simplici
1077 2150 1238 2220 oratione
1261 2151 1374 2239 expli·
1525 2140 1603 2213 Hae
1619 2147 1845 2217 causaeliunt
1862 2150 2094 2245 illustriores,
2119 2179 2200 2225 cum
2221 2169 2255 2228 et
2281 2156 2408 2227 discri-

396 2253 468 2325 cari
481 2254 589 2337 velit,
614 2266 654 2322 ut
669 2251 708 2321 lit
722 2250 761 2319 iu
773 2249 1091 2342 disputationibus,
1117 2274 1192 2319 nou
1214 2273 1274 2320 ero
1291 2275 1375 2341 pro-
1426 2266 1507 2312 men
1522 2267 1563 2313 ac
1579 2245 1685 2314 series
1702 2263 1937 2336 caeterarum,
1963 2277 2053 2346 quae
2070 2251 2134 2325 has
2147 2257 2326 2348 proximas
2341 2281 2409 2330 an·

395 2354 498 2425 ligus,
1425 2345 1607 2429 tecedunt,
1638 2348 1806 2435 gignunt,
1836 2352 1950 2436 cient,
1984 2356 2194 2446 impellunt,
2233 2371 2270 2430 et
2291 2357 2404 2449 ipsius

495 2449 620 2523 Dicam
636 2472 718 2540 ergo
735 2472 846 2541 pauca
862 2451 907 2519 de
927 2449 1195 2543 quadragesimo
1216 2449 1371 2518 secundo
1425 2446 1541 2514 morbi
1565 2446 1665 2535 origo
1687 2450 1932 2524 consideratur
1955 2479 1996 2525 ac
2021 2470 2159 2528 natura.
2208 2455 2408 2550 Apoplexia

392 2548 615 2646 Apborismo
637 2551 745 2642 partis
776 2552 969 2635 secundae,
1010 2550 1110 2618 cuius
1137 2549 1244 2619 verba
1272 2561 1371 2618 sunt:
1424 2544 1462 2613 iu
1488 2545 1635 2617 illorum
1661 2561 1712 2619 est
1736 2555 1944 2626 morborum
1968 2581 2137 2639 numero,
2164 2582 2254 2652 quos
2274 2582 2315 2627 ex
2337 2559 2408 2627 im-

391 2654 538 2727 Fortem
548 2647 778 2743 Apoplexiam
793 2652 930 2721 solvere
946 2651 1163 2740 impossibile
1178 2662 1239 2735 est,
1259 2648 1374 2719 imhe·
1423 2645 1530 2735 pulsu
1553 2646 1675 2740 aliquo
1699 2649 1856 2738 incitati,
1882 2679 1923 2726 ac
1946 2682 2026 2727 cum
2046 2646 2258 2732 defluxionis
2273 2661 2409 2750 impetu

393 2756 509 2826 sillem
524 2752 637 2823 facile.
689 2748 923 2849 Occasionem
938 2753 983 2820 de
997 2751 1178 2842 apoplexia
1193 2751 1372 2839 cogitandi
1422 2760 1564 2816 ruentes
1590 2744 1776 2839 humores,
1809 2780 1916 2849 seque
1945 2758 1985 2828 iu
2002 2762 2185 2832 cerebrum
2207 2762 2409 2842 inserentes,

393 2854 607 2939 accuratius,
640 2853 881 2946 praebuerunt
903 2846 1010 2935 mihi,
1048 2875 1137 2944 quae
1170 2866 1375 2941 grassantur
1422 2860 1457 2916 et
1472 2847 1574 2936 lapsu
1591 2850 1766 2922 concitato
1781 2878 1820 2924 ac
1836 2859 1955 2928 subito
1973 2861 2081 2928 vel-in
2098 2884 2181 2930 cava
2199 2862 2274 2931 eius
2288 2861 2407 2951 spacia

393 2958 516 3048 vulgo,
548 2968 583 3028 ct
605 2954 781 3045 plurimos
803 2964 980 3041 correptos
999 2952 1227 3033 interimunt,
1261 2952 1372 3042 epile-
1422 2947 1557 3016 excussi
1579 2961 1684 3040 atque
1705 2950 1852 3039 ingesti,
1889 2960 1945 3026 vel
1968 2962 2102 3030 detrusi
2126 2961 2339 3053 impactique
2366 2958 2408 3027 iu

392 3058 504 3148 plicae
517 3069 551 3127 ει
565 3053 801 3146 apoplecticae
815 3053 1029 3137 affectiones,
1049 3078 1198 3146 quarum
1216 3066 1251 3124 ct
1270 3054 1373 3122 iuva·
1421 3070 1530 3117 venas
1553 3062 1588 3120 et
1611 3049 1774 3138 arterias,
1808 3057 1939 3146 quibus
1960 3072 1996 3128 et
2017 3060 2241 3129 membranea
2270 3058 2408 3129 cerebri

393 3160 509 3246 aiones
522 3169 607 3240 suut
624 3169 693 3224 tam
710 3152 918 3243 praecipites
935 3177 974 3223 ac
994 3155 1148 3240 subitae,
1175 3169 1209 3225 et
1224 3155 1372 3245 impres·
1426 3149 1608 3219 involucra
1631 3150 1763 3223 intexta
1785 3171 1887 3240 sunt,
1927 3171 1961 3229 ει
1983 3172 2178 3249 pertextum
2203 3173 2255 3230 est
2276 3180 2407 3253 corpus

393 3258 512 3329 siones
535 3271 606 3330 tam
632 3250 856 3325 vehementes
879 3276 919 3322 ac
942 3277 1080 3333 saevae,
1114 3267 1154 3324 ut
1184 3254 1372 3324 videantur
1421 3249 1549 3339 ipsum,
1575 3274 1700 3341 parere
1714 3271 1990 3329 consueverunt.
2041 3259 2238 3331 Causarum
2254 3261 2404 3350 gignen-

391 3359 493 3432 velut
514 3350 683 3452 ἐπεδήμια
711 3346 926 3448 νοσήματα,
969 3379 989 3425 a
1020 3354 1205 3446 peculiari·
1220 3354 1308 3424 coeli
1338 3367 1372 3425 ει
1422 3351 1512 3420 tium
1535 3373 1606 3421 una
1628 3364 1679 3423 est
1702 3366 1843 3428 externa
1875 3372 1908 3430 ει
1937 3360 2096 3432 evidens:
2129 3362 2239 3434 altera
2264 3362 2406 3432 interna

391 3461 484 3535 aeris
501 3457 752 3535 constitutione
776 3457 991 3525 commoveri
1016 3459 1055 3527 in
1084 3458 1127 3526 iis
1151 3457 1369 3547 corporibus,
1422 3465 1456 3522 et
1488 3452 1698 3542 corporibus
1730 3456 1856 3527 insita:
1895 3462 2017 3547 tertia,
2056 3486 2164 3555 quam
2198 3466 2333 3554 συνεχῆ
2371 3473 2406 3530 et

389 3563 524 3656 quibus
553 3562 647 3628 inest
671 3558 828 3647 aptitudo
853 3560 1026 3651 quaedam
1051 3581 1091 3627 ac
1113 3560 1301 3650 propensio
1326 3561 1370 3626 ad
1423 3558 1603 3647 προσεχῆ,
1631 3557 1667 3623 id
1683 3570 1759 3648 est,
1780 3560 2022 3632 continentem
2043 3576 2181 3635 vocant.
2232 3559 2408 3633 Externa-

391 3664 535 3732 easdem
551 3657 817 3745 exlauguelacta
833 3659 968 3728 cerebri
982 3659 1113 3730 virtute
1137 3671 1170 3727 et
1187 3681 1371 3728 coacerva·
1421 3678 1501 3722 rum
1519 3657 1691 3746 quaedam
1706 3681 1769 3746 per
1785 3683 1859 3730 sese
1874 3662 1951 3753 ipso
1969 3665 2106 3734 insultu
2129 3664 2185 3733 vel
2204 3664 2302 3733 illisu
2318 3671 2406 3753 apo-x

389 3778 514 3835 torum
538 3758 643 3847 longo
669 3770 824 3850 tempore
850 3760 1106 3850 superfluorum
1135 3759 1370 3832 reduntttntia.
1423 3754 1571 3845 plexiam
1596 3757 1751 3839 faciunt,
1778 3774 1818 3833 ut
1838 3786 1919 3831 cum
1942 3765 2113 3834 validiore
2136 3765 2209 3836 ictu
2229 3764 2350 3835 fractis
2371 3775 2408 3831 et

386 3862 515 3956 Neque
527 3859 689 3951 improbo
706 3861 924 3930 coniecturas
939 3885 1074 3942 eorum,
1101 3861 1163 3951 qui
1178 3861 1291 3929 causis
1306 3855 1371 3927 ha·
1422 3855 1553 3924 collisis
1575 3857 1713 3927 ossibus
1736 3864 1855 3931 cranei
1881 3878 1917 3934 et
1939 3866 2075 3935 cerebri
2096 3887 2219 3958 ¹massa
2241 3889 2281 3935 ea
2304 3887 2404 3934 com·

390 3989 468 4034 rum
492 3962 756 4052 aegritudinum
778 3984 819 4029 ex
835 3960 981 4032 Saturni
1004 3975 1036 4030 ει
1054 3958 1180 4028 Martis
1206 3961 1372 4042 infausto,
1423 3957 1602 4045 pressione
1620 3973 1738 4029 coacta
1755 3975 1860 4052 atque
1875 3979 2061 4045 coarctata,
2077 3980 2138 4036 aut
2152 3967 2279 4059 laqueo
2294 3965 2407 4034 inter-

390 4065 496 4134 noxio
511 4078 545 4136 et
560 4062 692 4134 minati
708 4061 826 4155 positu
849 4061 988 4152 petitis,
1014 4061 1196 4153 aliquanto
1221 4073 1302 4128 ante
1325 4061 1370 4128 de
1423 4057 1530 4127 clusis
1553 4059 1609 4125 vel
1633 4062 1840 4149 compressis
1861 4063 1906 4131 iis
1930 4066 2048 4150 venis,
2075 4090 2164 4158 quae
2188 4059 2406 4163 σφαγίτιδες

391 4189 510 4236 earum
544 4164 711 4256 periculis
740 4175 968 4234 monuerunt.
1030 4161 1100 4232 Sed
1134 4156 1224 4251 proh
1257 4160 1371 4243 dolor,
1422 4171 1456 4226 ει
1470 4157 1649 4245 iugularcs
1668 4159 1918 4246 nominantur,
1943 4166 2108 4254 protinus
2123 4180 2278 4236 cessante
2292 4176 2405 4246 motu,

390 4281 562 4360 quantum
586 4264 763 4357 ingluvie,
793 4265 963 4354 crapulis,
997 4263 1252 4355 intempestivis
1275 4286 1372 4330 corn·
1422 4281 1483 4326 cor
1506 4257 1739 4346 respiratione
1761 4259 1925 4333 intercisa
1957 4265 2162 4340 suffocatur.
2219 4265 2405 4353 Quaedam

388 4367 681 4454 messationibus,
712 4360 772 4442 his¹
790 4366 905 4458 causis
930 4364 1083 4435 externis
1107 4378 1141 4434 et
1162 4363 1371 4432 coelestibus
1422 4379 1544 4426 rursus
1560 4359 1718 4428 internas
1732 4382 1853 4432 causas
1872 4366 1928 4434 vel
1943 4366 2113 4455 gignunt,
2137 4379 2266 4453 augent
2281 4387 2322 4434 ac
2339 4384 2403 4431 co·

382 4469 597 4539 ·instruimus
611 4482 646 4539 et
663 4468 886 4541 cumulamus
900 4489 963 4536 ceu
981 4489 1076 4560 penu
1101 4463 1268 4533 materiae
1291 4463 1371 4530 ido·
1421 4472 1585 4530 acervant
1600 4460 1696 4529 velut
1710 4461 2091 4558 pabulo-suppeditato,
2105 4468 2201 4559 quod
2215 4466 2287 4536 vita
2302 4485 2406 4555 prae·

382 4592 476 4639 neae
498 4569 538 4636 in
559 4569 768 4660 corporibus
796 4565 955 4639 nostris?
1005 4565 1166 4654 Quantas
1195 4564 1371 4649 addimus,
1423 4560 1606 4631 stat-luxui
1624 4562 1743 4633 dedita
1765 4576 1872 4657 atque
1893 4561 2191 4650 helluationibus,
2216 4567 2274 4636 vel
2294 4564 2405 4636 colle-

386 4695 468 4740 cum
483 4682 667 4760 stupemus
683 4669 862 4755 ebrietate,
887 4679 949 4738 aut
964 4666 1161 4736 insanimus
1174 4664 1369 4738 ambitione
1422 4674 1491 4732 ctas
1511 4674 1594 4730 ante
1621 4663 1871 4735 alteratiouum
1903 4670 2127 4761 quarundam
2156 4664 2405 4739 immutatione

385 4784 423 4840 ct
442 4771 554 4856 odiis,
579 4787 641 4844 aut
667 4771 705 4840 in
727 4770 864 4860 magnis
889 4768 1019 4839 animis
1047 4767 1233 4836 doloribus
1257 4768 1371 4857 impa-
1421 4777 1653 4854 praeparant,
1691 4778 1734 4836 ut
1771 4790 1852 4836 cum
1889 4764 2236 4840 exhalitibuscmdis
2264 4764 2405 4839 densati

381 4870 533 4946 tiendo,
565 4874 621 4940 vel
650 4875 688 4942 in
710 4873 839 4944 subitis
862 4868 1162 4941 commotionibus
1186 4867 1371 4959 praecipiti
1422 4863 1603 4956 coactique
1624 4860 1790 4935 humores
1813 4881 1847 4937 et
1868 4868 1961 4939 intra
1982 4893 2148 4940 craneum
2161 4869 2296 4942 detenti
2311 4888 2405 4940 sca·

380 4994 428 5042 'ac
441 4966 580 5039 fervida
598 4973 780 5045 iracundia
799 4985 893 5042 extra
908 4993 975 5043 nos
996 4970 1176 5059 rapimur,
1202 4983 1287 5038 tuuc
1312 4968 1371 5034 in·
1421 4966 1497 5035 lore
1514 4965 1687 5038 lentorem
1706 4966 1876 5056 paulatim
1891 4966 2110 5041 contrahunt
2123 4984 2157 5040 ει
2171 4968 2406 5052 tenacitatem,

386 5094 495 5166 quam
527 5084 674 5163 quantas
708 5076 974 5167 suppeditamus
1013 5071 1214 5141 occasiones
1244 5068 1369 5137 iisdem
1421 5066 1478 5135 vel
1500 5065 1654 5153 genitas,
1684 5078 1867 5152 congestas
1896 5091 1937 5138 ac
1966 5083 2190 5160 praeparatas
2213 5070 2406 5162 impellunt

387 5171 520 5253 causis,
547 5185 588 5243 ut
604 5172 645 5241 io
660 5197 726 5245 nos
742 5176 913 5245 invadant
931 5176 1074 5268 vimque
1095 5181 1303 5264 expromant
1318 5180 1372 5237 at·
1421 5165 1644 5258 agitantque,
1669 5177 1709 5235 ut
1723 5189 1805 5236 cunr
1820 5167 1932 5260 quieti
1948 5162 2116 5239 humores
2135 5182 2197 5241 aut
2213 5165 2406 5241 vehemen-

388 5270 458 5366 que
472 5288 657 5345 exerceant
673 5277 799 5345 suam?
824 5276 893 5348 Sed
909 5274 1119 5346 coelestibus
1134 5272 1247 5342 causis
1262 5269 1371 5340 omis-
1421 5267 1466 5338 tis
1484 5266 1688 5336 iracundiae
1704 5268 1843 5338 fervore
1860 5269 1918 5338 vel
1931 5269 2025 5339 aeris
2040 5269 2246 5343 circumfusi
2266 5270 2406 5344 ardori-

395 5374 453 5460 sis,
477 5377 523 5446 dc
541 5377 774 5466 propioribus
790 5391 824 5448 et
839 5378 944 5450 nobis
959 5376 1074 5448 insitis
1100 5375 1272 5468 quasdam
1296 5371 1370 5440 dis·
1421 5369 1488 5438 hus
1502 5367 1666 5437 dissoluti
1682 5392 1722 5439 ac
1736 5368 1827 5454 fusi,
1851 5383 1913 5442 aut
1927 5371 2082 5464 expressi
2098 5385 2134 5445 et
2156 5373 2254 5445 velut
2271 5370 2404 5444 exclusi

382 5497 556 5555 seramus.
609 5476 772 5550 Galenus
795 5492 888 5550 recte
913 5493 948 5551 et
977 5477 1153 5548 concinne
1184 5476 1370 5545 universas
1423 5469 1628 5540 astrictione
1644 5483 1824 5541 meatuum
1836 5470 1883 5542 ab
1897 5473 2075 5564 asperiore
2090 5474 2241 5567 frigore,
2265 5486 2327 5545 aut
2342 5496 2403 5542 co·

385 5599 489 5645 verae
512 5579 716 5670 apoplexiae
738 5581 920 5673 proximas
941 5601 1062 5648 causas
1088 5577 1295 5667 complexus
1320 5586 1372 5642 est
1422 5570 1482 5662 pia
1506 5570 1586 5638 elisi
1606 5571 1750 5642 irruunt
1771 5571 1810 5640 in
1833 5574 2029 5650 cerebrum.
2087 5573 2252 5649 internae
2281 5594 2404 5642 causac

386 5677 526 5747 duobus
542 5682 748 5769 generibus,
773 5706 855 5754 cum
872 5679 1008 5771 inquit:
1035 5674 1134 5745 Fieri
1153 5674 1371 5767 apoplexiam
1422 5694 1509 5765 quas
1539 5667 1820 5769 προηγουμένας
1850 5687 1886 5744 ει
1908 5677 2152 5746 antecedentes
2181 5685 2327 5752 vocant,
2368 5684 2405 5742 et

385 5800 429 5847 ex
443 5775 581 5851 deiectu
597 5804 721 5854 sensus
738 5794 773 5853 et
786 5792 906 5853 motus
922 5779 1123 5866 incorpore
1136 5776 1316 5861 universo,
1329 5798 1371 5844 eo
1423 5795 1574 5866 quarum
1588 5775 1634 5843 ab
1647 5773 1800 5844 externis
1817 5772 1916 5862 urigo
1932 5787 2002 5856 cst,
2025 5786 2110 5846 suut
2124 5771 2311 5856 humores,
2341 5772 2406 5868 qui

385 5879 483 5973 quod
516 5881 630 5956 virtus
656 5882 823 5956 animalis
853 5877 1011 5955 diffundi
1033 5874 1076 5949 iu
1096 5894 1244 5960 uersos,
1276 5887 1312 5950 ct
1332 5874 1373 5945 in
1422 5873 1480 5947 vel
1500 5874 1540 5946 iu
1560 5873 1648 5970 ipsis
1669 5874 1795 5951 rivulis
1817 5894 1990 5951 venarum
2008 5872 2154 5967 capitis,
2185 5866 2243 5959 his
2272 5871 2406 5947 scilicet
