6025 6775
491 708 564 784 ars
729 692 939 777 smnus
963 695 1039 768 ru.
1065 693 1181 769 nro
1205 694 1273 769 ao
1300 696 1428 776 nlsr.
1452 694 1687 819 erasnm
1737 694 1940 781 runos·
1956 672 2272 784 seroranrn.
2301 655 2306 667 ’
2438 701 2514 774 eso

497 872 681 950 Gracchus
694 869 839 970 addidit
849 865 1055 937 turbulenta
1081 866 1246 952 consilia,
1273 879 1308 936 et
1329 881 1477 937 conten·
1531 872 1665 943 civibus
1689 872 1919 943 divideretur.
1978 869 2142 967 Denique
2165 887 2286 942 contra
2307 873 2399 961 leges
2424 895 2511 963 pro-

457 998 459 1001 ’
497 983 595 1051 tione
614 970 788 1045 discordia
806 967 935 1050 crevit,
961 966 1151 1056 pluresque
1171 990 1295 1036 causae
1317 968 1478 1037 cumula·
1530 993 1653 1059 rogare
1671 970 1995 1059 sibiMagistratum
2014 986 2241 1046 conatusest.
2291 969 2344 1041 Ea
2358 996 2412 1041 res
2427 995 2510 1040 cum

498 1095 555 1150 tae
578 1088 677 1153 sunt,
712 1070 803 1139 sicut
824 1066 1000 1135 Homerus
1027 1066 1071 1133 de
1093 1065 1173 1134 Lite
1196 1066 1329 1159 inquit:
1363 1066 1479 1157 Parva
1530 1071 1679 1162 speciem
1702 1066 1844 1141 haberet
1864 1071 2104 1163 tyrannicam,
2130 1073 2280 1143 Senatui
2304 1073 2393 1141 iusta
2407 1093 2510 1139 causa

497 1175 742 1266 metuprimo,
767 1188 939 1237 morsese
958 1165 1086 1235 attollit
1104 1165 1145 1231 in
1165 1189 1287 1246 auras,
1321 1167 1480 1257 ingredi·
1530 1173 1606 1240 visa
1627 1183 1696 1250 est,
1722 1170 1828 1238 armis
1849 1171 2069 1260 opprimendi
2089 1171 2277 1241 Tiberium
2297 1166 2512 1240 Gracchum.

499 1293 625 1369 turque
646 1270 740 1355 solo,
779 1283 815 1337 et
837 1277 942 1356 caput
963 1265 1059 1335 inter
1080 1265 1205 1333 nubila
1235 1266 1367 1336 condit.
1431 1263 1480 1337 Et
1530 1268 1579 1341 Et
1594 1271 1664 1338 iam
1682 1282 1755 1341 tota
1772 1266 1871 1337 ltalia
1886 1272 2100 1341 movebatur.
2150 1270 2234 1340 ldco
2253 1271 2404 1341 Senatus
2427 1265 2514 1337 hor-

499 1400 602 1467 soepe
641 1374 736 1441 bona
778 1390 881 1437 causa
921 1365 1012 1435 male
1052 1368 1188 1453 agendo
1230 1366 1480 1458 corrumpitur.
1532 1383 1627 1442 tatur
1648 1367 1806 1439 Mutium
1830 1367 2010 1440 Scevolam
2024 1368 2238 1454 Consulem,
2268 1386 2310 1441 ut
2331 1394 2430 1440 arma
2453 1393 2514 1438 ca-

500 1477 620 1563 Quare
636 1473 768 1541 dicitur
779 1491 799 1539 a
812 1466 1018 1538 Salomone:
1043 1462 1150 1552 Quod
1168 1466 1300 1537 iustum
1316 1481 1368 1537 est
1389 1467 1479 1552 iuste
1531 1472 1607 1563 piat
1621 1472 1666 1539 ad
1683 1471 1879 1541 sedandum
1895 1468 2099 1538 tumultum.
2155 1468 2325 1556 Quicum
2343 1470 2456 1537 nollet
2473 1470 2516 1536 in

378 1590 385 1598 '
500 1572 732 1668 persequaris.
1532 1572 1621 1642 urbe
1643 1574 1738 1640 novo
1759 1569 1918 1658 exemplo
1943 1566 2124 1659 praeliari,
2155 1567 2302 1638 Senatus
2326 1570 2401 1659 ipse
2425 1564 2517 1637 hor-

603 1674 724 1745 Sciant
739 1681 856 1742 autem
870 1667 1042 1749 iuniores,
1058 1664 1096 1732 in
1112 1665 1190 1734 aliis
1204 1662 1360 1737 historiis
1377 1691 1482 1758 agra·
1533 1685 1628 1744 tante
1658 1670 1824 1760 Scipione
1855 1667 1977 1737 Nasica
2008 1665 2178 1735 Pontifice
2207 1666 2382 1751 Maximo,
2427 1693 2517 1737 curn

503 1778 592 1846 riam
627 1774 740 1862 legem
770 1769 966 1859 significare
994 1765 1262 1836 distributiones
1289 1770 1481 1859 possessio-
1532 1767 2110 1858 magnamultitudineamicorum
2133 1768 2289 1836 ascendit
2312 1768 2350 1834 in
2366 1766 2516 1855 Capito-

406 1953 414 1964 ,
503 1902 610 1950 num,
636 1874 675 1940 in
690 1892 776 1963 quas
802 1869 888 1937 novi
910 1865 1029 1935 coloni
1053 1865 1385 1938 introducebantur:
1420 1870 1482 1937 sed
1537 1873 1644 1954 lium,
1686 1872 1730 1938 ad
1766 1869 2051 1939 interficiendum
2087 1865 2272 1935 Tiberium
2303 1862 2516 1938 Gracchum.

504 1978 543 2045 in
566 1973 708 2043 Tiberii
731 1965 877 2039 historia
898 1959 986 2034 Lex
1005 1963 1163 2058 agraria
1187 1968 1359 2056 significat
1381 1991 1482 2058 prae-
1533 1970 1693 2062 Cumque
1724 1968 1876 2060 populus
1907 1967 2087 2036 accedenti
2109 1966 2257 2036 Senatui
2283 1967 2437 2050 cederet,
2479 1980 2517 2035 et

507 2075 704 2145 linitionem
722 2067 862 2139 numeri
875 2088 1055 2156 agrorum.
1113 2064 1242 2137 Fuerat
1264 2069 1358 2136 enirn
1383 2082 1481 2137 vetus
1538 2094 1612 2139 sese
1642 2072 1816 2138 desertum
1849 2065 2018 2136 Tiberius
2053 2063 2236 2136 Gracchus
2266 2066 2337 2156 peti
2366 2066 2515 2145 videret,

505 2172 587 2252 lex,
619 2170 774 2260 Quando
789 2168 913 2238 deletis
937 2162 1100 2235 hostibus
1122 2167 1196 2255 agri
1219 2168 1352 2258 publici
1376 2168 1483 2237 divisi
1537 2170 1637 2258 fugit.
1711 2167 1781 2239 Sed
1812 2167 2003 2255 fugientem
2034 2166 2211 2236 interfecit
2239 2166 2370 2253 collega
2401 2166 2516 2257 ipsius

505 2288 624 2357 erant,
650 2269 784 2352 nemini
800 2268 932 2337 civium
945 2263 1190 2337 Romanorum
1209 2269 1336 2337 licebat
1360 2291 1400 2335 ex
1426 2262 1482 2336 his
1534 2268 1727 2342 Satureius.
1787 2266 1879 2336 Sunt
1900 2266 2014 2335 etalii
2035 2268 2181 2336 trecenti
2209 2265 2302 2335 cives
2326 2265 2516 2344 interfecti,

504 2377 702 2467 plusquam
720 2368 910 2463 quingenta
927 2367 1046 2455 iugera
1067 2367 1257 2458 possidere.
1307 2365 1381 2436 Nec
1397 2367 1483 2436 lice·
1535 2382 1569 2440 et
1586 2391 1732 2457 corpora
1750 2368 1789 2436 in
1803 2366 1965 2436 Tiberim
1986 2365 2129 2435 abiecta.
2180 2364 2332 2435 Haecin
2349 2366 2516 2435 civilibus

505 2472 760 2545 batdivitibus
783 2491 899 2538 emere
920 2490 1114 2559 pauperum
1137 2467 1268 2537 civium
1291 2490 1410 2556 agros,
1448 2481 1484 2535 et
1534 2465 1911 2539 seditionibusliomae
1926 2465 2038 2555 prima
2053 2468 2172 2535 caedes
2186 2467 2276 2543 facta
2293 2478 2356 2534 est.
2389 2464 2516 2534 Postea

471 2577 579 2645 ¹suis
602 2574 750 2660 addere,
777 2582 812 2640 et
832 2592 897 2660 pec
921 2566 1096 2657 mancipia
1119 2567 1255 2658 colere,
1279 2590 1325 2635 ne
1349 2589 1483 2657 paupe·
1535 2583 1703 2662 sequutae
1731 2581 1815 2639 sunt
1845 2567 1956 2655 magis
1983 2578 2148 2635 cruentae
2173 2565 2373 2634 seditiones.
2435 2561 2515 2635 Etsi

508 2698 588 2745 rum
613 2673 743 2741 civium
765 2670 922 2740 familiae
947 2667 1191 2757 redigerentur
1214 2671 1258 2738 ad
1285 2680 1483 2756 egestatem,
1535 2683 1670 2755 autem,
1695 2682 1736 2739 ut
1750 2669 1904 2760 populus
1923 2669 2137 2757 placaretur,
2164 2664 2313 2735 Senatus
2335 2666 2444 2755 legem
2469 2668 2515 2735 de

458 2766 460 2769 Α
509 2788 544 2845 et
560 2772 662 2845 ltalia
676 2772 870 2862 repleretur
883 2767 1078 2859 peregrinis
1094 2782 1128 2837 et
1143 2769 1263 2842 servis.
1292 2782 1298 2791 '
1534 2773 1641 2840 modo
1666 2793 1832 2859 agrorum
1854 2768 2007 2859 recepit,
2038 2766 2191 2836 extincto
2215 2779 2357 2846 autore,
2393 2780 2512 2837 tamen

608 2868 674 2943 Est
685 2885 802 2941 autem
811 2866 988 2963 Iugerum
1002 2870 1232 2961 quadratum,
1254 2869 1356 2937 cuius
1369 2891 1483 2938 unum
1534 2871 1618 2941 odio
1634 2895 1710 2940 non
1727 2883 1812 2941 sunt
1825 2868 1988 2940 extincta.

494 2976 599 3054 ⁴latus
614 2987 665 3043 est
680 2984 821 3044 centum
836 2970 964 3061 viginti
979 2951 1130 3062 pedestre,
1151 2968 1285 3040 Graece
1306 2964 1482 3064 πλέθρον,
1638 2970 1846 3042 Interiectus
1860 2982 1912 3040 est
1927 2967 2093 3039 Tiberius
2107 2962 2290 3038 Gracchus
2304 2990 2395 3037 anno
2409 2969 2513 3037 urbis

507 3076 545 3145 id
561 3088 629 3155 est,
656 3087 749 3144 sexta
765 3095 846 3163 pars
860 3070 977 3142 stadii.
1074 3147 1076 3150 ,
1533 3072 1782 3144 sexcentesimo
1798 3070 1981 3155 vicesimo,
2006 3066 2222 3139 Consulibus
2230 3067 2347 3139 Mutis
2362 3066 2514 3138 Scevola

609 3172 687 3244 Hac
718 3174 828 3245 veteri
857 3173 933 3261 lege
956 3172 1113 3260 neglecta
1138 3169 1264 3239 divites
1289 3168 1482 3239 multorum
1534 3187 1569 3244 et
1585 3170 1778 3268 Calpurnio
1793 3168 1941 3254 Pisone,
1974 3194 2055 3239 cum
2078 3170 2214 3238 abesset
2236 3167 2357 3259 Scipio
2381 3166 2513 3262 hemy·

509 3277 641 3347 civium
663 3297 765 3366 agros
788 3273 969 3357 emebant,
1006 3295 1095 3365 ‘luos
1125 3270 1254 3339 deinde
1279 3292 1342 3358 per
1364 3292 1483 3339 servos
1534 3274 1651 3344 lianus
1673 3273 1718 3341 ad
1744 3270 1993 3355 Numantiam,
2030 3270 2093 3362 qui
2117 3294 2196 3339 cum
2222 3270 2415 3340 audivisset
2437 3285 2512 3339 acta

509 3377 682 3448 colebant.
741 3373 794 3447 lta
818 3374 1013 3445 multorum
1033 3370 1163 3441 civium
1187 3369 1342 3440 familiae
1364 3372 1483 3440 nullos
1534 3387 1568 3445 et
1588 3397 1710 3444 necem
1726 3370 1866 3441 Tiberii
1883 3365 2057 3456 Gracchi,
2088 3371 2237 3441 recitans
2259 3365 2411 3441 Homeri
2434 3394 2513 3440 ver·

509 3476 639 3544 fundos
653 3476 863 3546 retinebant.
916 3471 1008 3545 Cum
1021 3471 1130 3561 igitur
1145 3469 1313 3540 Tiberius
1334 3472 1373 3539 in
1398 3495 1482 3561 pro·
1534 3499 1631 3559 sum,
1661 3473 1817 3545 ostendit
1837 3494 1874 3542 se
1900 3494 2043 3566 quoque
2067 3470 2248 3541 seditiosas
2268 3472 2426 3543 actiones
2444 3472 2511 3540 im·

510 3574 662 3642 vinciam
687 3575 981 3665 proficisceretur,
1019 3571 1148 3662 passim
1170 3571 1209 3637 in
1232 3571 1299 3638 viis
1321 3596 1484 3641 occurre·
1537 3575 1704 3668 probare:

508 3676 597 3744 bant
611 3673 643 3741 ei
658 3674 750 3743 cives
764 3696 843 3742 cum
859 3673 976 3761 parvis
992 3672 1074 3739 liliis
1087 3684 1125 3740 et
1136 3670 1322 3756 matribus,
1348 3686 1381 3742 et
1396 3697 1482 3766 que-
1581 3666 1625 3745 ὥς
1644 3667 1799 3735 ἀπόλοιτο
1821 3674 1876 3733 καὶ
1897 3667 2008 3745 ἄλλος,
2039 3665 2129 3742 ὅστις
2149 3670 2282 3732 τοιαῦτα
2303 3673 2339 3735 st
2360 3665 2457 3755 ῥέζοι.

509 3775 679 3843 rebantur
703 3795 739 3841 se
760 3772 879 3860 vagari
897 3782 1069 3855 extorres,
1103 3771 1165 3863 qui
1187 3773 1393 3859 sanguinem
1417 3795 1481 3863 pro
1583 3763 1724 3827 Perdatur
1738 3769 1830 3826 simili
1848 3785 1962 3845 P⁰⁸¹¹³s
1983 3767 2038 3847 <lul
2053 3769 2124 3826 tatia
2137 3764 2221 3826 t‘ecit.
2265 3855 2270 3864 Ι
2419 3845 2420 3850 1

508 3873 623 3969 patria
644 3872 901 3965 profudissent,
925 3869 1041 3943 teneri
1064 3892 1166 3959 agros
1186 3896 1206 3941 a
1228 3873 1416 3957 divitibus,
1448 3886 1482 3943 et
1631 3875 1769 3947 Deinde
1792 3899 1872 3945 cum
1894 3874 2047 3951 Romam
2065 3874 2187 3966 Scipio
2203 3873 2431 3968 Aemylianus
2455 3899 2513 3943 re-

404 3999 406 4003 ·
508 3976 673 4068 petebant
695 3984 866 4045 vetustam
886 3973 1000 4065 legem
1025 3973 1184 4059 restitui,
1217 3973 1354 4041 consuli
1377 3973 1483 4042 saluti
1532 3976 1671 4061 diisset,
1698 3989 1733 4046 et
1750 3976 1939 4046 certamina
1958 3978 2078 4044 eadem
2095 3978 2139 4045 de
2155 3997 2316 4064 agrorum
2332 3972 2513 4040 divisione

510 4077 653 4158 ltaliae,
687 4098 732 4144 ne
756 4077 917 4146 deessent
942 4073 1089 4154 milites,
1134 4087 1167 4144 et
1187 4096 1232 4141 ne
1248 4072 1350 4143 ltalia
1371 4074 1481 4144 servis
1532 4090 1700 4147 renovata
1722 4090 1852 4155 essent,
1879 4089 1913 4146 et
1931 4077 2154 4146 accessissent
2174 4075 2260 4143 aliae
2284 4069 2512 4141 turbulentae

507 4190 542 4247 et
555 4171 760 4247 hominibus
773 4175 932 4246 barbaris
948 4174 1163 4266 impleretur.
1205 4171 1482 4243 Motusmiseri-
1531 4177 1644 4266 leges,
1669 4189 1794 4269 quarto
1809 4199 1903 4245 anno
1920 4190 1999 4266 post
2021 4178 2169 4247 reditum
2183 4169 2357 4259 Scipionis
2372 4165 2510 4264 Aemy·

506 4275 625 4348 cordia
634 4277 799 4347 Tiberius
812 4276 1000 4369 pollicetur
1012 4298 1048 4344 se
1062 4269 1153 4342 hanc
1168 4295 1307 4343 causam
1321 4287 1480 4345 acturum
1531 4277 1638 4362 lieni,
1663 4276 1845 4347 Tuditano
1862 4290 1896 4346 et
1911 4277 2060 4369 Aquilio
2073 4271 2302 4352 Consulibus,
2326 4292 2424 4338 anno
2448 4295 2509 4339 ur-

506 4402 591 4454 esse.
641 4375 690 4450 Et
705 4399 865 4448 reversus
884 4399 926 4445 ex
947 4374 1129 4464 provincia
1153 4398 1235 4443 cum
1258 4375 1369 4444 factus
1393 4389 1481 4445 esset
1530 4379 1585 4447 bis
1598 4378 1846 4448 sexcentesimo
1862 4377 2027 4448 vicesimo
2043 4388 2181 4468 quarto,
2206 4366 2507 4440 cumCarboTri-

507 4480 692 4552 Tribunus
714 4478 846 4571 plebis,
876 4477 945 4546 fert
965 4473 1184 4564 rogationem
1207 4476 1251 4543 de
1272 4475 1381 4546 veteri
1405 4476 1480 4564 lege
1530 4479 1649 4547 hunus
1664 4479 1778 4566 plebis
1794 4479 2013 4567 rogationem
2032 4476 2183 4552 tulisset,
2209 4482 2250 4540 ut
2273 4469 2394 4540 liceret
2419 4492 2507 4540 eun·

506 4582 742 4664 restituenda,
777 4599 867 4670 quac
893 4576 1037 4645 modum
1067 4595 1232 4663 agrorum
1260 4575 1478 4664 praescribit.
1532 4579 1613 4646 dem
1630 4578 1741 4645 creari
1751 4577 1957 4649 Tribunum
1971 4575 2081 4670 plebis
2094 4570 2235 4666 quoties
2249 4570 2364 4654 vellet,
2378 4586 2414 4642 et
2429 4592 2508 4640 sua-

506 4674 601 4749 Dicit
624 4681 663 4748 in
683 4677 931 4761 concionibus,
965 4675 1133 4745 iniustam
1153 4695 1226 4741 esse
1249 4675 1374 4744 ducem
1398 4699 1480 4745 ora·
1529 4679 1627 4746 deret
1657 4700 1733 4747 eam
1763 4677 1875 4768 legem
1897 4676 2002 4750 Caius
2024 4670 2209 4751 Gracchus
2232 4664 2371 4741 Tibbrii
2386 4672 2507 4752 frater,

507 4775 659 4860 tionem,
683 4799 764 4845 com
786 4776 911 4846 iubent
931 4775 1060 4844 milites
1081 4771 1245 4863 praeliari
1266 4798 1331 4863 pro
1352 4775 1423 4844 aris
1445 4788 1479 4846 et
1528 4777 1692 4846 dissuasit
1713 4800 1789 4847 eam
1815 4778 1982 4849 acerrime
1998 4773 2118 4865 Scipio
2135 4771 2382 4865 Aemylianus,
2422 4772 2507 4863 quia

505 4874 610 4958 locis,
635 4898 716 4947 cum
731 4900 795 4947 nec
810 4898 888 4949 aras
901 4898 967 4946 nec
982 4875 1078 4943 focos
1094 4868 1258 4942 babeant.
1306 4871 1482 4962 Queritur.
1528 4901 1568 4948 ea
1582 4877 1718 4966 rogatio
1733 4893 1855 4950 contra
1874 4891 2005 4951 veteres
2019 4877 2113 4967 leges
2130 4877 2175 4944 de
2183 4871 2356 4942 Tribunis
2367 4871 2508 4942 fereba-

505 4976 669 5067 praeliari
683 5001 741 5048 eos
757 5002 831 5049 non
854 5000 920 5070 pro
941 4973 1074 5069 patria,
1104 4976 1166 5044 sed
1190 4996 1256 5065 pro
1276 4972 1492 5045 foenerato-v
1526 4991 1604 5063 tur,
1642 4992 1677 5050 et
1699 4980 1923 5051 turbulentos
1945 4977 2129 5049 Tribunos
2156 4985 2322 5066 perpetua
2346 4973 2506 5064 potentia

503 5101 581 5146 nrm
599 5080 798 5170 rapacitate.
855 5078 926 5150 Sed
948 5078 1225 5150 adversabantur
1246 5074 1315 5165 legi
1330 5069 1476 5162 divites,
1525 5081 1693 5154 armabat.
1743 5078 1844 5151 Dixit
1859 5081 1985 5161 etiam,
2010 5076 2196 5148 Tiberium
2213 5066 2416 5143 Gracchum
2430 5072 2505 5140 iure

503 5175 745 5248 etTribunum
762 5175 954 5250 Octavium
969 5179 1037 5248 sibi
1053 5179 1252 5265 adiungunt
1266 5177 1475 5248 intercesso-
1526 5180 1748 5251 interiectum
1762 5203 1849 5257 esse.
1898 5178 1985 5249 Post
2007 5172 2099 5248 hauc
2120 5173 2384 5246 contentionem
2400 5192 2504 5255 mane

501 5302 596 5368 rem,
619 5278 683 5370 qui
708 5278 991 5368 suffragationem
1011 5270 1211 5367 prohibeat.
1260 5273 1356 5348 Huic
1378 5301 1473 5348 novo
1524 5277 1644 5371 Scipio
1659 5282 1825 5352 inventus
1841 5279 1946 5350 estin
1961 5277 2124 5349 cubiculo
2139 5300 2204 5346 suo
2222 5286 2403 5357 mortuus,
2423 5295 2507 5342 cum

500 5378 658 5470 exemplo
690 5377 911 5448 tribunatum
933 5374 1101 5445 Tiberius
1125 5375 1318 5464 abrogavit.
1381 5375 1473 5451 Cum
1523 5381 1639 5472 pridie
1653 5396 1746 5451 recte
1762 5381 1947 5466 valuisset,
1971 5378 2111 5472 fuitque
2125 5374 2292 5466 suspicio,
2316 5373 2363 5444 ab
2377 5375 2504 5444 adver-

499 5498 617 5554 autem
654 5476 751 5546 visus
783 5488 874 5547 esset
905 5473 1095 5546 violentius
1128 5495 1248 5564 agere,
1287 5493 1473 5567 creeerunt
1522 5481 1621 5550 sariis
1638 5502 1774 5549 veneno
1791 5495 1955 5554 necatum
1970 5501 2055 5554 esse.
2104 5475 2175 5548 Hic
2189 5475 2259 5546 fuit
2275 5475 2387 5545 exitus
2403 5495 2505 5565 prae·

495 5580 702 5656 discordiae.
1520 5578 1726 5650 stantissirui
1747 5580 1855 5670 civis,
1881 5604 1978 5655 anno
2000 5578 2124 5650 aetatis
2149 5577 2261 5668 ipsius
2283 5574 2505 5668 quinquage-

595 5680 699 5756 Tulit
722 5690 759 5749 et
782 5673 888 5748 aliam
909 5675 1023 5768 legem
1040 5672 1227 5762 Tiberius,
1260 5689 1301 5749 ut
1320 5679 1471 5770 pecunia
1520 5677 1611 5747 simo
1624 5693 1732 5756 sexto.
1784 5678 1947 5758 Breviter
1959 5694 2080 5753 autem
2100 5690 2281 5771 utrunque
2295 5674 2502 5766 Scipionem
2549 5666 2553 5737 l

496 5783 606 5873 legata
626 5781 759 5878 populo
781 5776 948 5855 Romano
968 5778 1015 5852 ab
1036 5772 1158 5852 Attalo
1181 5800 1261 5872 rege
1286 5779 1470 5868 egentibus
1519 5783 1810 5870 commemorari,
1850 5783 2021 5858 victorem
2051 5777 2243 5853 Annibalis
2281 5789 2316 5851 et
2336 5776 2502 5872 ‚uterum
