6025 6775
569 748 669 832 45⁶-
1158 663 1164 670 ’
1341 721 1823 810 ursrurarrosus
2519 742 2600 821 45⁶

679 917 744 1000 00.
772 914 896 1006 Neque
916 922 1035 983 tamen
1058 901 1193 978 habent
1211 909 1569 982 tautummercedem
1616 919 1624 939 ·
1724 902 1785 979 10.
1813 892 1864 973 Et
1892 894 1980 974 haec
2000 901 2205 978 iustificatio
2230 907 2612 1008 traditurquvange-

579 1036 661 1124 μη
683 1016 777 1092 hanc
796 1015 928 1098 vitam,
961 1012 1022 1081 sed
1050 1004 1183 1082 habant
1204 1005 1362 1099 praemia
1381 1021 1419 1079 et
1441 1008 1482 1077 in
1502 1003 1570 1079 hae
1622 1005 1692 1091 lio,
1714 1002 1941 1092 utsciamus,
1960 1008 2142 1099 quomodo
2165 1032 2247 1079 cum
2259 1007 2340 1083 Deo
2363 1035 2463 1105 agere
2482 1018 2612 1090 debes-

579 1128 673 1208 viu,
702 1118 802 1190 iuxta
826 1114 936 1184 illud:
959 1107 1111 1183 Honora
1133 1120 1269 1201 patrem
1292 1121 1327 1182 et
1346 1121 1516 1194 matrem,
1540 1109 1573 1181 si
1619 1127 1721 1192 mus,
1746 1105 1968 1179 videlicetut
1987 1129 2125 1202 semper
2143 1105 2457 1202 apprehendamus
2470 1115 2612 1188 miseri.

581 1225 637 1302 vis
652 1242 727 1293 esse
744 1217 937 1304 longaevus
952 1236 1058 1305 super
1073 1226 1215 1283 terram.
1621 1208 1794 1279 cordiam.
1845 1205 1941 1298 Quis
1952 1221 2071 1282 autem
2086 1212 2174 1283 adso
2187 1213 2339 1284 demens
2351 1228 2426 1302 est,
2452 1214 2516 1311 qui
2536 1240 2614 1290 non

688 1319 751 1398 89.
781 1316 878 1386 Hinc
901 1314 1084 1388 evidenter
1102 1324 1267 1406 apparet,
1290 1314 1388 1408 quod
1408 1308 1574 1408 Evange-
1621 1310 1752 1400 cogitet
1765 1307 1837 1379 sibi
1854 1309 2098 1399 misericordia
2112 1335 2230 1384 coram
2241 1308 2328 1385 Dco
2345 1338 2437 1407 opus
2453 1319 2554 1389 esse?

584 1429 675 1499 lium
691 1442 766 1491 non
781 1418 901 1488 abolet
917 1416 1042 1505 legem.
1727 1408 1790 1482 11.
1826 1406 1909 1483 Hoc
1930 1425 2072 1486 nutum
2095 1429 2271 1510 quactum
2284 1416 2523 1490 conscientiae
2537 1444 2616 1492 non

688 1520 751 1593 40.
783 1518 913 1608 Legem
929 1518 1054 1589 tollere
1074 1538 1116 1586 ex
1134 1511 1324 1589 hominum
1345 1528 1492 1602 natura,
1523 1530 1575 1588 est
1623 1512 1813 1593 vecordes,
1858 1527 1982 1586 utrum
2006 1514 2072 1588 illa
2090 1515 2332 1590 misericordia
2352 1516 2400 1591 sit
2421 1530 2536 1607 certa,
2579 1535 2618 1594 et

585 1638 697 1700 totam
712 1634 875 1707 naturam
889 1630 924 1690 et
942 1617 1209 1690 universitatem
1229 1641 1349 1689 rerum
1374 1618 1576 1705 dissolvere,
1608 1612 1807 1706 ¹quomodo
1822 1611 1871 1685 sit
1883 1629 1992 1690 emta.

585 1739 627 1800 ut
638 1727 670 1796 si
683 1723 764 1818 quis
775 1721 939 1792 ordinem
953 1719 1157 1791 coelestium
1171 1732 1208 1791 et
1221 1718 1374 1790 aliorum
1385 1742 1575 1811 corporum
1728 1715 1789 1790 12.
1816 1711 2132 1809 HicEvangelium
2145 1719 2248 1792 docet
2259 1742 2342 1808 nos,
2365 1715 2457 1817 hane
2470 1721 2615 1792 miseri-

586 1826 806 1902 dissolveret.
1053 1852 1055 1856 ·
1625 1814 1784 1886 cordiam
1811 1829 1944 1890 certam
1974 1841 2070 1906 esse,
2108 1823 2312 1917 etquidem
2333 1822 2440 1913 gratis
2464 1835 2614 1916 propter

691 1924 753 1997 tt.
790 1919 870 1993 Etsi
901 1921 1081 1994 subtiliter
1103 1919 1296 2010 cogitatum
1320 1932 1372 1992 est
1392 1942 1414 1990 a
1435 1918 1576 2002 Stoicis,
1624 1911 1819 1988 Christum.

589 2031 663 2100 duo
694 2049 768 2096 esse
795 2025 908 2115 prima
941 2036 976 2094 et
1007 2035 1149 2092 aeterna
1173 2020 1347 2113 principia
1377 2012 1492 2120 λόγον
1512 2017 1577 2094 καὶ
1732 2019 1792 2090 tt.
1826 2013 2032 2107 Hocigitur
2044 2032 2097 2093 est
2109 2020 2180 2093 fide
2196 2020 2397 2110 iustificari,
2417 2013 2612 2114 'confugere

588 2127 703 2222 ὕλην
737 2125 874 2198 Tamen
899 2124 999 2193 nulla
1022 2123 1142 2193 afferri
1162 2123 1264 2192 firma
1287 2123 1363 2192 eius
1383 2124 1577 2196 sententiae
1625 2117 1671 2189 ad
1698 2118 1799 2190 illam
1828 2118 2128 2208 misericordiam,
2165 2136 2201 2195 et
2232 2136 2406 2206 statuere,
2439 2127 2535 2218 quod
2565 2125 2616 2196 sit

590 2232 684 2303 ratio
707 2239 839 2320 potest,
873 2225 965 2294 sicut
986 2247 1103 2317 neque
1118 2218 1320 2295 Aristotelis
1339 2225 1495 2295 rationes
1514 2226 1577 2294 lir-
1625 2232 1732 2293 certa.

590 2353 670 2401 mae
694 2340 794 2411 sunt,
826 2325 957 2419 quibus
970 2338 1121 2396 conatur
1136 2326 1364 2415 persuadere,
1394 2324 1576 2397 Mundum
1731 2319 1792 2395 14.
1823 2316 2044 2409 scholastici,
2066 2318 2287 2415 Campanus,
2312 2326 2466 2398 etmulti
2481 2325 2616 2417 passim

593 2454 667 2504 esse
681 2444 876 2502 aeternum.
1100 2495 1103 2500 ,
1626 2435 1766 2507 errant,
1811 2420 1873 2491 Illi
1906 2423 2011 2491 fidem
2042 2422 2248 2513 intelligunt
2272 2426 2380 2493 iidem
2411 2427 2616 2497 formatam.

530 2535 535 2544 '
1625 2519 1830 2615 Campanus
1845 2523 1951 2594 dicit:
1984 2520 2092 2595 tidem
2111 2522 2307 2612 significare
2326 2526 2436 2595 simul
2456 2527 2561 2597 fidem
2580 2540 2617 2598 et

1626 2644 1745 2717 opera.
1790 2621 1868 2693 Alii
1884 2622 2389 2712 tinguutaliascavillationes.

592 2664 680 2762 (Χ.)
711 2662 822 2734 Alia
855 2657 1128 2751 disputatio
1158 2655 1207 2730 de
1238 2660 1451 2734 exstensas
1486 2659 1579 2736 Solo
1730 2716 1791 2797 15·
1822 2719 1872 2795 Et
1891 2717 1960 2793 hae
1979 2722 2223 2794 mahtim„
2240 2747 2360 2795 om
2380 2723 2549 2797 oriuntur
2568 2750 2614 2796 ex

715 2760 795 2862 fide
819 2769 890 2835 ρκ’
940 2763 1044 2848 (opp'
1059 2761 1156 2834 Μ’
1176 2760 1293 2831 T‘m'
1319 2790 1353 2851 P'
1367 2766 1458 2920 ³1⁶?
1626 2820 1694 2896 hac
1708 2822 1983 2915 imaginatione,
2007 2825 2106 2915 quod
2120 2823 2233 2895 simus
2249 2825 2333 2896 iusti
2344 2840 2488 2918 propter
2509 2827 2615 2897 illam

590 2915 726 3024 Neque
746 2925 918 3017 intelligi,
947 2948 1063 3019 neque
1086 2923 1231 2995 delendi
1252 2939 1367 3016 potest
1385 2923 1473 2998 haec
1495 2951 1577 2998 sen·
1627 2925 1841 3010 novitatem,
1863 2949 1952 3017 quae
1970 2935 2022 2993 est
2035 2923 2138 3004 tides,
2161 2936 2198 2994 et
2211 2925 2275 2994 alii
2290 2937 2406 2998 motus
2419 2927 2458 2996 in
2472 2930 2592 3001 eorde.

589 3031 720 3106 tentia:
746 3029 853 3119 Quod
867 3029 942 3098 sola
956 3029 1043 3098 fides
1058 3025 1239 3111 iustificat,
1263 3028 1387 3121 siquis
1403 3029 1578 3117 imagina—
1730 3027 1791 3102 16.
1823 3021 1873 3098 Et
1884 3038 2003 3096 tamen
2017 3044 2157 3093 necesse
2170 3037 2224 3095 est
2241 3029 2350 3097 corda
2366 3029 2545 3115 renovari,
2574 3043 2614 3099 et

592 3137 681 3217 tur,¹
704 3132 786 3203 ideo
808 3132 877 3202 fide
900 3125 1062 3202 homines
1083 3128 1283 3212 iustificari,
1323 3128 1407 3221 quia
1427 3129 1514 3200 fides
1536 3130 1578 3199 in
1627 3149 1740 3198 novos
1773 3140 1891 3200 motus
1921 3126 1992 3217 legi
2013 3121 2083 3196 Dei
2101 3126 2364 3199 consentientes
2395 3129 2540 3202 existere
2570 3130 2615 3201 iu

590 3234 697 3309 nobis
711 3235 758 3304 sit
773 3234 911 3304 novitas
927 3234 1120 3325 quaedam,
1146 3252 1208 3299 seu
1222 3251 1313 3298 nova
1327 3230 1491 3322 qualitas.
1627 3229 1805 3301 cordibus.

692 3341 730 3411 2.
763 3333 803 3406 Si
819 3335 916 3402 enim
932 3344 1078 3422 propter
1094 3342 1252 3401 nostram
1274 3331 1468 3404 novitatem
1491 3331 1577 3404 iusti
1730 3329 1789 3405 17.
1818 3328 1941 3425 Neque
1954 3340 2073 3403 tamen
2089 3343 2141 3403 est
2164 3331 2399 3422 lingendum,
2411 3333 2509 3427 quod
2529 3355 2617 3425 pro-

590 3435 932 3531 pronunciarcmur,
957 3454 1032 3500 non
1047 3431 1164 3500 solum
1179 3444 1323 3522 propter
1336 3428 1428 3503 hanc
1440 3448 1576 3522 partem
1627 3444 1709 3525 pter
1722 3427 1816 3503 hanc
1828 3433 2023 3504 novitatem
2037 3432 2123 3504 iusti
2144 3434 2278 3522 simus,
2304 3434 2364 3507 scd
2384 3457 2450 3526 per
2471 3435 2616 3505 miseri-

590 3534 781 3627 novitatis,
806 3533 867 3599 sed
878 3531 992 3600 multo
1008 3531 1119 3618 magis
1142 3545 1287 3620 propter
1307 3545 1417 3602 totam
1436 3536 1577 3606 novita·
1627 3534 1784 3606 cordiam
1799 3547 1945 3627 propter
1959 3529 2155 3611 Christum.

589 3648 683 3721 tem,
703 3647 737 3705 et
752 3654 875 3701 omues
889 3642 1006 3701 motus
1019 3631 1089 3719 legi
1102 3625 1171 3699 Dei
1191 3633 1467 3715 consentientes,
1492 3636 1577 3706 iusti
1730 3635 1789 3710 1⁸.
1824 3634 1971 3708 Summa
1994 3630 2102 3708 huius
2123 3636 2309 3708 doctrinae
2330 3650 2399 3726 est,
2430 3635 2526 3734 quod
2549 3662 2617 3732 per

589 3733 921 3831 pronunciarentur.
1627 3736 1907 3807 misericordiam
1920 3736 2040 3821 [simus
2062 3737 2168 3827 iusti,
2190 3752 2227 3809 et
2249 3740 2346 3833 quod
2369 3740 2615 3812 misericordia

693 3837 730 3909 0.
764 3831 815 3905 Et
839 3831 1058 3904 abiiciendae
1078 3841 1163 3900 sunt
1184 3829 1272 3903 istae
1293 3833 1577 3924 imaginationes,
1625 3837 1673 3907 sit
1686 3848 1793 3911 certa.

593 3934 757 4010 homines
792 3949 874 4007 ante
907 3931 1210 4022 regenerationem
1243 3958 1318 4005 non
1350 3958 1423 4006 esse
1455 3937 1578 4020 iustos,
1729 3938 1790 4011 19.
1824 3933 1916 4026 Quis
1938 3948 2057 4007 autem
2079 3950 2153 4009 tam
2174 3938 2319 4010 demens
2339 3953 2409 4023 est,
2445 3938 2508 4031 qui
2532 3963 2613 4010 non

592 4041 676 4135 quia
697 4038 857 4109 nondum
871 4031 1243 4106 habeutmunditiem.
1293 4035 1379 4109 Post
1393 4061 1579 4130 regenera—
1627 4039 1755 4129 cogitet
1769 4038 1839 4108 sibi
1858 4037 2101 4110 misericordia
2122 4062 2212 4133 opus
2229 4040 2326 4110 esse?
2355 4040 2438 4135 quis
2458 4053 2511 4112 est
2535 4053 2616 4111 tam

591 4144 727 4215 tionem
742 4141 853 4211 iustos
868 4161 942 4209 esse
957 4150 1103 4229 propter
1118 4138 1344 4227 munditiem,
1369 4164 1477 4235 quam
1492 4165 1579 4212 con·
1626 4162 1749 4213 vecors
1768 4152 1897 4212 utnon
1911 4152 2008 4231 optet
2021 4139 2295 4211 misericordiam
2310 4157 2441 4215 certam
2456 4143 2552 4213 esse?

590 4244 700 4318 secuti
716 4254 812 4313 sunt.
1136 4268 1143 4278 ·
1727 4243 1790 4315 20.
1822 4236 1915 4311 Curn
1936 4243 1981 4311 de
2001 4236 2058 4311 his
2073 4240 2179 4312 rebus
2192 4255 2354 4334 oporteat
2377 4246 2613 4316 conscientias

689 4341 725 4422 4.
759 4341 837 4415 Hae
851 4338 1120 4431 imaginationes
1133 4342 1493 4431 oppresseruntPauli
1511 4347 1578 4416 do·
1625 4344 1746 4412 doceri
1761 4355 1796 4413 et
1810 4340 2024 4427 confirmari,
2049 4364 2190 4416 neccsse
2200 4357 2251 4415 est
2264 4347 2397 4434 doceri,
2422 4349 2520 4442 quod
2534 4349 2611 4420 sola

587 4450 757 4535 ctrinam,
796 4467 887 4539 quae
909 4455 1029 4513 tamen
1052 4440 1109 4513 vel
1133 4440 1284 4512 maxime
1305 4447 1500 4515 necessaria
1526 4460 1579 4519 est
1625 4443 1695 4514 fide
1710 4444 1795 4518 iusti
1809 4442 2101 4536 pronunciemur.

579 4548 826 4622 conscientiis·
1613 4618 1616 4624 ,
1725 4546 1787 4619 21.
1828 4543 1924 4634 Quia
1945 4545 2180 4619 conscientiae
2204 4548 2345 4619 nullam
2368 4564 2519 4643 possunt
2543 4546 2635 4622 ha·-

688 4647 725 4721 5.
756 4645 847 4717 Fide
862 4640 1026 4718 homines
1040 4638 1241 4723 iustificari,
1265 4652 1316 4709 est
1330 4634 1493 4715 homines
1513 4668 1578 4738 per
1625 4645 1708 4715 bere
1730 4652 1861 4717 certam
1882 4658 1920 4718 et
1935 4645 2073 4716 firmam
2086 4648 2387 4738 consolationem,
2409 4653 2481 4724 nisi
2495 4653 2613 4725 sciant

588 4745 871 4818 misericordiam
887 4759 983 4818 certo
998 4746 1111 4816 iustos
1130 4739 1384 4834 pronunciari,
1409 4748 1516 4818 modo
1536 4761 1577 4821 ut
1624 4768 1691 4817 nos
1707 4769 1772 4837 per
1785 4746 2066 4818 misericordiam
2080 4747 2193 4821 iustos
2206 4752 2459 4844 pronunciari,
2483 4766 2519 4826 et
2539 4755 2614 4825 mi·

586 4848 625 4919 id
639 4849 798 4922 credant.
1609 4847 2214 4928 serimrdiamittameertamesse.
2603 4887 2605 4890 ·

688 4950 725 5028 0.
763 4945 905 5021 Nomen
937 4943 1020 5014 fidei
1050 4940 1222 5035 significat
1247 4943 1456 5019 correlative
1481 4949 1575 5023 fidu·
1723 4949 1786 5021 22.
1820 4948 2002 5039 Significat
2022 4948 2133 5041 igitur
2147 4953 2286 5028 iusticia
2301 4979 2378 5028 nou
2392 4959 2613 5055 qualitatem,

587 5050 675 5123 ciam
690 5054 827 5125 alienae
839 5049 911 5137 rei,
932 5044 1066 5120 scilicet
1079 5045 1342 5120 miserioordiae
1356 5045 1435 5120 Dei.
1621 5051 1682 5120 sed
1696 5050 1986 5143 acceptationem:
2012 5048 2133 5125 lustus
2148 5079 2251 5144 eum,
2276 5061 2341 5151 qui
2363 5076 2526 5155 acceptus
2545 5072 2610 5127 est.

685 5159 723 5233 t.
752 5152 849 5247 Ergo
870 5148 957 5226 haec
977 5149 1194 5246 propositio,
1220 5146 1310 5222 Fide
1332 5151 1574 5242 iustificamor,
1621 5148 1748 5223 Gratia
1766 5150 2044 5224 misericordiam
2064 5153 2106 5224 in
2126 5154 2224 5239 Deo,
2254 5181 2317 5232 seu
2336 5164 2523 5253 gratuitam
2544 5179 2609 5226 ac-

583 5254 624 5326 in
639 5279 704 5329 sna
717 5258 869 5350 simplici
888 5270 925 5330 et
945 5278 1112 5348 germana
1134 5253 1413 5345 significatione,
1437 5269 1488 5327 est
1511 5277 1572 5326 ex·
1619 5253 1866 5344 ceptatiouem.
1923 5251 2147 5347 iustificatio,
2179 5264 2339 5354 reputari
2360 5285 2422 5334 seo
2443 5282 2611 5355 pronun-

581 5356 735 5447 clusiva,
757 5359 895 5431 etiamsi
907 5382 984 5432 non
996 5359 1148 5433 addatur
1158 5354 1353 5451 particula,
1379 5353 1477 5430 Sola.
1607 5353 1705 5424 cirri
1719 5355 1863 5429 iustum.

681 5462 718 5536 8.
751 5458 846 5552 Quia
859 5462 946 5531 fides
968 5475 1021 5535 est
1038 5460 1167 5535 fiducia
1193 5458 1331 5532 alienae
1354 5455 1424 5539 rei,
1449 5455 1569 5526 exclu-
1716 5455 1781 5529 20.
1812 5455 1946 5529 Paulus
1963 5484 2038 5531 non
2053 5462 2196 5539 tantum
2210 5463 2365 5536 excludit
2377 5461 2612 5551 ceremonias,

578 5563 668 5634 dens
697 5562 865 5637 fiduciam
894 5562 1081 5636 cuiuslibet
1111 5574 1257 5636 nostrae
1290 5555 1473 5652 qualitatis
1504 5570 1568 5627 aut
1615 5572 1696 5667 sum
1713 5549 1870 5629 detrahit
1894 5561 2071 5650 operibus·
2087 5563 2178 5655 legis
2195 5563 2496 5654 inminationem,
2522 5567 2612 5658 quia

576 5664 706 5756 operis.
1403 5662 1408 5675 '
1613 5649 1698 5719 illue
1709 5655 1970 5745 propositiones
1985 5685 2069 5733 vere
2083 5678 2170 5739 sunt
2182 5667 2495 5742 contradictoriae:
2516 5665 2612 5739 Fide

672 5765 708 5839 9.
739 5766 897 5841 Proinde
910 5768 1121 5864 simpliciter
1133 5763 1232 5836 idem
1253 5754 1470 5848 significant:
1494 5755 1565 5828 lide
1611 5748 1874 5830 misericordiae
1904 5758 2158 5867 1110111103ωο3,
2205 5782 2242 5847 et
2273 5769 2453 5868 operibus
2479 5770 2610 5851 iustiti-

573 5858 827 5961 iustificamur,
847 5883 899 5947 et:
924 5872 1001 5947 sola
1014 5863 1345 5945 lideiustilicamur.
1610 5869 1744 5947 tamur·
