6025 6775
2287 475 2322 564 ,Ἴ
2374 519 2404 580 e
2471 527 2475 534 ,
2622 445 2687 540 as

582 629 675 760 ‘gae
821 663 827 672 ·
849 611 1159 748 sementen.
1183 663 1302 744 nar..
1328 663 1396 740 ao
1419 665 1547 744 nrsr.
1572 663 1718 746 naor.
1743 663 1812 741 ΕΤ
1835 639 2034 744 enatos.
2058 587 2424 752 siscanum*
2559 686 2640 759 aaa

606 849 787 932 Ecclesia,
813 845 872 916 'in
903 866 972 938 qua
1003 842 1108 913 etiam
1139 839 1332 911 certamina
1358 836 1596 909 ambitionum
1649 837 1834 928 improbo,
1859 839 1923 932 qui
1948 851 2022 909 tres
2042 861 2159 914 annos
2180 844 2371 936 adiiciunt,
2395 845 2453 922 sed
2475 853 2640 947 disputa·

609 958 705 1026 inter
727 953 887 1023 doctores
909 956 1143 1031 corrumpunt
1164 942 1364 1011 doctrinam
1387 952 1421 1009 et
1438 939 1599 1030 discipli·
1651 939 1782 1009 tionem
1799 941 1939 1014 omitto.

612 1080 707 1127 nam.
762 1047 923 1140 Cumque
956 1043 1278 1126 considerabimus,
1312 1064 1417 1133 quarn
1449 1041 1601 1131 turpiter
1752 1040 1917 1110 Herodes
1938 1040 2031 1112 filios
2052 1043 2303 1137 Antipatrum,
2335 1053 2579 1125 Aristobulum
2601 1069 2639 1127 et

613 1150 903 1244 degeneraverint
922 1144 1199 1216 Macabaeorum
1228 1142 1380 1234 posteri,
1412 1164 1487 1209 non
1514 1165 1602 1210 cou-
1652 1140 1897 1211 Alexandrum
1922 1157 2068 1235 propter
2086 1147 2324 1239 suspicionem
2348 1154 2559 1226 insidiarum
2578 1179 2641 1226 oo-

615 1259 763 1324 tidamus
785 1250 960 1319 maiorum
983 1245 1120 1314 meritis
1142 1257 1204 1313 aut
1226 1245 1375 1320 virtute,
1407 1244 1468 1311 sed
1492 1241 1603 1312 simus
1653 1242 1751 1312 cidit.
1815 1240 2069 1315 successerunt
2087 1247 2180 1338 patri
2201 1246 2340 1321 Herodi
2364 1268 2436 1325 tres
2457 1256 2538 1341 filii,
2571 1256 2642 1325 Ar.

615 1380 658 1426 eo
679 1353 927 1441 modestiores,
953 1360 995 1418 ut
1007 1344 1075 1418 Dei
1095 1346 1190 1416 dona
1208 1367 1228 1413 a
1243 1344 1439 1415 maioribus
1451 1358 1605 1435 accepta,
1653 1337 1815 1428 cbelaus,
1849 1345 1912 1437 qui
1936 1342 2104 1417 Iudaeam
2132 1350 2246 1421 tenuit
2270 1350 2348 1423 sine
2372 1358 2523 1426 nomine
2545 1357 2642 1447 regio

617 1457 844 1527 retineamus.
1164 1468 1169 1480 “
1655 1467 1769 1514 annos
1797 1467 1939 1520 novem.
2000 1444 2120 1519 Huius
2147 1452 2278 1523 mentio
2306 1454 2346 1526 fit
2375 1456 2413 1523 in
2444 1454 2647 1529 Matthaeo.

1655 1543 1817 1615 Herodes
1848 1546 2001 1641 Antipas
2036 1573 2143 1641 quem
2175 1554 2396 1625 nominemus
2420 1554 2647 1648 Secundum,

1658 1646 1720 1739 qui
1738 1644 1935 1717 Galilaeam
1957 1650 2089 1735 tenuit,
2114 1675 2134 1721 a
2152 1677 2223 1745 quo
2237 1653 2437 1726 interlectos
2450 1669 2500 1726 est
2516 1652 2648 1726 Ioan-

1610 1789 1612 1796 ·
1657 1769 1720 1816 nes
1739 1741 1934 1840 Baptista.
1984 1746 2194 1845 Philippus,
2228 1755 2289 1849 qui
2311 1758 2425 1828 tenuit
2439 1754 2650 1828 Trachoni-

723 1852 814 1926 Cum
838 1850 953 1922 Iulius
975 1851 1015 1919 in
1028 1846 1190 1941 Aegypto
1213 1845 1450 1938 periculosum
1470 1843 1606 1915 bellom
1656 1847 1731 1918 tida
1750 1847 1826 1916 sive
1851 1845 2038 1926 ituraeam.
2086 1850 2244 1926 ¹Nomen
2267 1855 2413 1949 Antipas
2435 1859 2647 1929 mutilatum

622 1969 774 2048 gereret,
798 1953 950 2022 multum
964 1950 998 2019 ei
1012 1950 1145 2041 proluit
1154 1944 1335 2036 Antipatri
1350 1945 1509 2016 Idumaei
1521 1970 1608 2040 pro·
1657 1960 1708 2017 est
1737 1972 1779 2016 ex
1802 1942 2052 2045 Ἀντίπατρος.
2112 1951 2343 2028 Trachonitis
2370 1954 2545 2031 Graecum
2575 1972 2649 2043 est,

624 2055 781 2127 videntia
804 2068 839 2123 et
862 2053 966 2137 tides,
990 2049 1073 2143 quia
1089 2048 1250 2138 regiones
1264 2049 1347 2117 illae
1363 2042 1447 2117 huic
1464 2046 1610 2117 notissi·
1658 2048 1881 2137 conlrsgosa,
1911 2071 2034 2140 aspera
2059 2075 2121 2123 seu
2151 2057 2351 2147 scopulosa.
2410 2056 2506 2129 Idem
2528 2059 2648 2148 signi-

624 2181 704 2227 mae
724 2168 842 2238 erant,
867 2165 902 2222 et
917 2151 1015 2221 flexit
1028 2151 1073 2219 ad
1089 2149 1280 2220 amicitiam
1294 2147 1379 2220 Iulii
1392 2142 1611 2239 Memphites
1659 2150 1739 2220 beat
1755 2145 1889 2220 Ituraea
1902 2144 2050 2222 Ebraeis
2063 2176 2084 2222 a
2099 2157 2275 2226 vocabulo
2288 2158 2397 2244 Tira,
2422 2159 2516 2253 quod
2532 2160 2650 2250 signi-

626 2273 661 2329 et
683 2258 782 2327 alios.
829 2252 914 2324 Ideo
928 2249 1057 2323 Caesar
1071 2247 1263 2341 Antipatro
1280 2249 1427 2320 tradidit
1441 2247 1608 2319 Iudaeam
1659 2250 1741 2321 licat
1757 2262 1910 2335 turrem,
1935 2251 2007 2320 sive
2022 2253 2061 2321 in
2075 2255 2257 2325 montibus
2272 2272 2441 2348 angustas
2455 2262 2583 2333 lauces.

625 2358 814 2446 regendam
835 2355 911 2423 sine
927 2353 1024 2443 regio
1038 2352 1201 2432 nomine,
1228 2353 1288 2421 sed
1313 2350 1458 2420 nomine
1482 2350 1612 2441 guber·
1764 2348 1961 2421 Archelaus
1979 2365 2014 2422 et
2033 2351 2189 2424 Herodes
2200 2355 2353 2449 Antipas
2375 2361 2522 2449 relegati
2545 2372 2647 2444 sunt,

625 2458 770 2529 nataris.
826 2453 1001 2544 Deinceps
1020 2452 1128 2541 igitur
1143 2449 1272 2524 Iudaea
1291 2452 1495 2545 peregrinos
1510 2451 1612 2543 prin·
1661 2475 1743 2523 curn
1767 2453 1913 2546 quidem
1936 2449 2098 2523 Herodes
2121 2454 2265 2548 Antipas
2284 2455 2440 2529 Romam
2464 2461 2648 2551 proiectus

628 2560 723 2650 cipes
738 2580 779 2625 ex
792 2549 956 2625 Ethnieis
968 2566 1080 2636 natos,
1104 2548 1242 2624 habuit.
1291 2551 1398 2640 Quod
1417 2577 1496 2623 cum
1510 2574 1612 2641 aegre
1661 2557 1768 2633 esset,
1794 2566 1834 2624 ut
1855 2576 2003 2642 regnum
2021 2554 2241 2646 impetraret,
2264 2582 2331 2649 quo
2345 2582 2421 2629 non
2438 2560 2649 2652 impetrato,

521 2678 523 2681 ’
627 2660 761 2730 ferrent
782 2654 925 2745 ludaei,
959 2650 1000 2725 ac'
1018 2653 1255 2746 disputarent,
1278 2651 1409 2725 Tribui
1431 2646 1535 2724 Iuda
1556 2677 1613 2722 re·
1661 2653 1700 2722 in
1723 2653 1840 2725 reditu
1855 2648 2017 2746 Philippi
2041 2655 2227 2745 coniugem
2248 2655 2346 2728 duxit
2359 2660 2515 2731 uxorem.
2569 2660 2649 2730 Po·
2682 2713 2684 2718 -

475 2785 480 2790 ·
628 2783 738 2851 gnum
762 2756 973 2847 promissum
997 2776 1071 2824 esse
1094 2756 1208 2826 donee
1229 2751 1379 2825 Messias
1400 2768 1614 2838 nasceretur,
1661 2768 1735 2825 stea
1755 2753 1931 2844 relegatus
1953 2769 2116 2827 mortuus
2134 2754 2240 2826 estin
2257 2752 2385 2833 Gallia.
2429 2757 2571 2829 Nomen
2590 2774 2650 2831 te-

593 2901 596 2906 ·
630 2859 783 2931 subinde
805 2871 939 2928 atroces
961 2856 1152 2927 seditiones
1174 2869 1373 2927 moverunt.
1428 2854 1482 2926 Ac
1505 2852 1615 2927 Anti·
1662 2855 1743 2925 nuit
1764 2848 2011 2944 Tetrarchae,
2045 2857 2141 2950 quod
2165 2857 2337 2946 significat
2358 2856 2576 2950 Principem,
2611 2862 2649 2930 id

627 2976 746 3055 pater,
786 2959 849 3051 qui
881 2958 1057 3049 sapienter
1082 2970 1117 3028 et
1146 2959 1325 3028 moderate
1352 2957 1615 3040 dominabatur,
1664 2969 1734 3041 est,
1755 2980 1830 3025 non
1854 2980 1992 3047 regem,
2018 2959 2079 3027 sed
2102 2952 2292 3027 habentem
2315 2959 2387 3049 regi
2411 2960 2559 3029 similem
2578 2984 2649 3050 gu·

630 3079 748 3134 tamen
762 3084 899 3130 veneno
913 3071 1055 3129 necatus
1070 3072 1154 3130 esta
1169 3057 1299 3129 Iudaeo
1316 3052 1482 3139 Malcho,
1507 3078 1615 3149 quem
1664 3057 1927 3143 bernationem,
1961 3058 2124 3129 videlicet
2146 3057 2350 3149 Agricolas,
2375 3054 2546 3149 Opifices,
2571 3061 2649 3134 Cu-

631 3177 750 3256 postea
768 3160 928 3231 Herodes
943 3184 1053 3252 prope
1068 3159 1207 3256 Tyrum
1223 3158 1412 3229 interiecit.
1663 3159 1755 3228 riam
1778 3172 1813 3230 et
1833 3156 2025 3241 Militiam,
2054 3160 2115 3230 sed
2137 3158 2203 3247 ita,
2235 3174 2276 3231 ut
2300 3160 2476 3253 superiori
2499 3162 2647 3234 domino

634 3335 638 3340 ,
733 3258 896 3333 Herodes
918 3260 1077 3349 Primus,
1104 3263 1198 3330 filius
1219 3254 1417 3350 Antipatri,
1452 3281 1557 3352 quem
1580 3270 1616 3328 et
1665 3274 1814 3353 pareret.

629 3364 862 3459 Ascaloniteu
883 3365 1088 3448 nominant,
1113 3364 1158 3433 ab
1179 3354 1353 3443 Ascalon,
1379 3383 1468 3454 quae
1489 3360 1559 3431 luit
1577 3359 1616 3429 in
1766 3360 1927 3435 Herodes
1940 3361 2107 3447 Tertius,
2131 3362 2231 3434 cuius
2243 3385 2440 3454 cognomen
2456 3379 2509 3439 est
2517 3366 2650 3462 Agrip-

633 3466 820 3553 Idumaea,
845 3468 927 3537 vivo
950 3479 1048 3559 patre
1064 3463 1261 3535 Galilaearn
1278 3484 1497 3552 magnacum
1511 3463 1616 3532 laude
1664 3486 1727 3556 pa,
1752 3464 1847 3536 filius
1868 3466 2068 3537 Aristobuli
2092 3461 2283 3561 (interlecti
2304 3490 2325 3535 a
2347 3469 2463 3558 primo
2486 3468 2648 3563 Herode)

635 3567 775 3634 virtutis
805 3569 912 3650 rexit,
950 3580 985 3636 et
1014 3565 1221 3637 seditionem
1249 3579 1381 3636 motam
1411 3587 1432 3633 a
1462 3565 1615 3657 quodam
1665 3565 1728 3659 qui
1750 3567 1927 3638 interiecit
1942 3565 2108 3638 Iacobum
2124 3567 2335 3658 Apostolum
2356 3569 2467 3639 lilium
2483 3570 2649 3643 Zebedei.

633 3661 786 3737 Ezechia
810 3667 994 3756 oppressit.
1045 3663 1207 3758 Cumque
1235 3678 1313 3755 post
1340 3678 1491 3735 mortem
1510 3662 1617 3737 Anti·
1665 3665 1772 3736 Hunc
1797 3665 1976 3736 Herodem
1996 3668 2189 3757 Agrippam
2214 3665 2383 3740 Tiberius
2405 3667 2544 3742 Rornae
2571 3695 2653 3743 car·¹

634 3767 728 3858 patri
744 3778 924 3858 sperarent
937 3763 1069 3844 Iudaei,
1094 3767 1204 3855 ipsius
1219 3765 1311 3836 filios
1326 3767 1439 3838 excuti
1454 3790 1495 3835 es
1507 3789 1616 3855 regno
1666 3767 1738 3838 ceri
1763 3767 1924 3852 inclusit,
1956 3771 2053 3860 quod
2075 3766 2262 3836 familiaris
2286 3783 2376 3841 esset
2394 3768 2434 3842 C.
2454 3767 2648 3863 Caligulae,

634 3889 755 3959 posse,
790 3862 974 3938 attrahunt
1002 3864 1200 3936 exulantem
1223 3868 1317 3956 apud
1338 3862 1488 3939 Parthos
1511 3864 1618 3939 Anti·
1666 3892 1771 3962 quem
1787 3867 1954 3939 Tiberius
1977 3868 2118 3959 imperii
2139 3878 2375 3941 successorem
2399 3895 2470 3942 esse
2494 3898 2570 3945 non
2589 3902 2652 3947 vo-

635 3974 788 4058 gonum,
815 3971 859 4038 de
883 3993 953 4062 quo
977 3991 1102 4060 supra,
1123 3967 1185 4062 qui
1207 3968 1347 4039 adiutus
1362 3993 1381 4038 a
1396 3962 1538 4039 Parthis
1555 3992 1618 4059 po-
1665 3970 1744 4043 luit.
1802 3966 1928 4039 Postea
1950 3967 2110 4058 Caligula
2137 3992 2219 4038 eum
2247 3971 2410 4043 liberavit
2433 3997 2475 4041 ex
2499 4000 2650 4064 carcere,

635 4071 723 4140 titur
745 4067 1074 4165 urbeIerosolyma.
1125 4069 1195 4141 Sed
1219 4095 1298 4141 cum
1318 4071 1455 4163 aliquot
1479 4069 1620 4161 praeliis
1666 4084 1700 4142 et
1727 4070 1826 4140 dedit
1853 4071 1886 4140 ei
1907 4065 2221 4156 Trachonitidem,
2252 4095 2356 4165 quam
2375 4066 2574 4163 Philippus
2602 4093 2653 4150 te.

636 4172 776 4243 vicisset
791 4170 966 4252 Herodes,
990 4171 1194 4243 nominatus
1210 4186 1261 4243 est
1273 4174 1318 4242 ab
1334 4171 1494 4243 Antonio
1511 4170 1619 4242 totius
1666 4183 1803 4252 nuerat,
1828 4183 1862 4241 et
1875 4171 2038 4241 attribuit
2052 4172 2189 4261 regium
2205 4195 2343 4242 nomen.
2392 4166 2569 4245 Claudius
2584 4184 2655 4250 ad.

638 4271 787 4361 Iudaeae
802 4268 1006 4345 Tetrarcha.
1056 4270 1143 4342 Post
1164 4295 1295 4362 paucos
1317 4297 1430 4343 annos
1447 4295 1527 4342 cum
1541 4268 1620 4343 Ro-
1668 4270 1760 4342 didit
1774 4269 1966 4341 Samariam
1986 4285 2020 4341 et
2036 4270 2214 4345 Iudaeam.
2263 4268 2313 4342 Ita
2329 4290 2448 4339 rursus
2462 4293 2562 4344 unus
2581 4279 2657 4353 iuit

636 4399 730 4445 mam
755 4376 927 4460 venisset,
952 4368 1102 4443 Octavio
1118 4388 1152 4443 et
1166 4373 1326 4443 Antonio
1342 4373 1621 4456 dominantibus,
1668 4398 1729 4443 rex
1747 4369 1909 4444 Herodes
1928 4373 2104 4463 Agrippa,
2128 4371 2291 4456 Iudaeae,
2315 4367 2496 4442 Samariae
2519 4388 2557 4446 et
2573 4376 2653 4450 Ga-

638 4477 734 4566 regio
763 4477 910 4546 nomine
932 4487 1078 4544 ornatus
1099 4487 1168 4555 est,
1202 4487 1237 4543 et
1258 4496 1319 4541 rex
1343 4475 1451 4545 totius
1471 4473 1621 4543 Iudaeae
1667 4474 1811 4564 lilaeae,
1836 4475 1898 4567 qui
1913 4475 2073 4564 regnavit
2086 4496 2197 4543 annos
2210 4484 2362 4562 septem,
2389 4473 2538 4564 punitus
2552 4495 2652 4568 post.

639 4578 833 4665 appellatus
857 4577 895 4645 in
910 4574 1124 4666 Capitolium
1139 4577 1265 4646 ductus
1281 4588 1352 4661 est,
1377 4575 1513 4644 medius
1527 4575 1621 4644 inter
1668 4598 1775 4667 quam
1815 4576 1956 4647 necavit
1983 4572 2166 4659 Iacobum,
2214 4571 2307 4648 sicot
2342 4590 2510 4649 narratur
2538 4578 2652 4654 Aeto.

640 4671 829 4747 Octavium
867 4691 902 4746 et
929 4677 1146 4764 Antonium,
1185 4672 1403 4770 Olympiade
1432 4675 1619 4746 centesima
1667 4680 1823 4748 rum12.

640 4777 872 4863 octuagesima
890 4777 1025 4868 quinta.
1435 4844 1439 4851 ,
1769 4774 1856 4847 Post
1885 4771 1993 4848 huius
2013 4774 2165 4848 Herodis
2189 4774 2370 4871 Agrippae
2396 4775 2546 4851 monem
2569 4809 2652 4858 enm

743 4874 866 4945 Tertio
897 4899 992 4947 anno
1022 4891 1119 4968 post,
1155 4900 1235 4946 cum
1264 4872 1444 4945 Antonius
1469 4876 1621 4947 venisset
1669 4879 1763 4949 filius
1787 4877 1945 4971 Agrippa
1973 4892 2061 4951 esset
2086 4878 2308 4964 adolescens,
2340 4892 2377 4951 et
2396 4876 2525 4953 Iudaea
2546 4886 2653 4975 plena

641 4971 887 5059 Antiochiam,
919 4980 1033 5050 securi
1061 4978 1231 5070 percussit
1252 4977 1485 5069 Antigonum.
1549 4973 1622 5045 De-
1669 4979 1885 5051 seditionum
1909 4994 2016 5065 esset,
2040 5003 2163 5052 rursus
2183 5002 2246 5072 per
2264 4977 2653 5075 RomanosMagistra.

641 5078 726 5147 inde
753 5076 931 5150 Herodem
961 5081 1128 5151 adsiduae
1159 5081 1350 5153 seditiones
1379 5090 1622 5163 exercuerunt,
1669 5096 1726 5154 tus
1747 5081 1992 5152 administrata
2014 5094 2076 5151 est.
2126 5081 2196 5154 Sed
2212 5078 2384 5153 Claudius
2404 5084 2550 5155 tradidit
2565 5082 2653 5158 huic

642 5179 701 5249 sed
729 5178 841 5251 victor
866 5180 995 5251 occidit
1018 5204 1195 5253 summurn
1218 5182 1389 5255 Senatum
1412 5181 1538 5275 populi
1561 5177 1622 5251 Iu·
1670 5183 1846 5274 Agrippae
1862 5176 2068 5251 Chalcidem
2089 5183 2129 5252 in
2146 5181 2270 5276 Syria,
2295 5197 2329 5253 et
2349 5186 2482 5271 regium
2503 5207 2653 5270 nomen,

641 5279 752 5365 daici,
793 5305 898 5376 quem
932 5283 1166 5353 nominabant
1196 5282 1417 5375 septuaginta
1445 5284 1535 5354 duos
1566 5305 1621 5353 se-
1670 5301 1704 5357 et
1726 5277 2028 5354 Trachonitidem,
2094 5282 2189 5355 Nero
2218 5283 2356 5354 addidit
2377 5285 2496 5378 aliqua
2517 5289 2654 5380 oppida

641 5382 769 5454 niores.
1670 5387 1709 5455 in
1729 5385 1870 5473 Iudaea.
1920 5378 2039 5452 Huius
2059 5383 2240 5476 Agrippae
2260 5398 2419 5477 tempore
2437 5385 2656 5484 lerosolyma

741 5479 850 5556 Anno
871 5485 1045 5558 tricesimo
1068 5480 1168 5572 regni
1189 5479 1477 5571 Herodisnatas
1499 5488 1551 5553 est
1575 5504 1622 5553 ex
1668 5482 1782 5554 deleta
1798 5492 1859 5549 est.
1908 5478 1967 5550 Fit
1982 5482 2058 5555 eius
2075 5485 2208 5557 mentio
2221 5480 2394 5558 Actorum
2408 5490 2471 5562 at.
2509 5487 2656 5581 Regna-

640 5580 781 5659 Maria
799 5584 939 5682 virgine
948 5581 1063 5679 filias
1077 5578 1170 5666 Dei,
1194 5576 1383 5654 Dominus
1398 5591 1520 5654 nonar
1546 5578 1575 5652 I
1580 5606 1621 5652 e·
1668 5583 1720 5650 vit
1747 5601 1862 5651 annos
1891 5581 2017 5672 viginti
2046 5597 2190 5677 septem.
2255 5582 2362 5658 Philo
2392 5589 2538 5677 scribit,
2575 5589 2656 5666 huic

639 5712 719 5763 sas
738 5680 964 5763 Christus.
1013 5684 1620 5756 Hicnnmerusanniamultistro·
1666 5678 1845 5773 Agrippae
1860 5680 1974 5758 tilium
1990 5684 2222 5757 iuissealium
2236 5687 2431 5782 Agrippam
2446 5693 2591 5764 socium
2606 5718 2658 5766 se-

641 5790 735 5863 ditus
758 5809 829 5880 est,
854 5812 942 5886 quos
963 5801 1102 5880 sequor.
1151 5782 1224 5857 Nec
1238 5783 1457 5877 diligentiam
1473 5783 1617 5855 illorum
1666 5781 1787 5855 ditiosi
1824 5783 1913 5875 viri,
1957 5784 2020 5880 qni
2059 5797 2218 5880 tempore
2247 5788 2400 5862 Adriani
2427 5788 2658 5888 imperatoris

861 1695 1061 1771 Herodis
1084 1700 1362 1789 posteritas.
