6025 6775
497 539 548 616 rr
966 543 975 582 ι
1191 514 1350 591 nnec
1388 514 1467 590 nn
1497 510 1833 589 suanorum.
2482 536 2532 608 2,

503 701 863 803 gubernat-ioneopns
876 695 922 768 sit
934 692 1149 776 eruditione,
1170 685 1335 758 instruite
1349 702 1493 777 pectora
1546 707 1778 772 aerumnoso,
1804 684 1992 759 invocante
2002 655 2257 781 'incusetur
2272 696 2310 767 in
2323 699 2454 791 templo
2469 723 2533 773 sno

505 831 591 882 vcra
612 803 797 886 doctriua,
827 811 865 869 et
884 817 1085 892 quanquam
1107 793 1145 859 in
1169 788 1276 857 tantis
1294 788 1410 859 ruinis
1426 790 1495 858 im·
1547 782 1784 858 habitatorem
1802 810 1875 857 esse
1888 787 2024 874 Deum,
2048 792 2177 884 inquit.
2229 794 2327 884 Quid
2342 802 2386 869 ad
2407 824 2536 872 conso-
2617 793 2619 798 ’

505 907 689 1003 periurum
720 902 890 971 videntur
917 892 957 967 hi
986 896 1123 964 labores
1147 911 1276 979 parum
1298 890 1495 980 profuturi:
1548 888 1717 960 lationem
1744 887 1884 958 dulcius
1908 889 1980 959 dici
2008 893 2147 985 potest?
2189 893 2243 964 Te
2265 896 2374 985 igitur
2395 914 2535 973 aeterne

508 1026 628 1083 tamen
643 1003 710 1076 hac
724 1025 807 1073 vera
822 996 1060 1071 consolatione
1077 1013 1140 1060 vos
1154 989 1369 1074 confirmate,
1388 1013 1494 1083 quam
1548 989 1665 1073 Deus,
1692 1001 1791 1080 pater
1803 984 1953 1060 Domini
1966 992 2079 1061 nostri
2095 990 2173 1063 lesu
2186 990 2338 1088 Christi,
2372 1003 2537 1073 conditor·

509 1108 644 1180 Paulus
668 1103 774 1175 nobis
792 1099 957 1180 tradidit,
986 1090 1167 1185 inquiens:
1199 1090 1284 1161 Non
1304 1090 1373 1162 erit
1391 1092 1497 1161 labor
1549 1089 1640 1159 coeli
1662 1102 1698 1159 et
1718 1103 1833 1159 terrae
1859 1104 1895 1161 et
1915 1085 2121 1177 hominum,
2144 1094 2235 1164 veris
2249 1098 2439 1184 gemitibus
2455 1125 2537 1171 ora-

510 1222 626 1280 uester
651 1203 769 1275 inanis
791 1202 831 1270 in
843 1195 1015 1277 Domino,
1036 1216 1141 1285 quern
1163 1204 1237 1262 toto
1258 1206 1397 1281 pectore
1423 1216 1497 1276 oro,
1549 1211 1648 1269 mus,
1681 1204 1722 1260 ut
1745 1212 1811 1260 nos
1831 1191 2024 1279 gubernes,
2063 1208 2098 1265 et
2119 1193 2159 1262 in
2181 1197 2287 1286 pobis
2310 1192 2466 1286 habites,
2504 1214 2539 1272 et

510 1307 741 1383 utfseiatme
762 1314 795 1371 et
816 1319 879 1368 vos
898 1316 981 1363 uasa
999 1291 1280 1375 misericordiae,
1312 1304 1347 1362 et
1367 1316 1497 1381 organa
1550 1286 1638 1360 lraec
1653 1290 1767 1358 studia
1784 1303 1818 1359 et
1832 1290 2043 1361 discentium
2061 1307 2179 1363 coetus
2194 1310 2366 1386 protegas.
2496 1307 2498 1311 '

511 1409 679 1481 salutaria
693 1401 796 1474 nobis
809 1410 842 1466 et
860 1395 1014 1485 patriae,
1039 1408 1074 1466 et
1088 1392 1230 1464 moestis
1243 1388 1410 1464 Ecclesiis
1428 1394 1498 1463 cle·
1652 1388 1744 1460 Cum
1761 1404 1877 1459 autern
1894 1391 1932 1459 in
1950 1387 2017 1461 hoc
2033 1394 2175 1483 publico
2197 1420 2386 1485 congressu
2400 1398 2538 1492 aliquid

513 1522 653 1583 menter
668 1519 796 1597 poenas
812 1496 933 1567 leniat.
982 1491 1080 1570 Dixi,
1552 1491 1742 1560 dicendum
1759 1505 1867 1571 esset,
1894 1505 1927 1562 et
1945 1488 2013 1563 hoc
2028 1494 2104 1584 ipso
2121 1506 2279 1588 tempore
2304 1498 2361 1567 vir
2376 1499 2538 1569 doctissi-

1553 1613 1631 1659 mus
1653 1589 1786 1661 Paulos
1805 1587 1943 1662 Eherus
1970 1594 2204 1665 anatomicam
2233 1598 2431 1669 doctrinam
2453 1623 2538 1690 pro-

1553 1714 1684 1783 ponere
1705 1692 1854 1782 ceperit,
1879 1695 1923 1762 de
1941 1717 2009 1785 qua
2026 1719 2082 1763 me
2098 1697 2257 1766 deditum
2279 1699 2347 1767 arti
2361 1697 2535 1780 Medicae,

1554 1792 1706 1882 cogitare
1719 1814 1822 1881 saepe
1840 1816 1978 1862 necesse
1998 1809 2068 1880 est,
2091 1796 2231 1866 omissis
2250 1797 2329 1867 aliis
2351 1820 2540 1888 argumen-

516 1882 695 2017 Μ
1313 1908 1364 1949 ⁸¹1·
1388 1885 1481 1951 ¹553·
1554 1893 1618 1977 tis,
1651 1892 1772 1962 censui
1794 1889 2077 1965 adhortationem
2099 1897 2352 1968 instituendam
2377 1922 2467 1984 esse,
2499 1912 2541 1970 ut

1299 1975 1503 2012 Μ
1555 1993 1593 2061 in
1607 1993 1771 2083 pluribus
1784 1997 2008 2064 accenderem
2023 1995 2204 2068 doctrinae
2227 1999 2444 2069 anatomicae
2465 2014 2541 2069 stu·

833 2088 911 2172 De
938 2085 1187 2170 anatomia·
1370 2163 1376 2174 ,
1555 2094 1674 2183 dium,
1695 2094 1783 2163 utile
1805 2118 1879 2164 non
1901 2095 2015 2166 solnm
2039 2099 2083 2165 ad
2101 2098 2343 2171 ¹valetudinem
2361 2101 2539 2185 tuendam,

584 2265 618 2323 h
640 2259 1200 2330 setees.1)eetamst.'t‘.tv,p.tsosq
1275 2255 1401 2312 mem
1421 2254 1454 2312 T.
1468 2252 1503 2306 u·
1557 2208 1591 2266 et
1605 2194 1650 2263 ad
1667 2195 1812 2265 morbos
1826 2196 2072 2287 depellendos,
2097 2200 2158 2267 sed
2178 2198 2284 2269 etiam
2305 2201 2350 2269 ad
2370 2202 2541 2290 regendos

618 2353 647 2405 p.
663 2332 723 2389 roa.
756 2331 875 2387 sams.
897 2328 931 2387 T.
952 2330 999 2383 tv,
1015 2347 1044 2399 p.
1061 2328 1123 2382 ass.
1141 2354 1175 2369 -
1201 2277 1315 2397 l'a'yrsu.
1332 2327 1361 2378 s,
1380 2322 1505 2377 cama.
1557 2307 1691 2377 mores,
1724 2295 1770 2363 ad
1791 2296 2007 2385 agnitionem
2031 2294 2120 2386 Dei,
2149 2303 2251 2370 etad
2275 2294 2564 2392 intelligendam

620 2401 785 2473 scriptorum
805 2397 874 2456 ³¹²¹·
891 2396 963 2452 ⁵¹⁰⁶
979 2396 1133 2450 0‘·¹³⁰¹¹‘¹¹¹
1152 2393 1248 2448 ‘²¹⁰¹ss
1267 2394 1301 2448 ²³
1316 2412 1361 2450 ⁸³·
1376 2390 1452 2447 ¹⁵⁵⁸·
1469 2417 1506 2431 ··
1556 2390 1733 2466 Ecclesiae
1745 2394 1956 2473 doctrinam.
2006 2394 2124 2469 Rudis
2143 2414 2235 2471 setas
2260 2425 2306 2471 ne
2327 2416 2442 2493 potest
2459 2401 2541 2493 qui-

614 2469 709 2524 ‘mun
721 2465 843 2524 stamen
857 2462 1012 2536 aganensi
1026 2463 1086 2518 'ld‘
1097 2481 1142 2520 ⁸⁸·
1157 2463 1234 2516 ¹⁵⁵⁰·
1558 2497 1639 2564 dem
1653 2488 1780 2563 harum
1797 2497 1989 2567 utilitatum
2002 2500 2282 2589 magnitudinem
2297 2526 2459 2583 cernere,
2480 2502 2539 2571 sed

519 2632 650 2703 orosto
667 2625 715 2698 (ιθ
728 2624 852 2699 ,tuggo
875 2620 1073 2708 &optram
1094 2625 1354 2708 mimicae,
1379 2640 1405 2690 α
1424 2622 1508 2689 ge.
1558 2620 1577 2666 a
1601 2594 1705 2664 nobis
1727 2595 1840 2664 bonae
1863 2611 1998 2669 mentes
2022 2603 2388 2672 commonefaciendae
2410 2615 2452 2689 ‚et
2481 2623 2542 2669 ex·

519 2729 740 2804 pamm
765 2722 1005 2799 Theodoro
1030 2720 1306 2794 wgnggemgo
1328 2724 1505 2792 wopam,
1559 2695 1760 2765 nscitandae
1775 2709 1877 2780 suot,
1903 2711 1942 2767 ut
1955 2722 2012 2768 eas
2026 2703 2233 2792 adspiciam,
2258 2715 2292 2773 et
2306 2699 2543 2773 hancdoctri·

1560 2820 1641 2864 nam
1654 2796 1800 2865 discant.
1850 2793 1905 2867 Ac
1929 2820 2109 2889 speramus
2134 2798 2198 2873 has
2220 2816 2357 2873 nostras
2379 2816 2544 2894 paternas

523 2883 625 2971 cum
645 2873 825 2967 doctrinas
847 2891 963 2964 Studia
983 2890 1131 2960 colenda
1151 2888 1239 2973 sini,
1270 2912 1344 2956 11⁰¹!
1369 2899 1507 2957 lanium
1560 2909 1594 2967 et
1621 2894 1839 2965 fidelissimas
1869 2898 2132 2970 admonitiones
2154 2916 2190 2973 et
2211 2903 2385 2992 profuisse
2409 2901 2544 2985 multis,

523 3012 567 3071 nt
580 2997 653 3068 sint
675 2995 757 3067 usui
772 2995 883 3078 vitae,
905 3015 945 3062 ac
967 3002 1175 3061 ornamento
1198 2987 1399 3081 tranquillis
1420 3000 1509 3056 tern-
1560 3008 1594 3065 et
1619 2990 1735 3065 adhuc
1763 2998 1940 3087 prodesse.
2000 2997 2118 3086 Quare
2142 3024 2199 3071 eas
2221 3024 2321 3092 saepe
2342 3001 2545 3094 repetimus,

522 3098 683 3193 poribus·
722 3094 794 3168 Sed
811 3094 916 3165 eliam
930 3104 969 3162 ul
983 3091 1024 3159 in
1038 3090 1174 3178 magnit
1188 3089 1372 3158 doloribus
1389 3101 1507 3157 011111-
1559 3095 1696 3165 etiamsi
1718 3095 1780 3188 qui
1802 3097 1889 3166 adeo
1908 3097 1976 3167 feri
1999 3114 2100 3185 sunt,
2124 3114 2165 3171 ut
2189 3097 2281 3171 banc
2301 3102 2544 3173 dulcissimam

525 3201 731 3270 dantveras
749 3193 1009 3267 consolationes
1031 3190 1203 3259 divinitus
1223 3188 1439 3279 pmpositas,
1472 3201 1507 3258 et
1559 3196 1757 3265 doctrinam
1781 3220 1826 3266 ne
1850 3212 1988 3287 gustare
2012 3199 2157 3292 quidem
2178 3201 2301 3272 velint.
2364 3201 2543 3295 Alloquor

523 3299 661 3389 erigant
690 3295 846 3382 animos,
878 3315 954 3364 non
983 3290 1167 3361 omisimus
1195 3284 1259 3359 has
1287 3283 1509 3359 scholasticas
1560 3309 1676 3366 autem
1693 3320 1768 3365 non
1784 3312 2002 3370 monstrosas
2017 3315 2180 3389 naturas,
2201 3302 2263 3373 sed
2277 3300 2383 3384 tales,
2409 3304 2449 3372 in
2465 3302 2548 3397 qui.

522 3420 666 3494 operas,
698 3418 902 3491 quanquam
926 3414 1054 3480 magno
1081 3391 1121 3459 in
1140 3391 1241 3461 luctu
1262 3412 1396 3462 suanus.
1455 3388 1509 3461 Ac
1560 3401 1627 3468 bus
1640 3397 1758 3492 aliqua
1774 3413 1860 3470 sunt
1872 3400 2044 3472 virtutum
2058 3403 2214 3486 semina,
2238 3416 2274 3474 et
2290 3403 2331 3473 in
2347 3403 2475 3497 quibus
2488 3403 2546 3470 fu-

524 3502 589 3577 tali
603 3513 761 3588 tempore
774 3493 925 3566 maxime
937 3493 1090 3563 salutare
1104 3504 1175 3572 est,
1201 3502 1237 3560 et
1254 3491 1299 3558 de
1314 3488 1426 3557 causis
1440 3483 1509 3556 hu·
1560 3509 1611 3563 cct
1630 3492 1785 3563 scintilla
1803 3512 2005 3564 monstrans
2026 3504 2218 3572 discrimen
2240 3500 2468 3575 honestamm
2489 3525 2547 3572 re-

525 3619 713 3673 manorum
734 3592 989 3678 calamitatum,
1020 3593 1116 3663 etde
1140 3588 1322 3663 Remediis
1344 3588 1510 3677 cogitare,
1560 3617 1641 3663 rum
1665 3604 1701 3662 ct
1723 3590 1894 3681 turpium.
1944 3591 2548 3682 vosigiturhonests,a01„„„„,

527 3716 564 3775 et
578 3698 739 3772 conferre
754 3694 954 3779 doctrinas,
977 3715 1064 3786 quas
1079 3714 1218 3772 causas,
1243 3713 1333 3784 quae
1354 3687 1509 3758 remedia
1560 3714 1685 3763 omncs
1708 3685 1879 3762 adhortor
1899 3702 1935 3762 et
1957 3691 2133 3778 obtestor,
2172 3709 2214 3766 ut
2236 3697 2342 3767 initia
2365 3700 2548 3770 doctrinae

524 3810 723 3874 monstrent
738 3790 990 3886 Philosophia,
1016 3808 1051 3865 et
1066 3793 1176 3863 altera
1192 3788 1510 3882 maiorSapientia,
1560 3791 1797 3878 anatomicae‚
1837 3815 1927 3885 quae
1955 3794 2057 3865 vobis
2078 3817 2154 3866 uon
2181 3798 2325 3869 sordide
2347 3799 2548 3880 traduntur,

525 3926 632 3999 quarn
659 3900 754 3971 filius
777 3895 847 3969 Dei
876 3918 918 3966 ex
945 3895 1028 3965 sinu
1048 3892 1183 3966 aeterni
1214 3891 1324 3982 patris
1349 3889 1509 3983 protulit,
1563 3895 1719 3967 studiose
1733 3892 1885 3963 discatis.
2402 3912 2413 3925 ·
2475 3940 2479 3947 .

525 4028 616 4099 quae
635 4024 718 4074 rere
735 4012 787 4070 est
800 4020 897 4069 sacra
912 4018 1060 4079 ancora,
1085 4017 1156 4087 qua
1179 3992 1274 4064 inter
1297 4005 1368 4062 tam
1390 4011 1509 4061 saevas
1663 3992 1771 4082 Quod
1794 3993 1889 4063 enirn
1906 3991 2018 4088 aliqui
2037 4008 2181 4086 putant,
2205 3992 2302 4068 hunc
2321 3998 2480 4070 laborem
2502 4000 2548 4070 ad

524 4114 759 4195 tempestates,
784 4097 895 4170 animi
908 4096 1055 4166 firmitas
1072 4108 1104 4164 et
1118 4093 1313 4167 constantia
1328 4090 1512 4164 retinetur.
1562 4096 1656 4168 solos
1671 4094 1833 4165 Medicus
1848 4095 2042 4185 pertinere,
2068 4091 2165 4167 hunc
2181 4122 2345 4169 errorum
2360 4101 2472 4172 taxari
2486 4124 2549 4170 ue-

527 4202 584 4277 Ac
599 4203 644 4271 de
658 4201 771 4273 causis
786 4194 1014 4270 horribilium
1028 4195 1277 4267 confusionum
1292 4193 1331 4262 in
1353 4193 1512 4285 imperiis
1563 4219 1655 4268 cesse
1671 4209 1732 4265 est.
1783 4194 1926 4265 Medico
1943 4219 2032 4287 opus
2047 4211 2099 4268 cst
2112 4199 2320 4289 perfectiore
2336 4202 2550 4291 cognitione,

526 4303 675 4376 omnino
692 4324 816 4372 verum
831 4311 908 4387 est,
925 4298 1020 4391 quod
1035 4295 1155 4390 inquit
1169 4290 1440 4377 Demosthenes,
1466 4288 1512 4364 οὐ
1563 4321 1668 4392 quam
1686 4294 1765 4365 aliis
1781 4289 2001 4371 hominibus.
2052 4294 2189 4370 Interea
2204 4324 2345 4372 necesse
2360 4316 2412 4373 cst
2427 4324 2550 4373 omnes

526 4397 629 4499 nopai
668 4398 709 4476 ἓν
741 4393 828 4474 οὐδὲ
869 4390 940 4472 dsio
980 4391 1028 4469 aci
1069 4389 1272 4495 πράγματα
1311 4396 1362 4476 aio
1400 4396 1513 4466 τοῦτο
1562 4394 1726 4468 homines
1765 4395 1886 4489 aliquo
1922 4397 2030 4468 modo
2065 4400 2225 4493 corporis
2262 4402 2320 4473 sni
2351 4403 2550 4474 aedificium

527 4502 695 4599 ἀφῖκται.
744 4493 955 4593 Philosophi
977 4510 1154 4593 quacmnt
1175 4497 1297 4566 fatales
1318 4516 1458 4581 causas,
1478 4507 1513 4565 et
1564 4519 1679 4570 nosse.
1717 4493 1816 4584 Quas
1832 4497 1880 4566 ob
1895 4498 2041 4568 causas?

526 4604 708 4697 disputant
722 4602 979 4697 periodos'esse
1000 4597 1208 4671 constitutas
1233 4610 1268 4668 et
1288 4595 1452 4688 gentibus
1476 4608 1514 4667 ct
1665 4594 1823 4668 Multum
1845 4596 1940 4668 valet
1966 4594 2155 4680 mediocris
2179 4600 2364 4693 diligentia
2387 4604 2428 4674 in
2453 4605 2551 4675 victu

525 4705 687 4783 urbibus.
1564 4710 1599 4771 et
1619 4697 1848 4769 moderandis
1871 4698 2134 4788 voluptatibus,
2159 4703 2206 4772 ad
2228 4706 2396 4775 tuendam
2412 4706 2551 4777 valetu-

626 4802 702 4887 sed
729 4799 909 4878 Ecclesiae
938 4798 1100 4875 doctrina
1133 4798 1294 4870 adfirmat
1325 4792 1513 4869 hominnm
1565 4799 1703 4884 dinem,
1750 4798 1859 4869 etad
1888 4797 2099 4889 depellenda
2130 4800 2234 4876 initia
2265 4805 2553 4877 saevissimorum

528 4906 721 4979 sceleribus
739 4896 871 4977 attrahi
890 4924 1032 4995 poenas.
1083 4896 1134 4972 Et
1148 4914 1266 4974 tamen
1280 4893 1345 4971 has
1359 4896 1514 4987 mitigari
1564 4900 1784 4974 morborum.
1833 4894 1893 4969 Ad
1911 4893 2004 4969 hanc
2018 4899 2240 4991 diligentiam
2260 4928 2399 4989 necem
2413 4919 2464 4979 cst
2479 4907 2554 4977 sin.

528 5029 555 5079 a·
569 5007 644 5080 filio
657 5005 725 5079 Dei
738 5013 884 5099 propser
898 4998 1113 5085 Ecclesiam,
1138 5014 1173 5073 et
1185 4996 1277 5074 hanc
1288 5000 1383 5071 inter
1400 4996 1515 5090 impe·
1566 5000 1668 5091 gulos
1683 5000 1803 5094 aliquo
1825 4999 1932 5071 modo
1955 5022 2059 5071 nosse
2075 5024 2144 5073 sua
2165 5006 2344 5089 membra,
2374 5001 2554 5092 humores,

529 5108 667 5181 riorum
693 5105 994 5190 ruinas'serrari,
1027 5129 1067 5177 ac
1089 5103 1188 5175 iubet
1205 5124 1272 5174 nos
1292 5097 1360 5173 hac
1381 5112 1516 5172 erectos
1564 5103 1719 5196 κρᾶσιν,
1749 5099 1991 5172 membrorum
2020 5103 2194 5192 posito,
2225 5116 2262 5177 es
2281 5100 2474 5181 humorum
2494 5129 2552 5177 ω.

529 5209 790 5291 consolatione,
826 5231 903 5280 non
930 5206 1083 5278 abiicere
1113 5204 1254 5276 labores
1274 5197 1452 5274 Ecclesiae
1480 5213 1516 5272 et
1565 5202 1674 5272 nales.
1698 5197 1876 5291 Eligenda
1892 5215 1977 5275 sunt
1991 5196 2261 5294 convenientia,
2284 5208 2451 5300 fugienda
2465 5223 2551 5273 con·

530 5308 713 5383 communi
737 5304 897 5379 societati
919 5306 1143 5380 necessarios.
1201 5301 1383 5375 Promittit
1409 5301 1515 5375 etiarn
1564 5300 1687 5375 traria.
2599 5362 2601 5366 ,

529 5404 609 5495 his,
632 5409 696 5503 qni
715 5406 808 5479 reris
830 5405 1018 5498 gemitibus
1032 5405 1151 5478 Deum
1172 5402 1356 5485 invocant,
1381 5416 1417 5475 ct
1436 5426 1516 5474 mo·
1665 5397 1815 5490 Quoties
1827 5399 1955 5472 accidit
1967 5413 2009 5473 nt
2022 5400 2186 5475 laborent
2200 5401 2361 5480 homines
2375 5398 2552 5471 tmomnia

531 5511 630 5580 deste
647 5509 846 5600 gubepnant
864 5527 999 5586 mores,
1023 5502 1278 5594 mitigationem
1293 5500 1515 5595 publicarum
1564 5511 1712 5595 propter
1736 5498 1967 5587 cruditatem,
1996 5495 2054 5574 his
2082 5506 2168 5577 dare
2194 5507 2323 5599 frigide
2344 5497 2553 5593 soporifera,

533 5609 789 5699 calamitatum
826 5608 919 5690 irno.
951 5602 993 5678 in
1011 5599 1081 5677 boc
1100 5601 1179 5699 ipso
1199 5615 1302 5680 coetu
1322 5617 1457 5677 moesto
1479 5615 1516 5677 et
1565 5599 1805 5696 perniciosum
1830 5613 1896 5684 est,
1945 5599 2099 5694 Quoties
2127 5605 2265 5681 subita
2291 5598 2553 5675 obstructiones
