6025 6775
413 704 484 780 167
863 697 1023 776 DECL.
1057 700 1130 776 DE
1163 699 1353 776 CAPTA
1386 698 1974 823 CONSTANTINOPOLI.
2357 709 2434 786 158

412 876 512 947 liaris
533 873 612 944 suit.
662 868 829 965 Denique
849 895 929 941 vere
951 867 1020 943 hoc
1040 873 1125 955 dicti
1149 886 1281 964 potest,
1315 874 1400 943 inde
1553 872 1718 945 Tandem
1743 898 1799 944 ars
1823 876 2013 964 excogitata
2038 888 2107 961 est,
2141 900 2210 969 qua
2237 880 2434 967 penetravit

412 1001 526 1072 usque
547 1000 568 1044 a
591 975 710 1065 primo
726 971 957 1043 Constantino
980 976 1105 1044 urbem
1123 976 1220 1043 illam
1236 976 1399 1044 omnium
1449 977 1543 1046 intra
1567 990 1721 1068 portum.
1773 975 1876 1046 Tunc
1895 1002 1979 1047 vero
2002 978 2160 1070 undique
2184 992 2277 1048 terra
2294 990 2327 1047 et
2340 982 2432 1050 mari

412 1080 451 1147 iu
468 1077 608 1147 mundo
622 1069 890 1165 pulcherrimam
908 1098 928 1143 a
944 1074 1320 1147 nomineConstantini
1335 1078 1398 1145 ad·
1447 1077 1588 1148 moenia
1611 1077 1710 1149 urbis
1733 1080 2008 1170 quassabantur,
2041 1091 2075 1148 et
2097 1090 2268 1172 tyrannus
2290 1102 2431 1170 sperare

412 1181 605 1270 pellatam,
636 1175 740 1244 fuisse
770 1175 993 1266 praeeipuam
1017 1174 1194 1247 Ecclesiae
1221 1179 1339 1246 sedem
1364 1190 1399 1248 et
1447 1180 1582 1272 coepit,
1605 1200 1641 1247 se
1668 1179 1756 1247 urbe
1775 1179 1970 1269 potiturum
1993 1201 2076 1251 esse.
2125 1175 2288 1272 Cumque
2308 1181 2429 1253 multis

414 1279 576 1349 omnium
591 1274 829 1344 doctrinarum
847 1299 972 1347 arcem.
1446 1280 1535 1351 loeis
1558 1278 1694 1349 disiecti
1713 1291 1828 1347 essent
1844 1279 1957 1363 muri,
1984 1293 2018 1349 et
2033 1302 2074 1346 ex
2090 1291 2197 1369 portu
2212 1279 2325 1349 facilis
2340 1296 2429 1354 esset

519 1376 610 1445 Haec
640 1397 682 1443 eo
710 1399 968 1461 commemoro,
1008 1390 1047 1447 ut
1078 1378 1187 1468 magis
1216 1379 1397 1449 doleamus
1447 1380 1618 1473 irruptio,
1644 1380 1701 1450 die
1718 1379 1882 1448 vicesimo
1900 1403 1996 1447 nono
2014 1376 2123 1464 Maii,
2148 1377 2277 1464 Turei,
2303 1382 2430 1452 admo-

418 1500 533 1550 omnes
546 1476 623 1543 illas
634 1488 774 1564 gentes,
803 1473 1121 1568 quaeChristianae
1135 1494 1398 1571 nuncupantur,
1447 1483 1491 1553 tis
1514 1484 1558 1550 ad
1584 1479 1724 1550 moenia
1747 1479 1850 1549 scalis
1874 1495 1906 1551 et
1925 1503 1965 1548 ex
1980 1493 2085 1569 portu
2100 1492 2134 1549 et
2146 1479 2226 1548 aliis
2240 1478 2344 1566 locis,
2370 1482 2428 1552 iu·

415 1590 546 1649 tautum
561 1577 668 1646 decus
684 1577 852 1668 amisisse.
992 1614 1001 1621 -
1445 1584 1540 1673 genti
1555 1582 1707 1652 clamore
1724 1580 1762 1647 in
1779 1582 1903 1649 urbem
1920 1581 2116 1669 irrumpere
2131 1592 2315 1653 conantur.

806 1713 1001 1731 ··-·-··
1547 1681 1624 1754 Stat
1648 1693 1821 1773 spectator
1839 1694 2010 1774 tyrannus
2025 1680 2064 1747 iu
2078 1676 2194 1747 vicino
2210 1679 2316 1765 colle,
2341 1675 2429 1749 hor·

512 1775 680 1863 Legimus
708 1790 824 1846 autem
852 1772 1052 1849 inchoatam
1079 1804 1152 1851 esse
1172 1782 1395 1854 obsidionem
1446 1796 1542 1855 tatur
1563 1796 1603 1853 ut
1623 1783 1761 1852 fortiter
1778 1783 1968 1851 ascendant
1992 1780 2029 1848 in
2051 1799 2191 1861 muros,
2215 1778 2429 1850 vociferatur

410 1877 525 1949 Nouis
541 1875 694 1965 Aprilis,
720 1890 754 1947 et
770 1878 862 1947 iutra
879 1881 1019 1949 moenia
1027 1932 1039 1967 ,
1067 1882 1395 1972 praeterUrbanam
1445 1883 1684 1966 horribiliter,
1710 1879 1759 1949 sic
1781 1883 1845 1951 ubi
1868 1882 1965 1951 videt
1980 1905 2061 1951 suos
2078 1878 2202 1971 repelli
2218 1889 2253 1948 et
2269 1879 2429 1965 interfici,

411 1976 677 2048 multitudinem
700 1991 836 2047 tantum
851 1980 958 2049 fuisse
973 2004 1030 2051 sex
1046 1985 1157 2052 millia
1174 1982 1395 2056 Graecorum
1445 1990 1630 2059 coufirmat
1646 1981 1813 2070 trepidos.

410 2080 584 2163 militum,
614 2094 649 2149 et
673 2080 896 2148 auxiliarium
923 2079 1142 2154 Venetorum
1166 2098 1198 2155 et
1223 2084 1395 2155 Genuen-
1545 2084 1629 2155 Fuit
1645 2096 1762 2152 autem
1780 2094 1876 2150 tanta
1890 2083 2004 2151 virtus
2021 2075 2265 2164 defensorum,
2288 2093 2330 2151 ut
2346 2103 2428 2170 pars

413 2182 503 2251 sium
518 2180 585 2250 trie
601 2179 725 2247 millia·
1445 2184 1589 2256 Turcici
1610 2182 1800 2268 exereitus,
1826 2206 1905 2251 cum
1929 2182 2034 2251 multi
2050 2181 2088 2248 iu
2103 2203 2143 2251 eo
2158 2181 2236 2252 loeo
2253 2181 2428 2253 interfecti

513 2278 647 2351 Contra
670 2273 896 2350 Mahometus
919 2284 1111 2353 adduxerat
1134 2285 1394 2377 quadringenta
1443 2300 1575 2366 essent,
1599 2287 1747 2355 cederet.

411 2380 525 2450 millia
542 2375 745 2465 hominum,
771 2405 861 2473 quae
879 2383 1068 2454 multitudo
1083 2385 1235 2452 maxime
1249 2386 1394 2456 collecta
1544 2386 1614 2457 Hic
1636 2398 1670 2455 et
1690 2385 1857 2455 victoriae
1877 2405 1955 2476 spes
1971 2384 2128 2452 animum
2146 2378 2185 2452 ac
2202 2382 2313 2452 robur
2327 2380 2428 2451 addit

409 2482 481 2551 tuit
501 2504 542 2550 ex
562 2480 687 2549 vicinis
709 2484 892 2570 gentibus,
920 2508 1008 2575 quae
1027 2480 1144 2553 adhuc
1158 2485 1393 2557 nominaban-
1445 2488 1530 2557 viris
1562 2487 1714 2557 fortibus
1743 2486 2051 2577 propugnantibus
2071 2484 2214 2568 urbem,
2247 2496 2281 2553 et
2305 2494 2428 2574 tyran-

410 2595 475 2651 tur
489 2577 725 2667 Christianae,
752 2603 793 2651 ex
807 2582 973 2666 Graecia,
996 2583 1160 2675 Illyrico,
1186 2584 1394 2673 Walachia,
1443 2612 1530 2659 uum
1552 2588 1699 2680 periculi
1720 2589 1927 2679 magnitudo
1952 2585 2080 2669 movit,
2106 2599 2145 2655 ut
2166 2579 2332 2652 horribili
2344 2582 2428 2650 ulu-

409 2677 608 2767 Dardanis,
633 2678 806 2767 Thracia,
831 2681 1012 2769 Bulgaris,
1040 2682 1223 2762 Triballis.
1443 2690 1541 2773 latu,
1571 2688 1798 2759 minitaretur
1821 2688 2047 2771 cedentibus,
2072 2698 2106 2758 et
2129 2680 2312 2764 cohortes,
2338 2704 2426 2775 quas

510 2779 624 2852 'Turci
651 2784 756 2875 pauci
785 2784 948 2869 fuerunt,
982 2797 1015 2855 et
1039 2809 1119 2876 pars
1140 2788 1210 2858 fuit
1233 2811 1274 2857 ex
1296 2784 1394 2871 Asia,
1444 2790 1710 2860 velut'triarias
1732 2790 1826 2880 apud
1849 2812 1885 2859 se
1908 2788 2121 2875 retinuerat,
2152 2787 2292 2857 iuberet
2315 2784 2428 2855 iuter-

410 2876 576 2976 Bithyni,
603 2881 768 2964 Galatae,
792 2880 884 2976 Lydi
902 2881 1081 2963 etCilices.
1132 2887 1191 2959 Sic
1206 2890 1393 2959 nobiscum
1443 2890 1546 2957 licere
1562 2887 1735 2956 cedentes.

410 2982 504 3052 bella
524 2996 651 3073 gerunt
664 2982 808 3054 Turcici
829 2989 989 3079 tyranni,
1015 2998 1055 3057 ut
1076 3002 1197 3078 gentes
1215 2990 1319 3060 nobis
1334 3014 1394 3059 co-
1545 2983 1679 3056 Contra
1696 2982 1853 3053 Graecus
1865 2986 2056 3072 imperator
2075 3009 2094 3054 e
2114 3009 2176 3055 sua
2199 2984 2338 3076 specula
2355 2983 2427 3050 iam

409 3096 551 3171 gnatas,
576 3083 761 3153 uobiscum
777 3085 943 3157 dimicare
959 3103 1094 3177 cogant.
1443 3093 1535 3158 bene
1563 3106 1724 3180 sperans,
1764 3076 1928 3149 hortatur
1954 3105 2056 3165 suos,
2087 3091 2132 3153 'ut
2165 3107 2244 3152 cum
2273 3083 2428 3150 viderint

514 3182 574 3250 Sic
597 3197 713 3251 autem
736 3184 916 3253 distribuit
942 3188 1076 3275 copias,
1106 3202 1147 3258 ut
1169 3192 1286 3259 tribus
1307 3190 1394 3258 locis
1445 3188 1615 3258 auxilium
1639 3184 1723 3267 Dei,
1759 3184 1853 3251 bona
1883 3202 1962 3247 cum
1993 3203 2052 3269 spe
2086 3181 2313 3270 praelientur.
2372 3177 2429 3246 lbi

406 3296 507 3349 terra
524 3301 643 3347 muros
658 3292 858 3350 concuteret
873 3295 908 3351 et
923 3285 1117 3369 disiiceret,
1144 3299 1178 3354 et
1196 3311 1260 3376 per
1273 3288 1395 3354 ruinas
1445 3276 1568 3356 rursus
1583 3306 1750 3355 conversa
1766 3294 1815 3352 est
1830 3279 1954 3372 praelii
1969 3280 2129 3365 fortuna,
2155 3279 2337 3349 vulnerato
2354 3273 2429 3346 Ge-

406 3391 565 3448 tentaret
580 3376 806 3468 irruptiones.
861 3413 869 3426 ·
1446 3388 1573 3455 nuensi
1591 3384 1786 3455 lustiniano
1809 3382 1917 3466 duce,
1939 3404 2043 3474 quem
2061 3375 2222 3451 hortatur
2237 3379 2428 3470 imperator

513 3473 601 3548 Erat
616 3478 729 3548 virtus
743 3483 880 3570 egregia
898 3483 937 3551 in
954 3485 1216 3566 defensoribus,
1243 3509 1394 3578 quorum
1445 3485 1672 3574 Paleologus,
1703 3508 1749 3551 ne
1772 3482 1883 3570 fugiat
1904 3504 1945 3549 ex
1966 3504 2027 3550 sua
2049 3482 2162 3564 turri,
2194 3503 2275 3551 cum
2296 3480 2428 3548 vulnus

409 3580 484 3648 dux
510 3591 585 3648 erat
609 3575 826 3649 Iustinianus
850 3580 1070 3667 Genuensis,
1105 3600 1139 3655 et
1160 3583 1218 3652 hic
1242 3587 1393 3653 multum
1444 3610 1518 3655 non
1543 3586 1588 3654 sit
1610 3584 1729 3652 letale:
1756 3583 1817 3651 sed
1833 3581 1862 3650 is
1878 3581 1997 3670 potius
2012 3582 2132 3652 animo
2147 3581 2294 3663 fractus,
2320 3601 2427 3671 quam

410 3698 496 3747 usus
520 3691 596 3748 erat
611 3700 724 3769 ¹opera
746 3679 815 3745 viri
836 3682 955 3761 sortis,
981 3682 1042 3771 qui
1061 3683 1268 3751 nominatur
1283 3683 1320 3750 in
1337 3679 1393 3749 hi·
1443 3687 1590 3755 vulnere
1620 3683 1824 3753 debilitatus
1853 3681 1961 3770 sugit,
1994 3705 2060 3751 nec
2087 3682 2196 3752 alium
2219 3681 2367 3750 collocat
2387 3679 2427 3746 in

413 3777 520 3848 storia
537 3774 713 3848 lohannes
730 3775 887 3848 Grandis
902 3779 1095 3868 Almanus,
1120 3795 1155 3853 et
1175 3783 1315 3852 fortiter
1335 3806 1391 3851 re·
1441 3785 1542 3854 illam
1555 3786 1742 3874 speculam,
1763 3783 1825 3875 qui
1838 3795 1991 3851 caeteros
2004 3783 2226 3852 confirmaret
2240 3794 2273 3851 et
2284 3792 2429 3869 regeret.

413 3877 590 3969 pellebant
605 3880 842 3970 irrumpentes
857 3880 1002 3950 Turcas.
1272 3896 1287 3909 ⁸
1547 3883 1591 3952 ln
1612 3908 1653 3955 eo
1670 3884 1748 3952 loco
1764 3884 1881 3971 fugam
1897 3881 1995 3950 ducis
2011 3907 2090 3951 cum
2107 3895 2337 3976 sequerentur
2352 3882 2428 3949 eius

513 3975 726 4072 Quanquam
740 3992 857 4049 autem
868 3981 974 4050 multi
983 3979 1127 4052 Turcici
1140 3981 1269 4050 milites
1282 3983 1394 4051 inter·
1441 3985 1590 4068 milites,
1615 4008 1697 4076 qura
1713 3987 1764 4052 rlu
1778 4009 1835 4051 vra
1850 4006 1919 4049 ram
1937 3983 1974 4048 in
1991 3983 2116 4052 urbem
2131 3983 2288 4072 patebat,
2314 3978 2426 4049 Turci

365 4101 369 4110 ·
413 4080 620 4149 ficiebautur
644 4080 758 4169 globis
782 4094 817 4150 et
838 4081 993 4172 sagittis,
1025 4095 1142 4152 tamen
1164 4077 1230 4150 hae
1251 4083 1394 4170 exiguae
1442 4085 1604 4155 videntes
1623 4108 1704 4153 eum
1721 4084 1839 4153 locum
1857 4104 1876 4147 a
1891 4081 2136 4150 defensoribus
2150 4085 2325 4152 desertum
2343 4102 2428 4162 esse,

414 4181 534 4272 copiae
565 4181 658 4250 intra
688 4181 813 4252 urbem
842 4182 958 4252 tribus
979 4183 1081 4262 locis,
1115 4195 1237 4252 contra
1259 4195 1392 4252 tautam
1443 4207 1571 4272 magno
1588 4183 1727 4272 agmine
1745 4182 1793 4248 ibi
1810 4182 1902 4249 intra
1921 4181 2044 4248 urbem
2061 4180 2310 4251 intunduntur.
2354 4178 2427 4249 Fu-

412 4281 677 4352 multitudiuem
693 4283 1211 4375 diusufficerenoupoterant,
1235 4306 1393 4373 praeser-
1442 4285 1493 4373 git
1510 4297 1639 4352 'autem
1671 4278 1890 4351 Iustinianus
1913 4280 1951 4346 in
1976 4279 2131 4349 vicinam
2153 4277 2427 4360 Chalcedonem,

412 4383 579 4454 timeum
602 4382 770 4474 utrinque
793 4384 950 4454 cuniculi
971 4396 1175 4473 agerentur,
1200 4383 1240 4452 in
1263 4384 1394 4477 quibus
1443 4407 1534 4477 quae
1562 4406 1660 4453 nunc
1691 4378 1818 4452 Galata
1850 4379 2073 4464 nominatur,
2110 4383 2206 4450 unde
2234 4389 2354 4470 postea
2385 4375 2426 4444 in

412 4497 529 4555 tamen
543 4497 688 4553 conatus
698 4483 931 4554 Turcicorum
947 4484 1121 4554 fossorum
1139 4507 1283 4575 prorsus
1300 4485 1392 4560 irriti
1442 4480 1574 4555 Chium
1594 4482 1784 4571 navigans,
1807 4504 1869 4552 seu
1890 4480 2037 4550 vulnere
2058 4503 2120 4552 seu
2135 4501 2297 4551 moerore
2313 4475 2427 4548 animi

410 4585 573 4667 luerunt,
599 4597 632 4653 et
649 4585 687 4652 in
704 4599 809 4675 portu
823 4586 962 4655 assidua
976 4585 1107 4674 praelia
1123 4587 1259 4664 herent.
1441 4598 1604 4656 mortuus
1620 4597 1683 4655 est.

513 4680 720 4756 Adduxerat
748 4686 842 4755 enim
862 4684 1036 4756 Turcicus
1064 4683 1237 4780 tyranirus
1267 4708 1308 4754 es
1335 4685 1391 4755 di·
1544 4682 1741 4776 lmperator
1753 4680 1962 4773 Paleologus
1983 4706 2063 4753 eum
2086 4677 2167 4750 aliis
2181 4676 2321 4763 multis,
2345 4700 2427 4748 cum

408 4785 522 4854 versis
540 4786 721 4856 littoribus
742 4787 849 4857 maris
864 4783 973 4876 Aegei
997 4799 1030 4855 et
1044 4784 1177 4856 Euxini
1196 4789 1345 4856 ducenta
1360 4800 1395 4857 et
1442 4785 1537 4858 vitae
1556 4808 1635 4878 spes
1655 4786 1694 4854 in
1708 4785 1791 4875 l'uga
1804 4796 1912 4868 esset,
1937 4785 1967 4852 si
1985 4807 2027 4871 ex
2039 4782 2129 4853 urhe
2141 4778 2363 4868 effugissent,
2387 4778 2436 4846 iu·

408 4884 668 4977 quinquaginta
692 4887 851 4977 navigia,
884 4900 923 4957 ut
946 4900 1088 4979 portum
1110 4885 1272 4981 Byzantii
1298 4888 1393 4957 obsi-
1443 4888 1519 4980 ipsa
1543 4900 1644 4978 porta
1667 4888 1724 4954 vel
1744 4885 2018 4968 trucidatusest,
2044 4883 2100 4952 vel
2114 4879 2300 4951 collisione
2313 4878 2428 4947 inter-

409 4986 533 5066 deret,
556 4994 589 5052 et
602 4985 720 5056 littora
734 4988 886 5059 navibus
901 4982 1070 5082 tanquam
1089 5003 1197 5079 ponte
1210 4989 1382 5077 iungeret.
1442 5001 1593 5081 emptus.
1641 4985 1733 5058 Nam
1749 4986 1789 5053 in
1805 4999 1906 5075 porta
1922 4985 2122 5074 octingenta
2139 4981 2309 5052 cadavera
2324 4977 2429 5049 eolli-

514 5077 650 5152 Contra
671 5085 838 5160 Turcicas
859 5112 967 5160 naves
989 5089 1127 5159 stabant
1151 5090 1190 5157 in
1212 5103 1317 5179 portu
1339 5112 1392 5157 se·
1442 5112 1562 5160 sorum
1580 5101 1614 5158 et
1630 5087 1897 5156 vulneratorum
1910 5099 2046 5177 reperta
2063 5095 2158 5153 suut.

411 5197 507 5278 ptem
530 5205 639 5252 naves
664 5183 925 5270 Genuensium,
956 5205 1029 5261 tres
1050 5187 1287 5261 Cretensium.
1346 5185 1393 5258 Et
1543 5185 1706 5257 Victores
1714 5184 1826 5255 Turci
1840 5197 2013 5275 vagantur
2025 5207 2089 5274 per
2100 5194 2209 5252 totam
2224 5181 2380 5266 urbem,
2393 5193 2429 5251 et

410 5298 627 5356 accesserant
646 5284 785 5379 aliquae
807 5286 971 5372 exChio,
996 5315 1036 5360 ac
1058 5304 1181 5382 portus
1198 5289 1309 5359 ferrea
1324 5287 1393 5359 Ca·
1443 5288 1569 5359 obvios
1583 5301 1617 5358 et
1632 5287 1773 5358 abditos
1785 5287 1825 5355 in
1839 5286 1987 5356 aedibus
2001 5307 2113 5368 senes,
2137 5295 2329 5365 matronas,
2354 5281 2429 5349 vir-

410 5382 517 5456 thena
534 5386 676 5455 clausus
692 5400 788 5465 erat,
812 5412 858 5456 ne
874 5390 911 5458 in
926 5415 1006 5461 eum
1022 5406 1206 5482 penetrare
1222 5389 1393 5461 Turcicae
1443 5391 1561 5478 gines,
1583 5389 1734 5480 puberes
1751 5401 1785 5458 et
1803 5387 2006 5478 impuberes
2023 5385 2213 5456 trucidant.
2262 5379 2428 5472 Rapiuu·

411 5509 519 5556 naves
538 5501 691 5576 possent.
743 5483 948 5579 Eruperunt
965 5505 1080 5563 autem
1096 5516 1158 5585 per
1173 5493 1392 5562 occasionem
1442 5505 1503 5561 tur
1530 5490 1663 5559 multae
1682 5488 1820 5560 nobiles
1841 5500 2025 5557 matronae
2047 5498 2081 5556 et
2105 5485 2260 5574 virgines
2281 5485 2327 5552 ad
2351 5494 2428 5548 stu-

412 5611 519 5656 naves
540 5589 786 5673 defensorum,
820 5589 884 5681 qui
905 5602 938 5660 et
962 5591 1100 5662 fortiter
1122 5592 1284 5683 praeliati
1309 5603 1392 5661 sunt
1442 5614 1527 5682 pra,
1553 5589 1716 5685 queritur
1736 5590 1866 5681 praeda
1887 5588 1927 5656 in
1944 5587 2105 5658 omnium
2123 5584 2271 5654 aedibus
2284 5593 2319 5648 et
2336 5593 2428 5647 tem-

411 5711 492 5757 cum
498 5685 637 5772 Tuscis,
661 5704 694 5760 et
710 5692 897 5760 incendere
911 5712 1034 5760 eorum
1049 5714 1157 5763 naves
1167 5693 1283 5763 conati
1298 5705 1392 5777 suut,
1442 5693 1529 5783 plis,
1555 5716 1661 5786 quam
1678 5692 1825 5761 iusserat
1837 5683 2064 5759 Mahometus
2080 5697 2179 5775 capta
2192 5682 2281 5751 urbe
2294 5674 2428 5743 milites

411 5786 577 5880 stetitque
588 5789 724 5885 aliquot
738 5790 864 5864 diebus
880 5789 1031 5864 Turcica
1044 5792 1164 5866 elassis
1178 5794 1255 5865 sine
1270 5815 1350 5870 usu.
1443 5806 1575 5872 tenere.
1632 5791 1677 5863 lu
1702 5790 1845 5884 templis
1864 5789 2026 5883 picturae
2047 5779 2180 5860 Christi
2202 5773 2431 5850 contumeliis
