6025 6775
2011 545 2019 580 l

553 760 595 830 11
1017 723 1043 770 ⁹
1083 727 1242 824 nucu
1282 725 1358 802 nn
1388 722 1778 814 navarreum
1812 728 2031 809 neuun.
2504 727 2569 821 ·1,

553 890 595 998 de
620 946 690 1017 quo
709 918 842 989 dictum
868 924 934 983 est:
961 908 1098 981 Noticia
1122 903 1213 975 servi
1231 901 1299 971 mei
1323 900 1407 971 iusti
1433 901 1535 972 iusti·
1586 917 1812 997 suntorgana
1829 900 1908 975 Dei.
1959 900 2051 973 Cum
2064 926 2138 973 nun
2154 920 2236 976 strnt
2251 931 2382 997 organa
2398 910 2485 994 Dei,
2512 938 2570 982 ar-

429 1038 432 1045 .
551 1026 669 1098 ambi,
681 1020 823 1091 multos·
1587 1005 1654 1073 mis
1670 1008 1729 1073 eos
1744 1005 1968 1073 excutiendos
1984 1026 2068 1077 esse.
2117 1000 2195 1073 Etsi
2220 1010 2396 1080 subtiliter
2418 1009 2484 1082 hoc
2499 1016 2571 1082 diei

652 1136 732 1212 Etsi
753 1148 869 1203 autem
897 1152 975 1198 cum
999 1121 1064 1194 hac
1088 1118 1327 1193 consolatione
1355 1118 1448 1187 filius
1467 1115 1536 1187 Dei
1585 1105 1745 1189 videtur,
1769 1118 1888 1175 tamen
1913 1105 2106 1194 periculosa
2130 1120 2181 1177 est
2204 1110 2333 1178 oratio:
2360 1116 2421 1181 sed
2443 1114 2475 1181 si
2492 1116 2570 1204 quis

553 1246 627 1334 ipse
645 1240 750 1310 corda
773 1233 873 1321 erigit
888 1243 923 1298 et
937 1226 1109 1308 vivificat,
1133 1246 1172 1292 ac
1188 1220 1360 1311 Spiritum
1376 1219 1536 1289 sanetum
1586 1206 1857 1289 contradiceret,
1881 1219 2025 1295 propter
2046 1207 2311 1296 ambiguitatem
2329 1233 2402 1279 non
2415 1214 2572 1281 deessent

553 1345 593 1412 in
608 1336 779 1428 huncqui
799 1334 866 1401 lide
880 1337 1114 1409 sustentatur,
1139 1320 1310 1404 effundit,
1334 1320 1404 1388 iam
1420 1319 1538 1389 domi·
1586 1305 1740 1375 lalebm
1755 1299 2054 1403 ²¹²071042257‘W·

554 1444 675 1515 cilium
699 1453 731 1507 et
748 1431 917 1523 templum
937 1425 1004 1496 Dei
1027 1436 1078 1493 est
1099 1419 1206 1491 homo
1232 1433 1393 1505 renatus,
1418 1433 1538 1489 tamen
1689 1420 1780 1493 Cum
1794 1422 1902 1510 igitur
1916 1418 2095 1491 Osiander
2112 1448 2176 1492 nec
2199 1424 2374 1513 integrum
2392 1428 2573 1498 doctrinae

555 1538 777 1614 anteferenda
796 1545 847 1600 est
863 1525 1062 1597 obedientia
1084 1519 1249 1600 attinet,
1275 1516 1330 1589 his
1346 1521 1430 1611 ipsis
1445 1520 1539 1589 divi·
1589 1546 1715 1612 corpus
1737 1522 1955 1605 recitaverit,
1981 1546 2045 1591 nec
2068 1547 2102 1591 sc
2119 1525 2308 1609 evolverit,
2334 1541 2369 1595 et
2389 1529 2427 1597 in
2440 1552 2574 1597 sermo-

557 1646 613 1714 nis
636 1636 832 1709 actionibus
850 1650 1051 1722 quanquam
1066 1622 1333 1705 excellentibus,
1359 1619 1479 1711 quales
1499 1619 1538 1686 in
1591 1624 1695 1691 nibus
1716 1622 1786 1690 suis
1803 1622 2048 1710 significaverit
2069 1647 2107 1691 se
2125 1624 2161 1691 in
2178 1627 2298 1694 multis
2313 1628 2418 1698 rebus
2434 1652 2453 1697 a
2469 1630 2574 1695 nobis

554 1742 635 1815 Elia
651 1732 840 1809 autEliseo
855 1730 956 1810 fiunt,
979 1739 1013 1797 et
1029 1724 1210 1795 retinenda
1225 1721 1430 1801 consolatio,
1456 1744 1541 1810 pro-
1591 1722 1797 1806 dissentire,
1830 1746 1903 1789 non
1925 1747 2129 1793 moveamur
2153 1725 2227 1792 eius
2246 1749 2409 1807 censura,
2441 1742 2482 1797 ut
2506 1723 2574 1795 hoc

556 1858 633 1936 pter
647 1836 881 1909 Mediatorcm
897 1825 1011 1896 Deum
1028 1838 1061 1894 et
1075 1820 1276 1906 bominem,
1301 1822 1366 1891 tibi
1382 1820 1541 1890 credenti
1591 1823 1735 1912 simplex
1750 1835 1784 1891 et
1800 1822 2022 1913 perspicuum
2039 1823 2218 1894 doctrinae
2235 1848 2354 1911 genus,
2368 1831 2462 1920 qnod
2478 1828 2573 1895 mul-

556 1937 723 2034 imputari
738 1930 923 2002 iusticiam.
966 1923 1105 1995 Omitto
1123 1938 1238 1994 autem
1254 1923 1541 2011 disputationem,
1591 1936 1706 1992 tarum
1728 1919 1964 1991 Ecclesiarum
1989 1914 2188 1993 testimonia
2220 1921 2344 2011 habet,
2378 1940 2574 2021 quaesunt

556 2036 760 2138 praesertim
775 2056 854 2101 cum
868 2043 904 2098 et
920 2028 1030 2096 multa
1045 2023 1223 2093 miscuerit
1232 2001 1410 2092 Osiauder
1426 2022 1541 2089 aliena
1592 2048 1659 2094 vor
1674 2022 1828 2113 Spiritus
1840 2024 1970 2106 sancti,
1992 2023 2214 2097 abiiciamus,

557 2171 577 2218 ὃ
599 2133 797 2234 P¹⁰l²⁰⁸i¹⁰²
831 2143 866 2199 ‘l
892 2127 1050 2243 ⁰⁰⁰⁵¹¹l¹⁰
1076 2126 1261 2242 q⁰³⁰q³m‚
1277 2122 1438 2192 5¹¹V⁰¹¹¹l³
1461 2134 1541 2192 ²³¹¹·
1692 2138 1761 2209 Sed
1780 2138 1846 2229 piis
1863 2138 2039 2207 mentibus
2056 2134 2124 2207 hoc
2139 2140 2318 2210 doctrinae
2334 2165 2460 2233 corpus
2475 2157 2574 2213 tuea-

557 2263 665 2337 quam
681 2236 875 2322 aenigmata
889 2229 1079 2299 lectoribus
1094 2225 1297 2307 tradiderit,
1325 2234 1543 2315 quaeessent
1592 2261 1693 2322 mur,
1718 2253 1753 2308 et
1774 2239 1885 2308 filium
1899 2238 1963 2307 Dei
1984 2262 2141 2323 oremus,
2167 2242 2230 2332 qni
2252 2240 2575 2332 protulifflvange.

558 2347 676 2437 μῆλον
695 2330 825 2432 ἔριδος·
1593 2341 1682 2408 lium
1698 2362 1738 2407 ex
1755 2339 1836 2407 sinu
1853 2339 1984 2408 aeterni
2006 2342 2132 2430 patris,
2157 2356 2192 2409 et
2207 2355 2258 2411 est
2274 2344 2396 2411 doctor
2411 2356 2445 2411 et
2459 2357 2574 2413 custos

658 2452 729 2524 Hic
752 2471 836 2517 vero
859 2466 939 2515 cum
966 2463 1092 2530 genera
1117 2438 1357 2508 doctrinarum
1389 2437 1544 2520 confero,
1594 2437 1769 2509 Ecclesiae
1782 2461 1884 2518 suae,
1909 2454 1949 2508 ut
1966 2440 2039 2528 ipse
2055 2464 2120 2507 nos
2133 2444 2256 2511 doceat
2271 2457 2303 2510 ct
2328 2445 2515 2531 gubernet,
2540 2458 2574 2513 et

558 2558 669 2626 vicem
684 2548 919 2622 Ecclesiamm
937 2556 1136 2612 nostrarum
1155 2540 1277 2622 doleo,
1304 2538 1341 2604 in
1358 2560 1444 2628 quas
1459 2559 1544 2627 pro-
1594 2539 1730 2630 Spiritu
1752 2563 1817 2609 suo
1840 2552 1958 2612 sancto
1977 2541 2118 2630 copulet
2137 2542 2274 2609 animos
2289 2543 2509 2626 docentium,
2535 2557 2576 2613 ut

562 2672 640 2749 pter
665 2656 754 2724 duas
775 2668 895 2717 causas
916 2642 1081 2713 facillime
1103 2641 1291 2710 incurrunt
1303 2632 1466 2705 homines
1482 2660 1544 2706 cu·
1594 2641 1634 2708 in
1657 2639 1733 2730 ipso
1753 2664 1865 2709 unum
1885 2640 2011 2723 simus,
2042 2664 2107 2710 nec
2128 2642 2281 2710 dissidiis
2305 2642 2441 2711 ledatur
2463 2644 2574 2730 gloria
2686 2662 2687 2668 ¹

560 2758 667 2840 riosi‚
695 2742 911 2847 φιλόνεικοι,
938 2757 973 2812 et
988 2740 1255 2812 contentionum
1270 2737 1385 2820 avidi,
1407 2738 1490 2829 quia
1509 2749 1544 2805 et
1593 2738 1679 2823 Dei,
1706 2764 1769 2809 nec
1784 2741 1946 2809 turbetur
1961 2740 2155 2825 invocatio,
2181 2744 2239 2811 sed
2256 2764 2392 2832 semper
2405 2743 2498 2810 inter
2510 2766 2575 2810 nos

558 2871 675 2930 totum
697 2850 879 2921 d0ffll¹¹²e
898 2865 1025 2935 ⁰⁰fl²¹¹⁸
1048 2842 1252 2919 ‘dldtrssnls
1276 2862 1319 2907 ac
1332 2839 1430 2906 velut
1451 2838 1547 2906 inte·
1594 2841 1735 2929 colligat
1756 2837 1967 2921 Ecclesiam,
1992 2842 2048 2908 cui
2075 2823 2130 2909 ir?
2135 2843 2232 2910 omni
2255 2843 2457 2911 aeternitate
2477 2866 2576 2911 suam
2665 2871 2675 2886 a

559 2979 662 3048 grum
675 2951 872 3023 aedificium
887 2945 1112 3035 spectandum
1128 2941 1331 3021 ostendunt,
1357 2950 1391 3007 et
1406 2936 1545 3027 simpli·
1595 2941 1814 3031 sapientiam,
1839 2940 2011 3008 iusticiam
2031 2954 2066 3008 et
2085 2942 2256 3009 laeticiam
2271 2943 2516 3025 communicet,
2542 2957 2577 3012 et

560 3059 700 3129 citatem
715 3048 974 3144 quaesivemnt,
999 3057 1040 3112 ut
1052 3041 1151 3133 qnasi
1165 3041 1292 3121 nudae,
1318 3037 1546 3129 nonpossint
1596 3065 1684 3131 quae
1702 3040 1854 3109 vicissim
1877 3064 1957 3108 eum
1974 3063 2054 3106 vera
2078 3041 2292 3129 gratitudine
2310 3041 2398 3111 laeta
2416 3043 2577 3126 celebret,

561 3181 598 3227 se
622 3153 783 3239 ambigue
806 3146 908 3215 dictis
929 3141 1131 3223 involvere,
1154 3164 1236 3209 cum
1251 3140 1410 3207 membra
1425 3138 1546 3231 aliqua
1596 3137 1723 3213 Amen,
1773 3138 1866 3208 Dixi,

542 3249 842 3328 ‘cavillationibus
862 3242 1126 3314 concutiuntur.
1601 3326 1760 3337 ......

658 3366 779 3441 Facile
795 3374 848 3433 est
861 3372 979 3431 autem
995 3358 1171 3447 integrum
1185 3356 1381 3427 aedificium
1402 3356 1546 3427 intuen-

559 3494 613 3550 tes
636 3467 797 3541 invenire
821 3463 957 3554 aliquid
971 3460 1067 3552 quod
1090 3452 1301 3548 reprehendi
1326 3459 1446 3549 possit.
1498 3454 1547 3526 Et
1597 3452 1663 3523 No.
1683 3451 1765 3520 tas.
2406 3479 2455 3519 „,‚
2473 3458 2564 3520 1553.

560 3574 700 3651 facilius
715 3581 767 3639 est
786 3587 868 3635 cum
891 3561 1009 3629 omnia
1025 3559 1164 3628 evoluta
1186 3572 1221 3628 et
1235 3559 1333 3651 quasi
1355 3560 1450 3628 nuda
1467 3581 1548 3649 spe·
1604 3542 1773 3575 Μ
2401 3544 2570 3574 *νυ

559 3688 714 3750 ctantur.
775 3664 822 3736 At
846 3662 901 3731 illi
916 3658 1038 3730 Critici
1059 3672 1171 3729 astute
1193 3672 1336 3743 cavent,
1363 3682 1408 3727 ne
1431 3671 1546 3728 totum
1814 3629 1889 3712 De
1913 3637 2167 3710 reverentia
2189 3632 2360 3736 legum.

563 3798 691 3866 corpus
709 3766 888 3839 doetrinae
903 3764 1092 3879 ed·zant,·ne
1106 3762 1149 3829 de
1163 3760 1248 3877 ipsis
1263 3759 1410 3829 iudicari
1425 3760 1547 3851 possit,
1665 3800 1696 3857 ¹„
1714 3802 1803 3855 neten.
1818 3800 1941 3854 nectem.
1956 3797 1987 3850 T·
1998 3795 2047 3849 lv·
2065 3815 2090 3864 ρ,
2107 3797 2244 3867 10qu
2259 3796 2374 3850 sm·
2388 3796 2422 3848 T·
2435 3799 2483 3850 W·
2501 3799 2579 3869 pm·

564 3878 693 3951 deinde
719 3871 823 3940 etiam
844 3865 977 3956 siquid
1001 3863 1143 3945 dicunt,
1170 3875 1316 3929 miscent
1331 3861 1494 3950 ambigua
1513 3873 1548 3927 et
1699 3879 1726 3923 et
1740 3869 1867 3923 tttetard.
1880 3867 1957 3922 T.tt.
1977 3885 2003 3937 p.
2015 3863 2073 3917 4⁶7.

562 3983 710 4070 figuras,
737 3984 778 4039 ut
800 3963 952 4036 habeant
966 3974 1123 4051 receptus
1139 3974 1172 4029 et
1188 3954 1438 4058 κρησφύγετα.
1472 3957 1547 4029 Nos

562 4076 683 4151 miseri
698 4070 895 4164 plectimur,
911 4063 994 4155 quia
1009 4063 1095 4131 tales
1112 4062 1263 4130 latebras
1277 4085 1351 4129 nou
1367 4056 1547 4130 habemus.

660 4189 714 4263 Ut
728 4201 844 4257 autem
859 4181 996 4251 facilius
1011 4192 1044 4247 ct
1059 4180 1171 4249 tutius
1185 4192 1236 4246 est
1253 4202 1364 4247 unum
1380 4190 1440 4247 aut
1458 4176 1548 4243 alte·

561 4318 642 4367 rum
676 4312 819 4369 versum
852 4286 890 4350 in
918 4280 1063 4366 Vergilii
1090 4276 1246 4350 Aeneide
1277 4273 1546 4366 reprehendere,

562 4418 669 4489 quam
697 4391 870 4474 integram
895 4378 1084 4450 Aeneidem
1114 4380 1283 4461 scribere,
1315 4378 1363 4447 ita
1386 4376 1488 4445 facile
1513 4389 1549 4444 et
1599 4360 1702 4440 Vero
1724 4383 1862 4459 pectore
1886 4385 1919 4439 et
1942 4372 2040 4440 firma
2064 4372 2132 4440 lide
2151 4375 2299 4442 adfirmo
2323 4369 2484 4444 homines
2508 4399 2580 4441 non

564 4498 641 4566 sine
658 4488 813 4582 periculo
836 4483 1013 4572 arripiunt
1026 4480 1088 4548 alii
1103 4481 1171 4548 alia
1194 4480 1349 4547 membra
1367 4500 1407 4544 cx
1428 4487 1547 4544 nostra
1599 4494 1679 4540 casu
1695 4471 1831 4551 vivere,
1858 4473 1917 4540 sed
1934 4469 2048 4541 Deum
2070 4488 2270 4558 aeternum,
2293 4477 2404 4568 quise
2423 4476 2582 4565 patefecit

563 4593 735 4671 doctrina,
759 4599 794 4656 cl
810 4609 850 4654 ea
866 4582 1085 4663 cavillantur,
1103 4604 1142 4648 ac
1155 4602 1257 4669 saepe
1272 4573 1456 4644 horribilia
1473 4575 1547 4642 dis·
1600 4572 1705 4638 misso
1724 4571 1811 4653 lilio,
1833 4569 1987 4640 Domino
2004 4586 2123 4641 nostro
2140 4571 2216 4644 lesu
2234 4573 2395 4658 Christo,
2420 4575 2581 4643 condito-

555 4695 652 4767 ·sidia
671 4690 861 4759 multarum
885 4683 1041 4772 gentium
1065 4681 1230 4749 oriuntur
1252 4676 1390 4745 initioa
1412 4674 1549 4740 levissi-
1599 4696 1671 4740 rem
1688 4671 1824 4758 generis
1841 4667 2006 4756 humani,
2033 4697 2113 4741 vere
2130 4697 2202 4742 esse
2225 4677 2354 4743 fontem
2373 4689 2407 4744 et
2422 4678 2581 4744 datorem

561 4788 849 4866 miscalumniis,
872 4799 914 4854 ut
936 4778 1023 4851 baec
1039 4779 1185 4849 malain
1202 4799 1304 4845 versu
1323 4770 1549 4864 Empedoclis
1600 4772 1710 4850 vitae,
1743 4772 1833 4841 sicut
1857 4774 2025 4863 scriptum
2051 4788 2116 4842 est:
2159 4773 2234 4864 lpse
2266 4790 2319 4843 est
2340 4776 2410 4843 vita
2438 4789 2518 4859 tua,
2549 4790 2584 4845 et

559 4893 825 4966 describuntur:
1600 4871 1783 4959 longitudo
1802 4873 1937 4941 dierum
1963 4889 2118 4944 tuorum.

571 5018 581 5027 ’
668 5007 763 5091 W&
784 4999 824 5084 da}
845 4995 1033 5080 t99⁰¹⁶l⁰t⁰f
1053 4989 1115 5071 itti
1134 4989 1236 5055 “fult
1257 4991 1403 5068 terassa.
1700 4986 1793 5058 Huic
1810 4986 1886 5057 Deo
1902 4991 2078 5059 conditori
2093 4991 2219 5078 gratias
2236 5011 2320 5075 ago,
2344 4991 2438 5079 quod
2456 5004 2489 5059 et
2504 5006 2582 5062 tan-

562 5110 688 5187 Edidit
710 5123 788 5178 ante
805 5101 999 5174 triennium
1019 5092 1197 5164 Osiander
1216 5093 1385 5177 scriptum
1403 5091 1550 5158 seditio·
1601 5105 1674 5160 tum
1689 5090 1781 5157 vitae
1803 5088 1955 5180 spacium
1977 5087 2065 5158 mihi
2088 5090 2229 5173 tribuit,
2253 5103 2286 5156 et
2308 5113 2364 5156 me
2380 5092 2515 5160 vocavit
2536 5092 2578 5155 ad

561 5239 661 5297 sum,
685 5212 750 5281 ubi
768 5231 833 5276 sno
849 5224 958 5282 more,
986 5209 1024 5265 ut
1039 5191 1191 5279 Gorgias
1205 5206 1266 5260 ant
1278 5189 1429 5282 Hippias
1446 5192 1549 5261 initio
1600 5191 1813 5280 agnitionem
1830 5191 1892 5258 filii
1915 5193 1970 5276 sni
1986 5189 2133 5260 Domini
2150 5190 2261 5258 nostri
2280 5189 2355 5257 lesu
2370 5187 2519 5267 Christi,
2547 5201 2581 5254 et

563 5340 667 5408 preco
692 5328 743 5382 est
760 5328 845 5375 attae
867 5296 1078 5386 sapientiae,
1105 5305 1140 5360 et
1161 5291 1249 5359 alios
1273 5293 1466 5382 vituperat,
1491 5293 1550 5361 in·
1597 5295 1643 5360 ad
1670 5293 1823 5373 labores,
1857 5287 2023 5360 honestae
2039 5288 2290 5382 gubernationi
2318 5285 2499 5358 hominum
2524 5309 2581 5354 sa·

562 5417 700 5510 quiens,
725 5435 760 5478 se
774 5408 944 5491 legentem
961 5396 1112 5461 aliorum
1129 5392 1255 5482 scripta
1270 5394 1313 5459 de
1333 5393 1473 5480 politico
1489 5415 1548 5461 or·
1601 5394 1741 5462 lutares.

564 5518 648 5593 diue
665 5526 701 5582 et
718 5496 994 5589 Magistratibus,
1018 5492 1146 5560 vidisse
1160 5516 1219 5561 eos
1235 5488 1327 5563 nihil
1342 5494 1547 5582 intelligere.
1701 5507 1776 5578 Etsi
1791 5524 1906 5593 ,utem
1919 5509 2029 5577 mult,
2041 5532 2116 5577 me,
2132 5523 2267 5597 peccat,
2282 5525 2441 5590 agnosco,
2454 5516 2489 5571 eg
2500 5528 2581 5572 vem

663 5621 737 5692 set
775 5640 810 5686 se
851 5611 1015 5704 mysteria
1049 5603 1134 5679 haec
1172 5612 1425 5699 patefacturum
1463 5634 1548 5680 esse.
1601 5610 1723 5678 dolore
1749 5612 1915 5701 deploro,
1948 5623 2063 5677 tamen
2093 5610 2162 5677 lide
2189 5602 2335 5677 Domini
2364 5604 2476 5672 nostri
2504 5601 2583 5674 lesu

566 5730 691 5800 Postea
706 5717 843 5811 iuquit,
862 5713 971 5781 solius
985 5710 1048 5781 Dei
1060 5731 1137 5777 esse
1151 5709 1311 5800 imperia,
1331 5724 1365 5779 et
1380 5712 1549 5800 tantisper
1601 5706 1732 5781 Christi
1752 5736 1805 5780 me
1818 5723 1998 5792 sustento,
2024 5724 2058 5777 et
2073 5709 2186 5778 Deum
2208 5707 2355 5785 invoco,
2382 5727 2519 5788 acero,
2544 5718 2585 5773 nt

567 5823 729 5897 homines
748 5816 953 5890 tolerandos
972 5834 1049 5881 csse
1071 5811 1107 5881 in
1126 5811 1402 5899 gubernatione,
1436 5814 1549 5882 donec
1602 5806 1692 5879 hanc
1707 5826 1882 5884 senectam
1898 5833 2010 5878 meam
2026 5824 2135 5897 regat,
2157 5805 2331 5888 etfaciat,
2352 5806 2585 5876 utmeilabu·

1598 4031 1726 4098 Oratio
1750 4027 1797 4098 da
1821 4030 1867 4098 D.
1894 4029 2015 4095 Hier.
2041 4027 2072 4094 S
2081 4020 2309 4125 clturpltio
2337 4026 2580 4120 Sangallense·

1598 4127 1729 4200 habitu
1764 4134 1804 4198 e'n
1834 4128 2066 4218 promotione
2092 4126 2139 4193 D.
2166 4128 2320 4196 loannis
2354 4147 2378 4195 a
2403 4127 2580 4214 Borclcen,

1979 4228 2205 4296 Bremensis.
