6025 6775
487 662 565 740 ’185
732 645 944 732 SCRIPTA
968 646 1046 723 PH.
1070 639 1189 721 MEL.
1212 641 1282 716 AD
1305 635 1437 716 mar.
1462 638 1609 720 PROF.
1634 638 1702 716 ΕΤ
1727 636 1921 716 PHlLOS.
1948 638 2271 718 SPECTANTIA.
2438 648 2516 723 tto

589 830 755 926 Denique
775 826 921 897 usitatas
943 820 1053 893 inisse
1079 837 1288 905 magnarum
1318 816 1477 905 gentium
1527 816 1692 887 dixerunt
1704 806 1894 906 Νομάδες,
1919 812 2046 897 idest,
2070 815 2225 888 subinde
2239 815 2309 887 alia
2329 838 2456 909 pascua
2476 837 2512 895 ει

491 914 723 1027 migrationes
745 923 839 999 nihil
862 924 1013 995 dubium
1035 932 1097 994 est.
1156 917 1269 1008 Saepe
1292 917 1397 991 etiam
1421 917 1479 987 di-
1527 917 1689 998 alialoca
1704 929 1924 1009 quaerentes.
2468 923 2502 1000 5

373 1061 378 1072 ’
493 1061 615 1110 versae
628 1047 748 1126 gentes
762 1027 972 1100 coniunctae
987 1033 1090 1105 sunt,
1113 1033 1150 1093 et
1169 1021 1267 1089 sedes
1290 1020 1328 1087 in
1350 1018 1479 1088 vicinis
1629 1013 1660 1086 S
1667 1025 1851 1086 armata
1885 1016 2013 1086 rectius
2034 1013 2249 1091 Sauromata
2271 1034 2346 1108 est,
2386 1023 2511 1109 idest,

494 1142 583 1213 loeis
607 1145 814 1226 coeperunt,
845 1141 888 1200 ut
907 1125 1133 1195 manifestum
1158 1135 1227 1206 est,
1260 1118 1478 1192 Teutonicae
1529 1119 1610 1193 Dux
1634 1119 1846 1189 altitudinis.
1908 1116 2015 1206 Quod
2037 1117 2202 1208 intelligo
2223 1123 2269 1191 de
2291 1124 2439 1212 regione
2459 1149 2516 1196 ar·

496 1240 592 1331 genti
612 1225 821 1332 permixtam
842 1250 915 1300 esse
933 1225 1126 1308 Henetam,
1157 1234 1192 1293 et
1215 1222 1301 1292 inde
1322 1244 1435 1314 usque
1459 1244 1480 1290 a
1529 1224 1618 1305 dua,
1658 1222 1741 1313 quia
1768 1219 1918 1309 assurgit
1948 1231 2040 1289 terra
2070 1243 2191 1290 versus
2215 1221 2519 1315 Septentrionem,

497 1336 678 1435 Carpatho
692 1338 735 1407 ad
754 1332 876 1404 Albim
890 1331 989 1400 sedes
1002 1325 1218 1417 promiscuas
1235 1318 1412 1393 habuisse.
1530 1321 1631 1416 quasi
1646 1322 1760 1407 dicas,
1791 1322 1916 1392 ducem
1937 1319 2128 1412 superioris
2148 1324 2315 1412 regionis.
2366 1325 2424 1397 Ex
2450 1353 2519 1399 no.

601 1440 699 1530 Quid
714 1458 811 1505 nunc
824 1430 986 1505 usitatius
1002 1441 1054 1497 est
1067 1428 1286 1520 privatorum
1299 1423 1482 1513 migratio·
1531 1424 1629 1492 mine
1653 1422 1813 1495 Sarmata
1841 1423 2003 1493 existimo
2029 1421 2159 1492 lactum
2178 1446 2250 1494 esse
2273 1451 2410 1497 nornen
2432 1426 2466 1499 S
2472 1453 2521 1500 o·

418 1585 421 1594 ·
499 1542 630 1615 nibus?
660 1560 812 1633 quarum
842 1529 1077 1605 consideratio
1108 1526 1398 1597 commonefaciat
1416 1547 1481 1594 nos
1534 1521 1657 1605 rabi,
1683 1525 1804 1616 paucis
1818 1525 1931 1594 literis
1946 1522 2110 1610 mutatis,
2135 1548 2223 1617 quae
2238 1530 2427 1620 appellatio
2449 1533 2517 1600 acl-

500 1650 545 1715 de
574 1640 817 1712 imbecillitate
845 1656 965 1704 rerum
994 1626 1252 1713 humanarum,
1284 1641 1324 1697 ut
1351 1625 1483 1716 cogite·
1533 1622 1604 1697 huc
1626 1640 1676 1697 est
1698 1649 1844 1716 magnas
1867 1625 2022 1715 regionis
2044 1625 2084 1693 in
2108 1622 2250 1720 Illyrico
2277 1623 2416 1703 Serota.
2465 1629 2516 1702 Et

501 1767 599 1825 mus,
625 1740 775 1814 Unicam
791 1760 867 1807 esse
886 1745 1092 1825 perpetuam
1113 1729 1265 1821 patriam
1286 1727 1483 1810 coelestem,
1534 1729 1573 1796 in
1590 1724 1737 1798 historia
1751 1726 1872 1797 Caroli
1885 1726 2012 1815 Magni
2027 1726 2174 1817 legitur,
2199 1730 2244 1797 ad
2258 1728 2376 1802 Salam
2388 1733 2435 1803 ab
2454 1755 2515 1802 eo·

502 1843 594 1916 hane
618 1841 847 1934 expetendam
869 1857 959 1926 esse,
1000 1849 1034 1905 et
1060 1832 1202 1903 adeam
1224 1830 1484 1923 praeparandos
1533 1832 1613 1899 dem
1631 1830 1785 1899 domitos
1808 1852 1882 1898 esse
1895 1826 2062 1899 Sorabos.
2116 1826 2189 1901 Ubi
2209 1825 2325 1904 adhuc
2343 1847 2427 1906 sunt
2446 1855 2515 1904 nu-

501 1968 576 2019 esse
592 1946 731 2014 animos
747 1953 899 2010 nostros.
1534 1932 1631 1999 mina
1647 1928 1785 2000 Sorben
1801 1928 2022 2003 etzorbeck.

604 2036 808 2140 Riphea,
830 2027 1124 2133 indeRipltei‚
1147 2035 1184 2103 id
1201 2046 1281 2119 est‚·
1298 2028 1484 2122 Gigantes.
1638 2029 1736 2101 lnter
1753 2030 1845 2104 lilios
1861 2029 1944 2101 Sem
1966 2031 2005 2100 in
2031 2028 2149 2122 primo
2171 2034 2266 2104 libro
2283 2036 2517 2131 Παραιειπο-

503 2146 693 2220 Notissima
719 2158 770 2214 εει
791 2154 907 2212 autern
930 2137 1118 2230 appellatio
1132 2131 1358 2226 Ripheorum
1380 2156 1486 2202 mon·
1515 2139 1517 2144 '
1533 2126 1660 2224 μένων
1676 2155 1750 2224 cap.
1767 2134 1798 2205 1.
1815 2133 2018 2204 nominatus
2034 2147 2088 2220 est
2102 2127 2293 2220 Gathar,
2319 2160 2425 2230 aquo
2440 2132 2516 2205 Ge-

503 2250 610 2334 tium,
635 2245 822 2339 dequibus
837 2240 903 2312 etsi
918 2240 1005 2332 quid
1022 2237 1269 2319 alliseribant,
1293 2242 1369 2304 non
1384 2235 1486 2322 igno-
1536 2247 1588 2305 tas
1604 2246 1700 2303 ortos
1715 2256 1789 2303 esse
1806 2247 2079 2306 consentaneum
2093 2249 2156 2309 est.

506 2375 566 2429 ro,
590 2345 764 2419 tamenin
783 2337 1231 2433 illaparteSeptentrionis
1255 2332 1342 2405 haec
1365 2334 1486 2424 appel·
1630 2332 1747 2406 'Getas
1774 2348 1890 2405 autem
1917 2331 2046 2408 Gottos
2070 2350 2190 2426 postea
2216 2337 2423 2408 nominatos
2444 2358 2518 2407 csse

506 2450 592 2520 latio
616 2446 841 2519 celeberrima
864 2440 951 2523 fnit,
975 2439 1015 2507 iu
1037 2463 1106 2531 qua
1127 2439 1273 2508 luenrnt
1294 2434 1485 2517 Sarmatae,
1534 2459 1611 2504 non
1625 2437 1775 2506 dubium
1791 2450 1861 2522 εει,
1887 2437 1950 2530 qui
1966 2437 2134 2526 progressi
2150 2439 2343 2509 'tenuerunt
2360 2461 2439 2508 eam
2460 2461 2518 2508 re-

507 2565 542 2622 et
569 2551 663 2619 inter
685 2547 864 2618 Sarmatas
884 2539 1035 2625 Heneti,
1074 2539 1164 2611 sicut
1185 2536 1407 2607 Ptolemaeus
1427 2534 1486 2606 in·
1520 2537 1695 2625 ,gionom‚
1723 2562 1812 2630 quae
1834 2562 1930 2608 nunc
1952 2532 2328 2624 Wallacb'udicitor,
2353 2552 2389 2610 et
2411 2523 2519 2610 ocen-

505 2651 596 2742 quit‚
622 2649 861 2720 Sarmatarum
876 2654 1015 2731 gentem
1029 2640 1217 2708 maximam
1225 2636 1381 2707 Henetus
1397 2660 1485 2708 esse:
1536 2652 1708 2728 paverunt
1722 2639 1833 2730 ripam
1843 2637 2010 2720 Fistulae,
2037 2652 2073 2709 et
2087 2637 2246 2710 Sueciam
2258 2652 2293 2710 et
2307 2638 2440 2707 vicinas
2455 2662 2516 2725 ref

507 2749 663 2822 Nomino
679 2762 796 2818 autem
809 2739 857 2812 H
860 2748 957 2812 anet
968 2763 1014 2808 os
1029 2762 1163 2825 omnes,
1182 2740 1386 2832 ubicunque
1400 2762 1486 2808 con·
1535 2739 1668 2827 gioncs,
1684 2740 1888 2810 ubinomen
1899 2735 2179 2816 haesitGotthia.
2209 2738 2384 2828 Significat
2393 2750 2515 2810 autem

506 2854 691 2933 sederunt,
716 2846 784 2938 qui
816 2845 938 2933 lingua
955 2839 1127 2912 Polonica
1150 2854 1320 2926 utuntur,
1349 2839 1486 2909 etiamsi
1537 2835 1633 2910 Geth
1649 2842 1792 2912 molam.
1845 2836 1981 2920 Gether
2005 2842 2174 2912 dominus
2186 2840 2326 2926 molae,
2342 2841 2514 2935 ¹fortassis

507 2951 665 3028 dialectis
680 2947 862 3020 differunt.
1049 2941 1052 2952 ’
1536 2943 1620 3033 quia
1635 2943 1821 3031 posteritas
1835 2941 1913 3012 loca
1925 2940 2105 3022 uberrima
2120 2942 2249 3014 tenuit.

602 3050 677 3124 Nec
698 3050 873 3137 discrepat
893 3043 940 3115 ab
963 3039 1030 3114 hac
1050 3056 1170 3115 nostra
1194 3040 1486 3134 interpretatione
1637 3037 1746 3115 Getas
1775 3056 1892 3114 autem
1915 3043 2050 3113 locutos
2071 3066 2144 3113 esse
2167 3041 2365 3114 Teutonica
2393 3042 2519 3131 lingua

505 3147 728 3244 Ripheorum
748 3143 936 3240 Iosephus,
962 3144 1026 3237 qui
1048 3146 1117 3230 ait,
1141 3167 1160 3213 a
1180 3137 1486 3236 RiphatPaphla-
1534 3168 1611 3214 non
1622 3145 1770 3216 dubium
1785 3158 1847 3215 est.
1898 3141 2060 3216 Fuerunt
2074 3167 2162 3234 ergo
2183 3143 2285 3214 mixti
2306 3143 2405 3233 genti
2419 3141 2519 3214 Teu·

506 3278 614 3344 gones
626 3267 723 3325 ortos
738 3273 830 3335 esse,
855 3270 1008 3342 quorum
1027 3245 1215 3338 appellatio
1230 3243 1404 3336 posterior
1424 3255 1485 3318 est.
1536 3246 1689 3328 tonicae,
1714 3268 1805 3338 quae
1820 3269 1952 3316 nomen
1965 3244 2093 3317 habuit
2107 3243 2303 3322 Tuiscones
2317 3248 2363 3316 ab
2370 3239 2521 3326 Ascane,

506 3352 597 3428 Nam
618 3356 657 3425 in
680 3379 721 3426 eo
744 3353 820 3442 ipso
836 3350 934 3432 loeo,
966 3371 1071 3441 quern
1097 3340 1340 3439 Paphlagones
1362 3358 1486 3417 tenue·
1535 3361 1575 3439 ut
1605 3369 1712 3439 supra
1738 3346 1873 3419 dictum
1902 3360 1972 3434 est,
2004 3349 2102 3442 quod
2126 3342 2242 3418 adhuc
2262 3347 2432 3430 usitatum
2456 3360 2520 3419 est·

508 3471 609 3537 runt,
635 3458 742 3551 luisse
762 3452 918 3541 Henetus
944 3475 986 3521 ex
1006 3447 1163 3518 Homero
1188 3462 1223 3518 et
1244 3445 1484 3537 Argonautico
1535 3447 1640 3520 Unde
1654 3462 1772 3521 autem
1785 3450 1833 3520 sit
1848 3474 1987 3529 nomen,
1996 3447 2188 3530 Germani,
2212 3450 2311 3542 quod
2332 3448 2421 3519 olim
2442 3449 2519 3519 usi.

508 3557 663 3628 carmine
676 3568 829 3646 apparet.
854 3551 913 3624 Sic
928 3551 1023 3621 enim'
1040 3549 1157 3641 inquit
1172 3543 1403 3637 Apollonius:
1535 3550 1642 3620 tatius
1656 3551 1741 3632 fuit,
1767 3551 1900 3622 mirum
1923 3565 1986 3623 est.
2039 3549 2194 3640 Quidam
2209 3551 2327 3641 inepte
2341 3550 2481 3641 lingunt
2497 3573 2519 3625 a

602 3649 841 3738 Παφλαγόνων»
861 3657 959 3714 τοῖσιν
977 3646 1011 3710 δ’
1028 3641 1182 3728 Ἕιέῐῆῗῡς
1202 3645 1391 3727 ἶμβασᾶινέ·
1534 3647 1707 3721 Romanis
1730 3665 1872 3722 nostros
1894 3647 2057 3723 homines
2077 3653 2190 3723 dictos
2215 3674 2288 3722 esse
2306 3648 2520 3737 Germanos,

607 3754 788 3845 Progressi
802 3766 917 3825 antem
931 3750 1063 3822 Heneti
1080 3749 1117 3817 in
1141 3749 1260 3818 littore
1280 3748 1388 3817 maris
1408 3742 1486 3817 Eu·
1535 3750 1571 3822 id
1586 3764 1655 3833 est,
1680 3752 1806 3821 fratres
1822 3751 2030 3843 Gallorum,
2056 3754 2152 3847 quod
2168 3753 2300 3843 lingua,
2324 3747 2469 3826 habitus
2483 3767 2519 3825 et

506 3858 602 3938 rini,
628 3857 893 3947 compleverunt
920 3872 1083 3941 maguam
1113 3862 1248 3941 partem
1271 3847 1391 3919 lateris
1414 3844 1486 3916 Ar·
1534 3876 1649 3931 mores
1665 3850 1854 3922 Gallorum
1869 3865 1904 3924 et
1918 3851 2124 3924 Teutonum
2139 3854 2272 3925 similes
2288 3869 2416 3930 essent.

507 3961 579 4032 etoi
592 3958 631 4029 in
649 3955 804 4048 liuropa,
818 3969 853 4027 et
869 3949 985 4026 adhuc
1001 3962 1123 4021 tenent
1136 3972 1193 4020 eas
1208 3950 1379 4041 regiones,
1396 3972 1486 4040 quae
1635 3952 1741 4025 Unde
1753 3967 1872 4026 autem
1886 3978 2018 4025 nomen
2039 3954 2085 4027 sit
2101 3951 2310 4044 Gallorum,
2334 3951 2426 4027 nihil
2447 3956 2517 4025 du.

505 4085 601 4133 nunc
632 4061 884 4151 nominantur,
931 4052 1061 4126 Russia
1092 4051 1279 4137 Lituania,
1313 4042 1484 4120 Polonia.
1533 4053 1633 4125 bium
1659 4069 1721 4126 est.
1768 4032 1864 4143 Ham
1887 4056 2016 4131 meleu
2037 4057 2076 4125 in
2097 4056 2222 4148 lingui
2246 4056 2444 4143 Teutonico¹
2464 4058 2517 4128 si·

504 4159 555 4235 Et
582 4164 704 4252 lingua
729 4174 764 4232 et
790 4180 922 4228 nomen
943 4152 1099 4225 Venetae
1126 4154 1280 4244 regionis
1300 4153 1346 4222 ad
1366 4152 1484 4222 sinum
1534 4155 1674 4246 gnificat
1688 4156 1918 4249 peregrinari,
1929 4144 1967 4227 ¹et
1981 4157 2119 4251 aliquas
2134 4173 2273 4230 nostras
2287 4151 2516 4250 gentesRhe-

440 4314 444 4329 .
504 4261 728 4336 Adriaticum
758 4262 968 4341 ostendunt,
1006 4254 1165 4325 Henetos
1186 4255 1226 4326 in
1249 4254 1430 4348 lllyricum
1451 4265 1486 4323 et
1534 4282 1622 4327 num
1642 4269 1872 4353 transgressas
1892 4258 1931 4328 in
1954 4257 2043 4329 locis
2066 4246 2513 4331 fertilioribuseonsedisse

503 4366 639 4438 vicinas
653 4365 812 4455 regiones
827 4379 1029 4452 progressos
1045 4379 1136 4441 esse,
1161 4356 1234 4425 sive
1248 4357 1293 4426 ab
1303 4351 1485 4451 Antenore
1533 4357 1680 4428 nomina
1698 4360 1906 4443 ostendunt,
1926 4372 1966 4429 ut
1985 4356 2144 4453 Tungri,
2168 4358 2339 4441 Senones,
2362 4368 2398 4426 et
2417 4353 2511 4425 aliae

504 4490 545 4538 eo
568 4451 665 4540 ducti
687 4480 771 4538 sunt
797 4487 840 4532 ex
861 4457 965 4541 Asia,
990 4458 1064 4526 sive
1083 4480 1162 4526 cum
1183 4457 1253 4526 iam
1275 4455 1314 4525 in
1339 4451 1484 4547 Europa
1533 4462 1705 4554 quaedam
1727 4459 1993 4552 appellationes.
2051 4455 2326 4549 Nomen'igitnr
2350 4456 2516 4527 universi

503 4583 639 4653 essent,
670 4565 840 4659 paulatim
862 4563 941 4632 aliis
963 4558 1207 4631 occasionibus
1227 4558 1273 4626 ad
1293 4555 1484 4626 Meridiem
1532 4561 1825 4657 aperegrinando
1841 4552 1910 4631 sibi
1927 4561 2132 4633 indiderunt
2150 4554 2323 4643 wellen,
2345 4559 2443 4650 quod
2460 4572 2518 4631 est

505 4681 749 4759 processerunt
775 4666 814 4734 in
845 4679 956 4734 terras
975 4661 1152 4743 mitiores,
1184 4658 1304 4728 minos
1326 4657 1485 4749 frigidas,
1533 4657 1643 4731 Galli.
1694 4658 1768 4731 Nec
1790 4686 1875 4732 vero
1895 4662 2166 4755 appellationem
2192 4655 2409 4737 Germaniae
2428 4659 2517 4731 lati-

505 4781 540 4839 et
553 4768 695 4857 frugum
711 4779 745 4835 et
757 4764 831 4831 vini
847 4762 987 4837 feraces.
1039 4758 1128 4830 lnde
1140 4759 1243 4829 effusi
1258 4771 1342 4830 sunt
1358 4760 1397 4829 in
1419 4753 1484 4830 has
1531 4784 1615 4831 nam
1630 4782 1704 4831 esse
1719 4762 1895 4851 arbitror,
1920 4764 1981 4835 sed
2004 4783 2083 4833 cnm
2104 4759 2233 4832 iisdem
2254 4761 2399 4857 syllabis
2416 4763 2515 4852 apnd

475 4878 479 4885 '
504 4869 666 4960 regiones
697 4865 791 4934 inter
810 4859 982 4933 Fistulam
1008 4874 1044 4932 et
1066 4855 1210 4947 Albim,
1231 4874 1268 4932 et
1287 4883 1483 4950 occupave-
1530 4860 1754 4935 Herodotum
1776 4864 2028 4957 appellationes
2050 4852 2246 4950 Gentium,
2277 4886 2367 4955 quae
2394 4860 2516 4935 Persis

502 4984 590 5042 runt
610 4966 836 5049 Boiemiam,
859 4962 899 5032 in
923 4985 994 5056 qua
1017 4974 1118 5032 antea
1138 4962 1280 5034 fuerant
1300 4959 1481 5032 Hermun·
1530 4964 1669 5035 vicinae
1689 4966 1855 5054 fuerunt,
1885 4967 1957 5038 sint
1976 4954 2200 5059 Γερμάνιοι,
2231 4956 2344 5050 Δάοι,
2370 4955 2517 5054 Σάκαι,
2548 4989 2555 4997 ·

502 5071 586 5142 duri
611 5084 647 5141 et
672 5067 772 5149 Boii,
803 5078 841 5139 st
872 5064 1137 5157 compleverunt
1168 5065 1269 5138 littus
1293 5061 1482 5151 Bellicum,
1530 5065 1615 5136 inde
1628 5065 1912 5161 etiamaCaspio
1934 5067 2026 5139 mari
2041 5066 2210 5160 paulatim
2225 5088 2425 5158 progressas
2440 5089 2516 5136 esse

501 5173 742 5268 undenomen
754 5183 806 5240 est
823 5168 865 5237 in
878 5165 1019 5238 Prussia
1033 5167 1133 5238 sinus
1146 5163 1330 5240 Venetici.
1440 5170 1444 5176 ’
1529 5167 1702 5256 arbitror,
1725 5170 1898 5261 fugientes
1912 5168 2007 5241 bella
2024 5180 2088 5243 aut
2101 5168 2339 5264 tyrannidem.

587 5271 695 5347 ·Cum
710 5272 818 5362 igitur
831 5291 994 5358 magnam
1008 5263 1174 5360 Europae
1198 5279 1334 5359 partem
1356 5276 1481 5342 tenue-
1629 5268 1802 5343 Fortassis
1817 5284 1857 5341 ut
1872 5270 2047 5363 discerent
2063 5270 2109 5340 ab
2124 5264 2274 5361 ethnicis
2288 5264 2404 5348 idolis,
2424 5261 2513 5336 hor·

497 5378 572 5452 rint
596 5373 745 5460 Heneti,
777 5384 813 5442 et
833 5366 950 5442 adhue
972 5381 1129 5451 teneant,
1161 5381 1196 5437 et
1220 5389 1348 5457 magna
1370 5388 1480 5456 regna
1528 5381 1658 5441 tatores
1675 5385 1709 5444 et
1728 5374 1892 5445 ductores
1908 5368 2085 5443 lsraie'litas
2099 5363 2323 5455 habuerunt,
2348 5366 2515 5465 aquibus

496 5478 766 5563 constituerint,
792 5473 941 5545 consilio
958 5485 993 5541 ει
1007 5469 1139 5539 virtute
1154 5489 1215 5535 eos
1234 5468 1479 5541 antecelluisse
1526 5472 1724 5541 doctrinam
1747 5472 1792 5541 de
1814 5493 1899 5542 vero
1924 5469 2019 5558 Deo,
2051 5485 2086 5542 et
2106 5470 2194 5542 alias
2223 5466 2389 5542 honestas
2417 5469 2515 5558 leges
2546 5488 2554 5501 ·

494 5607 569 5657 non
589 5581 742 5653 dubium
765 5590 828 5650 est.
886 5573 979 5645 Sunt
1005 5569 1153 5657 igitnra
1175 5563 1314 5657 Riphat
1332 5562 1478 5661 Riphei,
1525 5573 1657 5642 multos
1671 5570 1710 5639 in
1725 5567 1877 5644 Oriente
1891 5573 2057 5644 didicisse
2073 5597 2147 5643 non
2162 5574 2313 5645 dubium
2330 5584 2394 5646 est.
2426 5568 2515 5640 ldeo

494 5685 556 5775 qui
576 5695 661 5756 sunt
673 5679 858 5754 Sarmatae
878 5685 914 5743 et
933 5668 1077 5741 Heneti.
1133 5663 1274 5739 Nomen
1291 5666 1477 5756 Heneti,
1525 5670 1621 5740 enim
1636 5671 1814 5764 dispersae
1828 5690 1914 5748 sunt
1928 5677 2049 5746 decem
2065 5674 2191 5761 tribus,
2209 5675 2308 5746 utad
2325 5673 2414 5745 alias
2426 5693 2520 5761 gen·

444 5810 447 5814 ·
493 5797 533 5854 ut
547 5796 666 5867 sonat,
692 5769 1026 5870 significatEbraeis
1041 5766 1273 5871 vagabundi,
1296 5767 1475 5844 utGraeei
1523 5784 1574 5843 tes
1590 5794 1732 5869 qnoque
1746 5776 1963 5872 perferretur
1975 5773 2108 5849 nocida
2123 5777 2169 5848 da
2182 5798 2268 5849 vere
2281 5772 2372 5854 Dru.
2411 5773 2519 5848 Sicut
