6025 6775
485 706 561 783 scs
1264 661 1755 752 ntsrurarornas
1880 781 1883 787 .
2290 654 2293 663 ·
2444 674 2525 753 47,

597 872 633 947 3.
667 865 811 939 Tertius
824 858 954 949 gradus
970 861 1130 923 versatur
1145 848 1185 919 in
1208 849 1315 921 rebus
1334 848 1490 921 exterio-
1642 840 1686 913 ln
1702 838 1773 909 vita
1790 837 1969 933 corporali
1987 862 2128 913 necesse
2144 855 2197 915 est
2213 842 2357 916 obedire
2368 848 2525 940 politicis

497 983 620 1062 ribus,
641 972 700 1043 sed
720 966 829 1038 habet
842 960 882 1030 in
896 952 1140 1047 superioribus
1155 953 1322 1042 gradibus
1336 972 1490 1024 causam.
1541 945 1690 1038 legibus.

502 1080 570 1155 Est
591 1089 708 1148 autem
733 1068 897 1145 libertas,
938 1056 1035 1151 quod
1060 1077 1134 1124 non
1157 1076 1298 1125 necesse
1320 1065 1391 1139 est,
1423 1073 1490 1122 nos
1630 1043 1728 1116 'ldeo
1744 1055 1862 1114 autem
1877 1041 2007 1115 liberat
2022 1067 2087 1114 nos
2102 1040 2380 1136 Evangeliuma
2405 1052 2527 1143 politia

505 1183 660 1256 retinere
673 1163 890 1244 ceremonias
905 1172 938 1230 et
955 1157 1117 1250 politiam
1137 1154 1258 1229 Moisi.
1542 1146 1660 1233 Mosi,
1682 1146 1767 1240 quia
1782 1145 1943 1215 concedit
1954 1146 2008 1216 uti
2021 1146 2182 1217 omnium
2206 1150 2368 1236 gentium
2384 1153 2530 1244 politiis,

610 1276 704 1368 Quia
727 1279 933 1362 reputamur
956 1259 1061 1339 iusti,
1087 1282 1162 1327 non
1192 1270 1337 1351 propter
1352 1269 1493 1326 nostras
1545 1253 1744 1334 sicutaiire,
1770 1246 1862 1329 cibo,
1885 1246 2027 1329 vestitu,
2051 1246 2186 1317 artibus
2200 1250 2294 1337 apud
2308 1275 2534 1345 omnesgen.

507 1378 787 1457 observationes,
820 1366 883 1436 sed
906 1375 1054 1454 propter
1075 1355 1277 1440 Christum,
1311 1359 1394 1430 idco
1418 1380 1494 1427 non
1545 1368 1597 1425 tes
1611 1352 1759 1424 utimur.
1809 1344 1901 1417 Nam
1917 1344 2148 1439 Evangelium
2172 1371 2247 1419 non
2261 1353 2451 1426 constituit
2467 1382 2535 1450 po.

510 1504 561 1557 est
576 1500 664 1573 opus
678 1466 988 1545 observallfflibut
1004 1459 1184 1533 Motaleia
1547 1454 1661 1525 litium
1678 1448 1919 1544 corporalem,
1944 1452 2004 1520 scd
2022 1452 2122 1520 docet
2139 1450 2302 1521 derebus
2317 1457 2483 1527 aeternis.

611 1578 723 1661 ltem,
762 1572 848 1666 quia
879 1564 1115 1654 Evangelium
1143 1565 1247 1633 docet
1278 1562 1323 1632 de
1357 1559 1497 1630 iusticia
1651 1550 1748 1643 Ergo
1769 1573 1850 1621 cum
1872 1548 2006 1623 Paulus
2029 1551 2094 1621 ait:
2133 1546 2215 1621 Non
2239 1552 2320 1623 estis
2348 1558 2415 1625 sub
2447 1558 2536 1648 lege,

509 1700 650 1759 aeterna
670 1703 710 1750 ac
734 1676 807 1745 vita
830 1683 973 1741 aeterna
998 1668 1039 1735 in
1061 1666 1187 1749 corde,
1215 1663 1326 1753 igitur
1349 1685 1424 1733 non
1439 1686 1499 1732 re-
1551 1658 1653 1728 item:
1690 1654 1786 1725 lusto
1802 1675 1877 1722 non
1894 1667 1945 1724 εει
1959 1653 2015 1723 lex
2033 1651 2167 1745 posita,
2192 1665 2330 1724 tantum
2343 1658 2455 1749 accipi
2471 1663 2535 1730 dc-

498 1786 625 1883 'quirit
640 1775 861 1865 cerempnias
886 1784 947 1841 aut
970 1767 1114 1861 politica
1131 1762 1242 1840 Mosi.
1549 1760 1611 1831 bet
1633 1758 1730 1851 quod
1751 1756 1796 1826 ad
1820 1754 2106 1825 iustificationem
2138 1752 2278 1828 attinet.
2328 1754 2533 1832 luctificatio

615 1885 652 1956 4.
692 1878 748 1951 Ex
778 1876 907 1948 iisdem
935 1868 1134 1941 rationibus
1160 1866 1322 1961 sequitur
1353 1877 1501 1959 quartus
1552 1860 1650 1931 enim
1665 1854 2055 1947 adEvangelium,non
2070 1858 2113 1926 ad
2128 1856 2241 1945 legem
2257 1858 2419 1949 pectines,
2446 1860 2535 1933 Cae.

512 1990 643 2082 gradus
656 1980 843 2062 libertatis,
866 1972 1030 2043 videlicet
1041 1971 1137 2064 quod
1147 1963 1327 2040 humanae
1338 1967 1502 2041 traditio·
1553 1976 1669 2036 terum
1687 1962 1780 2030 iusto
1796 1970 1830 2031 et
1844 1959 1884 2028 in
1897 1959 1970 2030 vita
1986 1957 2164 2050 spirituali
2177 1970 2213 2028 et
2228 1957 2270 2028 in
2282 1961 2352 2034 vita
2373 1964 2471 2033 civili
2486 1980 2537 2035 cst

514 2114 579 2162 nes
595 2110 670 2159 non
685 2097 769 2155 sunt
784 2075 1035 2150 existimandae
1051 2070 1238 2142 necessarii
1254 2072 1383 2157 cultos,
1403 2069 1503 2140 ideo-
1554 2065 1611 2135 ler
1624 2063 1756 2158 posita,
1783 2062 1880 2154 qnod
1896 2060 1941 2131 ad
1965 2059 2209 2131 obedientiam
2231 2062 2367 2134 attinet.

514 2218 585 2287 qne
598 2202 682 2263 sunt
696 2175 898 2279 ἀδιάφορα,
914 2189 949 2249 ει
963 2173 1081 2247 omitti
1096 2173 1173 2243 aine
1189 2184 1329 2265 peccato
1344 2182 1504 2267 possunt.
1657 2165 1819 2237 Libertas
1838 2163 2070 2234 traditionum
2094 2162 2170 2231 sine
2195 2161 2313 2254 primo
2337 2177 2371 2235 et
2384 2169 2536 2235 secundo

1557 2267 1671 2358 gradu
1685 2289 1760 2337 non
1772 2277 1824 2335 est
1837 2263 1981 2335 libertas
1991 2259 2206 2349 Christiana,
2219 2266 2281 2334 sed
2296 2267 2416 2359 potius
2429 2267 2538 2339 liber-

920 2382 1106 2466 Qunests'o.
1557 2383 1612 2441 tas
1627 2366 1828 2451 barbarica,
1853 2360 2027 2461 scythica,
2052 2365 2249 2436 vandalica.

1661 2468 1754 2541 Cum
1769 2468 1924 2559 politicis
1935 2468 2041 2538 rebus
2055 2468 2126 2539 vita
2142 2467 2295 2539 exterior
2309 2467 2468 2540 subiecta
2483 2469 2540 2547 sit,

1558 2571 1664 2643 debet
1689 2583 1724 2641 et
1745 2570 1956 2644 ceremoniis
1969 2569 2125 2640 subiecta
2138 2588 2229 2653 ease,
2251 2568 2338 2661 quia
2355 2584 2440 2642 sunt
2455 2594 2540 2641 παι-

1559 2666 1746 2771 δαγωγίαι
1761 2672 1799 2739 in
1813 2671 1960 2764 politica
1975 2672 2047 2741 vita
2071 2669 2291 2742 necessariae.

1659 2773 1734 2845 Nec
1746 2772 1830 2843 satis
1847 2786 1900 2843 est
1911 2773 2112 2842 vociferari:
2139 2767 2304 2864 Episcopi
2318 2792 2392 2839 non
2406 2767 2542 2841 babent

1559 2887 1769 2969 potestatem
1784 2874 1876 2965 leges
1891 2873 2090 2957 condendi,
2118 2872 2201 2942 ideo
2226 2873 2307 2944 licet
2318 2869 2451 2942 violare
2466 2888 2542 2942 tra·

1562 2978 1727 3051 ditiones.
1751 2970 1932 3046 Debemus
1946 2973 2042 3045 enim
2055 2974 2203 3044 obedire
2219 2973 2324 3045 etiam
2338 2973 2456 3067 iniqua
2473 2976 2542 3043 im-

627 3086 823 3160 Sicsumus
839 3105 858 3152 a
873 3094 948 3156 tota
964 3080 1060 3169 lege,
1085 3075 1279 3171 etquidem
1295 3096 1316 3145 a
1331 3067 1509 3160 Deealogo
1560 3079 1778 3174 pec-antibus,
2280 3157 2282 3162 Ι

523 3191 686 3275 liberati,
711 3188 807 3282 quod
824 3186 868 3256 ad
885 3181 1172 3256 iustificationem
1187 3176 1332 3261 attinet,
1356 3168 1425 3244 hoc
1448 3186 1511 3259 est,
1662 3179 1733 3253 Sed
1755 3179 1823 3264 ita,
1864 3201 1910 3248 ne
1933 3200 2039 3269 opera
2061 3177 2122 3248 illa
2152 3177 2346 3250 instituant
2378 3191 2545 3271 tanquam

524 3295 621 3390 quod
637 3306 782 3383 propter
794 3282 978 3358 Christum
992 3295 1199 3374 repultmur
1215 3278 1310 3363 ῐΰθῑῐ,
1334 3299 1511 3368 11⁰¹1Pr0-
1560 3285 1697 3368 cottus,
1722 3296 1782 3354 aut
1796 3292 1965 3373 tanquam
1980 3302 2036 3350 res
2049 3280 2255 3371 profuturas
2279 3283 2324 3351 ad
2341 3302 2550 3374 promeren-

525 3416 605 3488 pter
620 3390 788 3478 Decalogi
811 3384 1104 3457 observationem.
1155 3377 1262 3466 Item,
1288 3381 1385 3476 quod
1399 3376 1512 3449 Deca-
1560 3389 1644 3458 dam
1661 3381 1906 3456 remissionem
1927 3397 2167 3472 peccatorum.
2396 3396 2398 3401 '

526 3499 629 3583 lngus
643 3515 717 3560 non
735 3486 844 3559 habet
858 3488 915 3556 ius
930 3484 1125 3555 damnandi
1140 3478 1224 3569 hos,
1249 3483 1311 3575 qui
1333 3480 1511 3585 accipiunt
1664 3485 1789 3560 Cultus
1802 3498 1855 3555 est
1868 3506 1971 3577 opus,
1996 3485 2096 3555 cuius
2111 3485 2279 3576 proprius
2292 3483 2372 3555 finis
2389 3496 2450 3573 est,
2472 3507 2549 3553 non

526 3591 775 3666 remissionem
791 3600 1014 3682 peccatorum
1036 3599 1181 3682 propter
1194 3580 1389 3657 Christum·
1563 3589 1760 3683 corporalis
1774 3586 1911 3658 utilitas
1926 3599 1988 3657 aut
2004 3587 2211 3678 disciplina,
2236 3588 2296 3657 sed
2313 3581 2430 3656 honos
2443 3582 2522 3658 Dei.

629 3692 829 3779 Caeterum,
843 3714 919 3761 non
932 3691 1047 3761 solum
1066 3690 1137 3758 vita
1153 3684 1345 3777 corporalis
1359 3697 1412 3754 est
1426 3684 1513 3754 sub-
1664 3688 1742 3758 Hae
1757 3689 1946 3779 opiniones
1967 3688 2007 3756 in
2026 3689 2278 3760 traditionibus
2299 3700 2384 3758 sunt
2407 3689 2550 3778 impiae,

528 3799 620 3870 iecta
635 3796 725 3886 legi,
751 3792 933 3865 sedetiam
956 3793 1029 3862 vita
1051 3787 1258 3880 spiritualia.
1563 3787 1746 3876 videlicet,
1773 3789 1982 3860 traditiones
1998 3813 2073 3860 esse
2088 3789 2223 3875 collus,
2249 3785 2318 3857 hoc
2334 3804 2404 3871 εει,
2430 3813 2551 3878 opera,

631 3895 686 3968 De
706 3896 779 3968 vita
801 3894 977 3987 corporali
1001 3915 1041 3961 ac
1067 3888 1168 3958 civili
1189 3911 1264 3957 non
1286 3898 1338 3957 cst
1352 3885 1514 3957 dubium.
1563 3913 1709 3986 quaeest
1725 3905 1988 3984 opereoperato
2006 3884 2432 3970 reddantDeohonorem,
2454 3911 2550 3977 quae

529 4000 633 4083 Sicut
649 3999 744 4070 enim
758 3995 995 4087 Evangelium
1011 4014 1085 4063 non
1102 3990 1197 4062 tollit
1210 4002 1373 4061 naturam
1394 3982 1514 4058 homi·
1563 4007 1768 4064 mereantur
1783 3993 2025 4063 remissionem
2037 4006 2267 4086 peccatorum,
2280 3983 2549 4058 sicutaitChri-

515 4126 637 4187 num,
663 4103 713 4174 ita
728 4125 794 4170 nec
808 4101 885 4170 iura
902 4095 1097 4180 naturalia,
1124 4093 1255 4188 quibus
1278 4090 1426 4165 societas
1445 4085 1516 4162 hu·
1565 4109 1656 4167 stus:
1683 4094 1828 4165 Frustra
1838 4096 1965 4166 colunt
1981 4119 2038 4165 me
2051 4093 2227 4164 mandatis
2242 4086 2443 4164 hominum.

529 4230 634 4278 mana
661 4201 823 4274 devincta
849 4215 926 4286 ests
945 4201 1063 4292 itaque
1078 4195 1315 4287 Evangelium
1331 4218 1406 4265 non
1421 4194 1514 4266 tollit
1668 4193 1799 4267 Paulus
1824 4196 1935 4269 violat
1957 4198 2069 4288 legem
2091 4194 2216 4280 Moisi,
2240 4207 2281 4264 ut
2303 4194 2427 4263 doceat
2452 4214 2553 4260 cere·

528 4333 585 4382 res
601 4306 774 4402 politicas.
1566 4297 1704 4368 moniaa
1735 4299 1823 4389 legis
1853 4323 1929 4369 non
1962 4322 2034 4370 esse
2059 4299 2174 4369 cultus
2205 4295 2291 4366 novi
2319 4294 2553 4367 Testamenti.

632 4407 710 4480 lmo
732 4402 967 4495 Evangelium
996 4400 1138 4472 subiicit
1166 4399 1276 4469 vitam
1307 4398 1516 4470 exteriorem
1567 4399 1680 4486 ltem,
1712 4415 1752 4472 ut
1771 4403 1895 4472 doceat
1917 4396 2081 4473 homines
2103 4398 2210 4491 gratis
2240 4398 2401 4491 reputari
2429 4397 2552 4481 iustos,

529 4511 684 4599 politicis
704 4510 823 4579 rebus.
1568 4526 1643 4573 non
1660 4516 1805 4594 propter
1828 4498 1958 4597 legem.

633 4607 699 4680 Est
713 4623 748 4678 et
761 4611 833 4679 vita
847 4603 1041 4698 spiritualis
1056 4598 1213 4671 subiecta
1228 4598 1311 4687 legi,
1331 4598 1413 4692 quia
1429 4593 1517 4671 haec
1668 4600 1716 4673 Ει
1737 4600 1823 4675 haec
1844 4619 1898 4676 est
1917 4604 2017 4674 firma
2037 4627 2141 4689 ,causa
2166 4626 2338 4675 excusans
2357 4599 2550 4672 violantem

532 4708 589 4777 lex
614 4723 666 4779 est
688 4722 829 4777 aeterna
846 4721 881 4777 et
896 4702 1147 4776 immutabilis:
1175 4697 1307 4788 Diliges
1318 4697 1516 4772 Dominum
1567 4704 1796 4788 traditiones,
1836 4707 1866 4777 si
1894 4730 1975 4778 cum
2000 4706 2129 4778 talibus
2161 4706 2394 4800 opinionibus
2417 4703 2556 4793 praeci·

533 4806 648 4879 Deum
665 4822 766 4879 tuum
782 4830 823 4875 ex
839 4806 1055 4885 totocorde,
1076 4816 1112 4873 ει
1133 4800 1259 4890 diliges
1271 4801 1484 4890 proximum.
1568 4805 1723 4898 piantur.
2435 4864 2437 4868 a

636 4909 720 4984 lde'o
745 4908 796 4980 ait
817 4901 999 4978 Christus:
1033 4904 1074 4975 st
1095 4903 1149 4974 vis
1172 4903 1311 4993 ingredi
1333 4905 1372 4973 in
1394 4903 1518 4990 vitam,
1670 4904 1736 4977 Est
1759 4922 1793 4979 et
1814 4909 1885 4980 alia
1906 4931 2010 4982 eausa
2030 4907 2154 4995 firma,
2186 4908 2372 4991 videlicet,
2395 4906 2493 5001 qnod
2518 4907 2556 4972 in

531 5035 631 5083 serva
656 5013 834 5084 mandata.
1569 5034 1663 5081 novo
1686 5009 1915 5082 Testamento
1937 5005 2004 5080 bae
2029 5033 2084 5079 res
2118 5012 2404 5102 pronunciantur
2427 5010 2555 5078 debere

632 5112 681 5186 Et
702 5114 834 5187 Paulus
867 5113 985 5208 inquit
1016 5112 1062 5182 ad
1085 5107 1285 5182 Romanos:
1327 5106 1518 5179 Debitores
1569 5138 1633 5207 pro
1657 5114 1780 5184 liberis
1801 5111 1943 5197 haberi,
1965 5136 2010 5183 ne
2034 5125 2180 5204 putetur
2197 5114 2337 5184 iusticia
2351 5106 2552 5184 Christiana

535 5216 630 5287 estis.
682 5214 778 5304 Quia
803 5240 927 5288 omnes
950 5228 1129 5287 creaturae
1159 5210 1356 5283 necessario
1388 5213 1519 5282 debent
1568 5218 1750 5309 requirere
1766 5218 1851 5287 tales
1867 5217 2002 5300 cultus,
2027 5227 2196 5307 tanquam
2212 5212 2437 5286 necessarios.

536 5319 682 5391 obedite
698 5316 786 5390 Deo·
1430 5341 1431 5346 ’
1681 5315 1730 5388 Ει
1753 5312 1844 5388 hanc
1869 5320 2069 5389 libertatem
2093 5341 2167 5385 non
2192 5319 2363 5389 tollebant
2376 5304 2555 5400 Apostoli,

637 5418 760 5514 ltaque
784 5438 897 5508 neque
922 5414 1153 5502 allecalogo,
1179 5436 1294 5506 neque
1320 5436 1340 5483 a
1362 5413 1519 5505 politicis
1571 5441 1650 5487 cum
1668 5423 1861 5488 conderent
1878 5420 2088 5491 traditiones
2103 5420 2146 5488 ad
2161 5412 2342 5497 εὐταξίαν.

533 5523 672 5615 legibus
695 5517 837 5593 liberati
860 5537 1001 5597 sumna,
1025 5517 1121 5605 quod
1142 5514 1186 5581 ad
1209 5514 1446 5586 obedientiam
1467 5528 1521 5586 at·
1673 5518 1879 5590 Adversarii
1905 5522 2022 5591 nostri
2038 5523 2087 5590 sic
2109 5520 2380 5590 ratiocinantur:
2406 5507 2561 5595 leiunia,

534 5627 635 5700 tinet.
1571 5618 1698 5702 leriae,
1719 5635 1752 5691 et
1769 5623 1920 5703 similia,
1944 5635 2030 5692 aunt
2044 5623 2159 5691 cultus
2173 5617 2238 5689 Dei
2256 5617 2295 5685 in
2311 5635 2438 5705 genere
2454 5636 2562 5704 prae·

635 5722 855 5816 Decalopum
885 5717 926 5789 in
947 5715 1020 5787 vita
1041 5712 1221 5808 spirituali
1245 5714 1361 5787 lacere
1380 5739 1520 5788 necesse
1571 5720 1662 5811 cepti
1683 5719 1720 5788 in
1737 5718 1947 5813 Evangelio.
1998 5719 2047 5793 Ει
2066 5721 2322 5816 Episcopornm
2346 5727 2418 5796 est,
2442 5715 2563 5785 cultus

535 5840 599 5896 εει.
1571 5820 1609 5889 in
1632 5843 1757 5911 genere
1780 5826 1931 5899 traditos
1962 5824 2000 5893 in
2025 5821 2221 5915 Evangelio
2246 5818 2485 5894 determinare
2514 5818 2560 5886 ad

622 2539 662 2615 Si
686 2562 707 2609 a
731 2538 807 2626 lege
823 2528 923 2603 Mosi
937 2525 1080 2599 liberati
1096 2547 1241 2611 sumus,
1268 2545 1332 2595 cur
1347 2545 1423 2593 non
1438 2535 1472 2593 ct
1487 2543 1507 2591 a

518 2644 701 2731 Decalogo
717 2634 861 2708 liberati
878 2653 1017 2713 snmus,
1043 2651 1125 2700 cum
1149 2650 1189 2698 ea
1214 2648 1296 2720 pars
1316 2624 1404 2717 legis
1426 2646 1509 2694 vere

523 2751 570 2819 sit
593 2736 815 2815 difficilius?

834 3019 837 3024 ¹
906 2931 1115 3023 Responsio.
