6025 6775
440 733 514 806 σῃ
1002 784 1005 788 .
1072 719 1338 799 ensurius
1369 667 1825 801 aiuncurnoms,
2177 765 2181 770 -
2393 735 2468 812 sss

439 899 768 975 veterisdoctrinae
790 895 993 992 inquireret.
1047 891 1148 984 Quid
1170 920 1267 968 nunc
1286 896 1430 968 ostendi
1480 894 1643 987 populis,
1667 897 1803 967 adeam
1820 908 1941 986 gentes
1961 901 2178 992 confugient.
2229 901 2371 975 Psalmo
2386 904 2478 981 'Izi'

439 1014 754 1074 monumentorum
769 1013 830 1070 aut
845 995 1286 1092 doctrinaeabEpiseopis
1310 1011 1346 1071 et
1358 995 1428 1070 Ca·
1480 992 1658 1067 Orabitur
1682 1021 1802 1067 coram
1825 1022 1867 1069 eo
1891 1022 2041 1091 semper.
2099 1003 2146 1076 Et
2167 1003 2335 1076 Ieremiae
2358 1007 2466 1098 trige-

438 1103 580 1176 nonicis
599 1107 738 1198 potest?
1479 1098 1569 1168 simo
1586 1099 1706 1169 tertio:
1741 1097 1819 1170 Hoc
1842 1114 1895 1173 est
1918 1125 2051 1173 nomen
2077 1130 2149 1199 quo
2169 1110 2349 1180 vocabunt
2372 1132 2468 1194 eum,

546 1204 603 1278 15.
636 1201 765 1271 Fontes
795 1198 906 1288 igitur
927 1222 1155 1292 quaeramus,
1192 1199 1283 1272 sieut
1306 1199 1427 1272 Esaias
1480 1193 1611 1269 lehova
1633 1200 1771 1270 iusticia
1792 1214 1932 1288 nostra,
1957 1204 2085 1291 idest,
2115 1202 2183 1277 hoc
2204 1209 2465 1300 praedicabitur

440 1304 625 1400 praecipit:
657 1297 842 1390 halegans
866 1315 902 1371 et
924 1303 970 1371 ad
994 1300 1257 1385 testimonium,
1290 1302 1321 1372 si
1346 1301 1425 1395 quis
1477 1302 1524 1369 de
1537 1297 1688 1386 Messia,
1715 1304 1810 1396 quod
1828 1302 1902 1393 ipse
1916 1304 1961 1374 sit
1978 1301 2107 1377 lebova
2124 1308 2262 1380 iusticia
2277 1324 2408 1395 nostra,
2429 1326 2465 1382 et

440 1401 931 1479 nondiscritiuxtaverbum
955 1396 1043 1486 hoc,
1068 1426 1143 1474 non
1165 1404 1232 1473 erit
1252 1402 1286 1472 ei
1305 1417 1425 1473 matu·
1477 1416 1661 1494 propterea
1676 1403 1725 1474 sic
1742 1404 1978 1479 invocabitur.
2028 1406 2075 1478 Et
2090 1407 2221 1479 Paulus
2245 1413 2379 1482 directa
2404 1413 2463 1480 in-

439 1510 514 1579 tina
532 1506 606 1578 lux.
657 1501 828 1573 Iuvamur
844 1517 961 1573 autem
979 1518 1015 1575 et
1028 1503 1199 1597 symbolis
1215 1519 1250 1575 et
1264 1506 1424 1575 testimu-
1478 1505 1662 1574 vocatione
1681 1505 1796 1575 utitur
1814 1502 2062 1580 athesae:
2097 1507 2175 1599 lpse
2196 1511 2462 1583 Dominus⁸no-

438 1607 509 1678 niis
525 1605 661 1697 primae
686 1617 721 1673 et
743 1603 898 1695 purioris
912 1601 1107 1690 Ecclesiae,
1131 1605 1216 1697 qnia
1238 1607 1315 1676 vult
1329 1603 1425 1675 Deus
1476 1617 1548 1674 ster
1562 1600 1660 1674 lesus
1673 1602 1856 1690 Christus,
1879 1621 1913 1679 et
1929 1608 2029 1678 Deus
2053 1624 2089 1681 et
2109 1609 2215 1682 Pater
2232 1628 2352 1684 noster
2376 1637 2462 1683 con-

436 1705 630 1780 Eeelesiam
645 1707 751 1775 edere
767 1704 990 1786 testimonia,
1012 1721 1047 1788 et
1067 1707 1202 1776 dictum
1225 1720 1293 1777 est:
1319 1704 1424 1778 Sedet
1476 1704 1592 1774 firmet
1606 1729 1670 1774 vos
1684 1707 1722 1774 in
1740 1709 1838 1776 omni
1853 1730 2017 1780 sermone
2033 1723 2067 1781 et
2080 1735 2186 1802 opere
2201 1713 2310 1788 bono.
2373 1784 2379 1793 ,

436 1808 532 1879 filius
555 1807 623 1879 Dei
644 1807 689 1876 ad
710 1807 869 1878 dextram
892 1806 1026 1877 aeterni
1051 1808 1180 1898 patris,
1215 1809 1303 1878 dans
1330 1809 1424 1878 dona
1580 1803 1639 1879 15.
1673 1803 1771 1876 Haec
1794 1821 1829 1878 et
1850 1809 1980 1880 similia
2003 1813 2204 1883 testimonia
2232 1815 2391 1907 quotidie
2418 1816 2459 1884 iu

437 1907 664 1992 hominibus,
690 1900 899 1997 Apostolos,
928 1902 1139 1999 Prophetas,
1170 1907 1425 2000 Evangelistas,
1476 1906 1702 1977 invocatione
1717 1907 1926 1997 cogitemus,
1951 1925 1992 1982 ut
2015 1936 2081 1984 nos
2104 1927 2225 1984 contra
2245 1915 2358 1985 furias
2378 1915 2459 1985 dia-

437 2009 600 2082 Pastores
617 2021 651 2079 et
663 2005 852 2093 Doctores,
877 2020 918 2076 ut
932 2030 1006 2077 non
1023 2010 1311 2083 circumferamur
1325 2011 1424 2081 omni
1475 2009 1609 2079 bolicas
1633 2003 1847 2091 Mahometi,
1879 2008 2118 2096 samosateni,
2152 2014 2309 2101 Serveti,
2340 2014 2461 2110 Corty-

438 2123 547 2186 tento
569 2109 769 2194 doctrinae,
802 2109 896 2179 inter
926 2111 1129 2200 praestigias
1149 2106 1335 2181 hominum
1358 2126 1424 2182 etc.
1474 2134 1554 2195 uae,
1578 2107 1784 2179 Thammeri
1801 2122 1835 2180 et
1848 2109 2018 2181 similium
2036 2115 2302 2201 confirmemus,
2320 2129 2358 2186 ct
2375 2140 2462 2186 eon-

438 2201 555 2284 Eilius
575 2209 643 2282 Dei
670 2203 780 2307 λόγος
800 2210 935 2280 aeterni
961 2212 1092 2302 patris,
1131 2211 1216 2282 inde
1245 2236 1357 2308 usque
1378 2216 1425 2283 ab
1473 2212 1667 2280 sideramus
1685 2212 1770 2302 quid
1787 2209 2009 2297 invocemus,
2035 2227 2069 2283 et
2086 2215 2379 2286 filioDeiverum
2394 2212 2462 2286 ho·

440 2314 545 2383 initio
574 2315 672 2382 adest
692 2310 867 2382 Ecclesiae
895 2333 998 2396 suae,
1039 2313 1235 2406 alloquitur
1255 2338 1351 2399 eam,
1388 2327 1423 2383 et
1474 2333 1602 2379 norum
1629 2311 1845 2397 tribuamus,
1886 2333 2114 2401 agnoscamus
2142 2340 2222 2385 eum
2246 2318 2352 2386 etiam
2381 2331 2463 2386 ante

439 2414 552 2485 mittit
571 2407 777 2504 Prophetas.
819 2410 975 2512 ‘Deinde
998 2412 1034 2480 in
1056 2437 1161 2484 carne
1182 2415 1423 2500 concionatur,
1474 2410 1724 2481 assumtionem
1755 2406 1930 2498 humanae
1960 2429 2109 2486 naturae
2141 2417 2286 2486 missum
2318 2440 2392 2487 esse
2415 2423 2462 2488 ad

441 2509 757 2606 mittitApostoloe
783 2526 817 2584 et
831 2513 982 2582 subinde
998 2510 1284 2607 postApostolos,
1299 2540 1422 2585 eorum
1473 2510 1689 2598 Ecclesiam,
1716 2526 1750 2583 et
1764 2506 1877 2611 λόγον
1899 2537 1973 2584 esse
1997 2517 2197 2588 immediate
2222 2518 2461 2612 alloquentem

441 2615 629 2701 auditores,
652 2612 901 2708 Polycarpum,
921 2611 1117 2700 irenaeum,
1139 2617 1423 2707 etpaueosalios
1474 2625 1566 2694 nos,
1597 2627 1632 2684 et
1660 2637 1799 2705 semper
1823 2618 1943 2685 adesse
1972 2612 2168 2700 Ecclesiae,
2208 2619 2297 2689 sicut
2327 2621 2462 2713 inquit:

440 2716 623 2806 deinceps,
652 2716 727 2807 qui
749 2713 933 2787 doctrinae
954 2714 1141 2804 puritatem
1164 2718 1422 2811 quaesiverunt,
1473 2711 1552 2803 Ego
1575 2737 1653 2784 sum
1675 2716 1776 2799 vitis,
1803 2740 1866 2786 vos
1886 2718 2058 2808 palmites.
2111 2717 2215 2790 Item:
2249 2717 2319 2813 τὴν
2341 2716 2463 2815 ἀρχὴν

439 2839 520 2888 cum
549 2817 657 2886 simul
687 2814 854 2885 omnibus
886 2815 1104 2904 temporibus
1131 2841 1257 2908 magna
1281 2819 1422 2907 agmina
1474 2809 1531 2885 ὅτι
1546 2809 1610 2884 καὶ
1624 2818 1724 2885 λαλῶ
1738 2811 1842 2907 ὑμῖν.

437 2916 571 2990 fuerint
592 2916 827 2987 fanaticorum
858 2928 891 2986 et
923 2930 1176 3010 tyrannoram,
1211 2934 1245 2991 et
1269 2918 1422 2989 ardelio·
1576 2916 1636 2986 16.
1663 2910 1895 3008 Alloquimur
1917 2931 2034 2988 autem
2059 2919 2171 2990 lilium
2196 2922 2402 3011 dupliciter,
2427 2935 2463 2992 et

440 3043 548 3101 num,
572 3018 636 3111 qui
657 3017 853 3089 doctrinam
868 3018 913 3088 ad
929 3018 1041 3088 malos
1056 3021 1212 3091 adfectus
1235 3017 1423 3091 homiuum
1473 3030 1514 3088 ut
1532 3018 1691 3087 datorem
1714 3017 1891 3087 bonorum
1921 3017 2027 3088 simul
2052 3044 2131 3089 cum
2147 3019 2251 3092 Patre
2276 3036 2310 3090 et
2325 3019 2465 3111 Spiritu

440 3121 664 3192 inflexerunt.
721 3116 822 3189 Sicut
844 3142 939 3188 nurse
962 3119 1066 3190 valde
1087 3122 1316 3209 multisunt,
1348 3145 1424 3190 non
1475 3132 1616 3198 sancto,
1642 3114 1870 3190 sicutPaulus
1885 3120 1928 3187 ad
1939 3113 2271 3191 Thessalonicenses
2287 3121 2462 3214 loquitur:

442 3223 557 3292 solum
586 3219 750 3316 tymnni,
790 3219 853 3311 qui
883 3220 1066 3290 barbarica
1087 3224 1294 3295 crudelitate
1313 3223 1424 3295 stabi·
1474 3234 1510 3291 et
1534 3232 1574 3288 ut
1596 3217 1827 3288 mediatorem
1849 3219 1997 3290 missum
2020 3222 2065 3291 ad
2081 3216 2295 3306 Ecclesiam,
2321 3235 2353 3292 et
2369 3244 2464 3292 sem·

442 3322 540 3395 liunt
550 3311 664 3407 idola,
684 3321 750 3393 'sed
765 3319 871 3392 ctiam
886 3314 1099 3410 rhetorculi,
1122 3325 1183 3418 qui
1200 3348 1311 3396 novos
1325 3325 1425 3396 colo-
1475 3343 1538 3413 per
1555 3318 1828 3391 intercedentem
1843 3344 1908 3413 pro
1924 3320 2048 3407 nobis,
2074 3321 2207 3416 dequo
2228 3325 2333 3394 modo
2359 3322 2464 3393 invo-

441 3448 497 3495 res
513 3424 662 3496 illinunt
675 3423 802 3506 idolis,
827 3435 869 3495 ut
888 3424 1081 3496 defendant
1101 3450 1255 3514 errores,
1278 3439 1319 3500 ut
1341 3439 1425 3498 sunt
1474 3421 1623 3493 cationis
1636 3422 1710 3513 ipse
1726 3421 1860 3514 inquit:
1885 3421 2070 3516 Quidquid
2088 3424 2259 3517 petieritis
2276 3438 2409 3518 patrem
2424 3424 2464 3493 in

440 3524 572 3607 Polus,
594 3519 724 3607 Osius,
748 3522 949 3614 Groperus,
973 3527 1081 3597 etalii
1099 3528 1217 3603 multi.
1475 3522 1622 3594 nomine
1635 3546 1732 3607 meo,
1748 3523 1848 3594 dabit
1863 3524 1976 3598 vohis.
2029 3522 2116 3609 Vult
2129 3525 2200 3615 peti
2215 3550 2253 3596 se
2267 3526 2463 3604 nominato,

545 3620 605 3695 14.
638 3620 887 3696 VeraEeclesia
901 3650 1039 3717 semper
1052 3628 1136 3697 inde
1150 3652 1262 3723 usque
1277 3626 1424 3699 aPatri-
1475 3627 1597 3709 idest,
1621 3622 1749 3693 fiducia
1764 3624 2032 3716 propiciationis
2052 3650 2116 3718 per
2138 3627 2254 3719 ipsum
2277 3628 2405 3715 factae,
2431 3641 2467 3697 et

444 3727 512 3797 bus
527 3723 647 3809 s'ensit,
667 3723 779 3793 lilium
787 3725 854 3796 Dei
871 3721 986 3825 λόγον
1002 3752 1075 3800 esse
1091 3730 1237 3801 missum
1252 3732 1296 3801 ad
1303 3729 1424 3803 Eccle·
1475 3726 1603 3797 fiducia
1616 3725 1777 3799 assiduae
1791 3725 2063 3800 intercessionis.
2102 3724 2199 3797 Haec
2213 3727 2333 3799 omnia
2349 3728 2387 3797 in
2405 3726 2465 3795 in·

443 3828 549 3912 siam,
572 3839 608 3899 ct
620 3848 693 3896 esse
706 3819 961 3921 ὑφιστάμενον
967 3881 981 3915 ,
1006 3857 1082 3901 non
1098 3855 1171 3903 esse
1184 3856 1310 3902 sonum
1327 3854 1424 3900 crea·
1476 3827 1660 3899 vocatione
1678 3827 1864 3916 cogitanda
1880 3840 1982 3912 sunt,
2006 3840 2111 3920 atque
2133 3828 2183 3900 ita
2208 3829 2375 3900 dulcessit
2399 3830 2466 3899 do-

441 3942 538 4014 tum,
571 3941 846 4004 evanescentem.
907 3929 992 4003 Ideo
1016 3931 1121 4003 Iacob
1145 3933 1323 4028 inquitde
1351 3931 1424 4000 lilio
1477 3928 1589 4001 ctrina
1605 3921 1839 4025 nepiieiyov,
1861 3931 1956 3998 etde
1972 3930 2177 4001 mediatore.

442 4027 554 4105 Gerre.
567 4027 648 4105 48,:
690 4027 788 4101 Deus
811 4044 951 4122 patrum
980 4058 1159 4119 meorum,
1199 4049 1235 4105 et
1257 4034 1426 4123 Angelus,
1581 4026 1639 4100 17.
1672 4026 1743 4096 Nee
1760 4026 1885 4121 Cynici
1899 4030 2069 4098 clamores
2081 4028 2258 4121 probandi
2274 4042 2376 4109 sunl,
2400 4029 2465 4121 qui

441 4132 499 4225 qui
516 4130 648 4223 eripuit
661 4155 720 4202 me
733 4137 776 4201 e'r
792 4133 927 4203 cunctis
946 4136 1070 4216 malis,
1102 4137 1286 4208 benedicat
1307 4135 1425 4226 pueris
1477 4144 1580 4220 negat
1605 4122 1787 4198 Christum
1812 4132 1909 4196 nunc
1937 4128 2202 4201 intercessorem
2230 4151 2328 4212 esse,¹
2362 4143 2466 4216 negat

440 4233 526 4304 istis.
565 4234 618 4304 Ac
632 4246 717 4305 sunt
732 4231 884 4303 illustria
903 4236 1122 4321 testimonia,
1148 4242 1243 4331 quod
1259 4238 1303 4306 sit
1319 4227 1427 4332 λόγος
1477 4234 1562 4300 item
1578 4241 1671 4298 recte
1687 4225 1774 4297 dici:
1801 4226 1870 4298 Fili
1883 4226 1950 4299 Dei
1965 4227 2118 4300 Domine
2134 4228 2211 4324 lesu
2226 4226 2383 4315 Christe,
2406 4229 2466 4296 in-

441 4326 710 4426 ὗφιστᾶμενος,
745 4358 836 4427 quae
859 4335 1047 4409 adfirmant
1069 4356 1152 4409 aute
1174 4336 1426 4407 aestuationem
1478 4331 1615 4401 tercede
1639 4352 1702 4418 pro
1725 4330 1830 4398 nobis
1852 4331 1947 4420 apud
1976 4344 2159 4403 aeternum
2188 4342 2342 4421 patrem,
2383 4351 2465 4407 cum

442 4426 615 4503 humanae
637 4452 804 4521 naturae,
827 4435 975 4507 missurn
1000 4461 1072 4508 esse
1092 4442 1136 4507 ad
1157 4436 1367 4516 Ecclesiam,
1392 4451 1428 4507 et
1478 4445 1598 4502 tamen
1624 4430 1717 4501 lilius
1738 4430 1782 4498 sit
1802 4429 1974 4529 Sacerdos
1997 4435 2035 4502 in
2056 4444 2251 4507 aeternum.
2308 4427 2355 4501 Et
2380 4444 2466 4500 nota

443 4553 533 4623 quae
548 4530 742 4622 loquuntur
755 4540 800 4610 de
814 4536 1071 4629 omnipotentia
1087 4555 1122 4609 et
1136 4542 1180 4609 de
1193 4539 1428 4621 invocatione,
1479 4535 1552 4603 sint
1570 4531 1769 4603 testimonia
1782 4529 1911 4607 Roma.
1927 4534 1962 4604 8.
1977 4545 2010 4605 et
2024 4528 2152 4607 Ebrae.
2168 4533 2203 4607 7.
2255 4527 2303 4605 Et
2317 4531 2363 4601 sit
2379 4545 2465 4601 nota

444 4627 668 4704 utDominus
683 4637 813 4729 inquit:
834 4636 1038 4732 Antequam
1047 4637 1230 4712 Abraham
1247 4654 1428 4724 natusest,
1479 4635 1593 4703 dulcis
1608 4633 1781 4703 sententia
1798 4629 1965 4719 Eusebii,
1986 4659 2076 4728 quae
2096 4648 2189 4707 estat
2212 4633 2305 4704 libro
2329 4631 2466 4703 decimo

440 4732 516 4820 Ego
531 4756 623 4808 sum.
671 4733 855 4813 Etl'aulus
870 4764 1030 4833 expresse
1044 4743 1221 4823 adfirmat,
1243 4740 1427 4814 Christum
1479 4732 1648 4807 historiae
1662 4731 1927 4807 Ecclesiasticae
1942 4758 2020 4828 pag.
2038 4736 2137 4807 tta:

443 4833 597 4903 adfuisse
621 4835 753 4925 populo
776 4843 815 4913 in
835 4845 986 4916 deserto.
1053 4841 1161 4929 ltem,
1202 4847 1247 4914 ad
1274 4841 1427 4915 Coloss:
1511 4897 1513 4901 .
1576 4832 1622 4911 ‘0
1639 4832 1755 4934 μέγας
1775 4839 1854 4909 τῶν
1877 4832 1974 4911 ὅλων
1997 4833 2187 4932 ἀρχιερεύς
2208 4830 2321 4917 αὐτὸς
2340 4836 2468 4929 ἶησοῦς

444 4931 516 5020 Qui
533 4949 584 5006 est
600 4951 681 5006 autc
697 4944 827 5011 omnia.
878 4944 1036 5018 lob19.:
1073 4944 1267 5037 Scioquod
1288 4947 1428 5014 redem-
1480 4933 1726 5035 ὁμονογενὴς
1745 4941 1814 5009 τοῦ
1836 4936 1950 5030 θεοῦ,
1980 4934 2024 5011 τὸ
2041 4933 2143 5033 παρὰ
2156 4936 2310 5010 πάντων
2330 4932 2466 5018 εὐῶδες

443 5050 500 5103 tor
525 5059 623 5105 meus
647 5039 747 5109 vivit.
809 5040 865 5115 De
883 5048 1140 5139 omnipotentia
1170 5048 1241 5115 sint
1273 5047 1311 5114 in
1339 5068 1428 5114 con·
1479 5037 1678 5131 θυμίαμα,
1710 5033 1859 5117 καὶτὰς
1879 5035 1943 5109 διὰ
1965 5037 2087 5132 εὐχῶν
2110 5033 2295 5131 ἀναίμους
2314 5034 2378 5109 καὶ
2399 5031 2469 5111 ἀΰ-

441 5148 562 5226 spectu
594 5132 679 5207 haec
708 5141 819 5210 dicta:
857 5142 930 5233 Ego
962 5151 1071 5221 vitam
1094 5162 1272 5219 aeternam
1296 5150 1343 5215 do
1367 5146 1429 5230 eis,
1481 5132 1746 5220 λουςθυσίας,
1781 5133 1933 5231 φαιδρῷ
1951 5143 2007 5232 τῷ
2026 5135 2212 5232 βλέμματι
2233 5135 2297 5213 καὶ
2321 5133 2469 5218 ὑπτίαις

441 5249 540 5327 pater
554 5262 654 5309 meus
672 5265 783 5335 usque
802 5248 909 5315 modo
926 5266 1110 5338 operatur,
1141 5265 1175 5321 et
1191 5249 1266 5338 Ego
1289 5270 1428 5339 operor.
1479 5231 1754 5330 ὑποδεχόμενος
1766 5233 1872 5329 χερσὶ
1887 5242 1943 5332 τῷ
1957 5234 2054 5311 κατὰ
2078 5235 2247 5334 οὐρανὸν
2269 5236 2381 5335 πατρὶ
2403 5234 2468 5311 καὶ

440 5336 515 5427 Ego
530 5340 608 5409 suni
624 5341 725 5425 vitis,
752 5369 815 5412 vos
836 5345 1013 5435 palmites,
1046 5353 1123 5422 sine
1144 5376 1199 5420 me
1217 5345 1309 5420 nihil
1330 5361 1429 5439 pote-
1481 5342 1563 5436 θεῷ
1577 5345 1655 5412 τῶν
1669 5336 1768 5411 ὅλων
1782 5336 2064 5433 παραπέμπεται
2080 5346 2226 5434 πρῶτος
2247 5336 2359 5421 αὐτὸς
2377 5364 2470 5433 προ-Ι

442 5441 502 5509 stis
516 5442 643 5513 facere.
695 5441 896 5536 DeSpiritu
913 5468 977 5516 suo
992 5452 1053 5521 dat
1068 5454 1173 5524 nohis
1188 5467 1251 5524 etc.
1303 5447 1429 5521 Dein·
1482 5446 1652 5526 σκυνῶν,
1678 5436 1743 5513 καὶ
1760 5433 1876 5533 μόνος
1896 5445 1951 5536 τῷ
1973 5437 2087 5535 πατρὶ
2109 5438 2154 5515 τὸ
2174 5437 2354 5523 καταξίαν
2375 5438 2471 5513 ἀπο-

442 5543 644 5615 socatioue:
684 5544 814 5617 Venite
829 5548 874 5616 ad
892 5568 948 5614 me
969 5570 1091 5621 omnes
1114 5556 1176 5647 qui
1198 5551 1370 5625 laboratis
1396 5563 1429 5620 et
1480 5542 1606 5635 νέμων
1621 5539 1752 5638 σέβας·
1778 5536 1857 5615 εἶτα
1870 5536 1912 5614 δὲ
1924 5539 1988 5615 καὶ
2002 5548 2118 5616 πᾶσιν
2129 5539 2223 5637 ἡμῖν
2238 5540 2373 5634 εὐμενῆ
2386 5534 2471 5612 δια-

441 5647 579 5716 oncrati
605 5649 705 5732 estis,
740 5663 773 5720 et
797 5647 872 5738 Ego
899 5646 1052 5733 reficiam
1076 5676 1149 5729 vos.
1217 5655 1356 5725 Psalmo
1371 5656 1428 5725 2:
1463 5686 1469 5697 ·
1479 5643 1623 5740 μένειν,
1650 5640 1714 5717 καὶ
1728 5638 1849 5725 δεξιὸν
1862 5641 1981 5724 eiroiei
1994 5638 2301 5741 παραιτούμενος·

441 5738 666 5817 Osculamini
692 5750 817 5821 filium.
880 5747 980 5820 Beati
1003 5771 1127 5820 omnes
1152 5756 1215 5846 qui
1246 5756 1428 5825 confidunt
1586 5748 1645 5821 ts.
1677 5743 2146 5817 Confunduntetobruunt
2162 5742 2325 5833 Papistae
2345 5742 2470 5815 discri-

441 5844 480 5913 in
495 5868 550 5917 eo.
587 5844 714 5921 Esaiae
727 5853 802 5928 tta
827 5851 906 5925 Stat
920 5848 1153 5937 radislessae,
1178 5866 1217 5923 ut
1229 5854 1275 5924 sit
1289 5856 1428 5945 siguum
1482 5874 1564 5922 men
1573 5848 1665 5939 legis
1679 5863 1713 5923 et
1721 5842 1928 5936 Evangelii,
1954 5859 1990 5918 et
2003 5840 2224 5916 horribiliter
2238 5843 2327 5918 furit
2335 5843 2369 5917 Τ
2370 5842 2472 5919 ham-
