6025 6775
442 636 518 716 ωε
825 581 832 591 ’
1080 621 1344 704 rutmors
1373 617 1829 705 uunauruonrs.
2328 611 2334 626 ‘
2392 650 2470 729 5„

440 817 475 876 et
490 804 578 875 alios
594 805 640 877 ad
656 801 823 877 timorem
838 796 926 890 Dei,
950 798 1114 872 sdfidem
1128 797 1427 873 etoelebrandum
1478 817 1603 867 sorum
1625 795 1666 865 in
1686 818 1750 868 sua
1775 795 1925 891 quisque
1943 802 2149 887 vocatione,
2187 820 2221 879 ct
2245 807 2285 880 in
2305 823 2468 907 regendis
2509 896 2511 900 Α

440 906 556 980 Deum
574 907 717 978 invita,
1340 903 1344 910 '
1478 897 1652 975 moribus.
1702 896 1885 969 laudetur
1906 914 1941 971 et
1962 903 2001 971 in
2026 903 2113 995 ipsis
2134 901 2220 980 haec
2241 934 2344 995 cura,
2370 928 2467 1012 quod

543 1010 609 1081 26.
647 1007 783 1098 Quinta
804 1001 1094 1077 commonefaetio
1116 1016 1187 1076 est:
1229 999 1285 1074 Ne
1312 998 1427 1073 bonos
1478 1021 1555 1069 non
1575 999 1735 1070 furenter
1758 1000 1960 1074 effudemnt
1983 1005 2078 1075 dona
2099 1003 2188 1095 Dei,
2225 1016 2287 1083 sed
2307 1011 2384 1088 Deo
2406 1029 2467 1094 cos

440 1107 518 1182 Deo
540 1111 685 1202 proprie
705 1107 917 1182 conveniens
941 1104 1120 1176 tribuatur
1138 1103 1206 1174 ulli
1225 1104 1297 1187 rei,
1336 1126 1428 1197 quae
1478 1099 1693 1190 gubernanti
1709 1102 1848 1173 adsensi
1862 1116 1964 1189 sunt,
1985 1118 2019 1177 et
2041 1120 2209 1203 tauquam
2233 1115 2467 1212 obsequentes

441 1234 520 1280 non
534 1208 704 1291 estDens,
726 1211 821 1280 iuxta
835 1207 945 1279 illude
968 1203 1051 1275 Non
1066 1201 1213 1275 babebis
1227 1202 1323 1276 Deos
1337 1204 1427 1274 alie-
1477 1201 1628 1293 remiges
1644 1203 1766 1273 labore
1780 1226 1844 1274 sno
1855 1228 1998 1277 cursum
2019 1230 2040 1280 a
2054 1206 2131 1281 Deo
2154 1211 2341 1290 incitatum
2363 1223 2467 1294 adiu-

440 1334 521 1381 nos.
570 1308 675 1381 Item:
692 1306 1014 1380 Dorninuchum
1027 1319 1129 1377 tuum
1145 1306 1322 1391 adorabis,
1344 1318 1378 1376 ct
1393 1304 1426 1374 ei
1477 1318 1617 1376 verunt.
1672 1305 1753 1401 θεῷ
1769 1297 1872 1387 δόξα.

442 1412 510 1482 soli
535 1408 670 1481 servies.
739 1408 886 1480 Tribuit
911 1419 1029 1479 autem
1060 1407 1238 1479 invocatio
1269 1406 1424 1478 absentis

440 1510 731 1602 omnipotentiam
744 1511 808 1628 iis,
833 1510 896 1604 qui
909 1510 1132 1625 invfltfflsslur·
1366 1606 1378 1626 ‚
1476 1533 1636 1629 (Lxu.)
1667 1539 1780 1611 Alia
1814 1535 2105 1632 disputatio:
2134 1544 2183 1619 de
2208 1554 2375 1628 Ecclesia
2424 1571 2466 1634 et

540 1608 662 1697 Quare
678 1607 844 1682 h⁰m¹⁰⁸⁸
856 1623 991 1683 11¹⁰rt⁰¹
1011 1630 1237 1703 ⁰⁰q⁰³q⁰³¹¹¹
1258 1620 1342 1679 ‘¹¹⁰²
1364 1630 1425 1676 ¹¹¹·
1472 1644 1632 1733 propriu
1664 1642 1859 1714 Ecclesiae
1894 1638 2091 1734 doctrino,
2132 1604 2464 1745 respondente'M.

437 1712 603 1785 vocandi.
740 1814 750 1833 .
779 1815 790 1834 .
1394 1808 1405 1830 ,
1475 1738 1914 1837 lobonnednrs‘fobro
1933 1746 2202 1825 Vrots'slooicn.
2228 1756 2461 1838 Ann01550.

538 1811 601 1888 27.
635 1812 791 1884 Memmi
811 1811 1064 1887 Reverendum
1084 1808 1131 1881 D.
1149 1806 1348 1881 Lnthernm
1368 1810 1426 1879 dr·
1475 1841 1539 1914 dfe
1567 1839 1754 1917 19⁸1um3
1814 1848 1947 1929 (pmgfi,
1975 1857 2019 1917 ,10
2049 1859 2209 1940 impu,
2259 1861 2462 1949 „Disputatio

438 1936 535 1985 cere:
558 1913 600 1985 Si
620 1916 720 1984 nulla
746 1916 816 1987 alia
838 1938 941 1988 causa
962 1927 1051 1986 esset
1073 1912 1257 1982 execrandi
1280 1912 1422 1982 invoca·
1475 1947 1614 2032 Magistri
1625 1945 1771 2013 lomi,
1785 1947 1944 2015 Auritabri
1958 1951 2200 2024 vnfflhvim
2223 1963 2260 2026 de
2281 1962 2414 2031 Emia
2434 1986 2464 2035 et

436 2016 571 2087 tionem
587 2029 829 2104 mortuomm,
854 2014 947 2088 banc
965 2039 1074 2136 unam
1095 2013 1180 2084 satis
1203 2035 1368 2131 magnam
1391 2025 1425 2082 et
1475 2053 1598 2135 proprie
1618 2049 1768 2114 Ecclesiae
1789 2052 1935 2117 docatus.
1975 2053 2184 2145 Witebergae.
2217 2061 2268 2129 Ει
2288 2068 2367 2132 offic.
2391 2066 2449 2136 lob

437 2139 580 2206 gravem
594 2142 735 2188 causam
751 2141 845 2205 esso,
869 2141 934 2188 cur
945 2140 1023 2209 prae
1039 2127 1173 2186 mentes
1188 2115 1293 2183 valde
1308 2114 1424 2183 odisse
1729 2150 1828 2222 Lm
1841 2151 1886 2222 M·
1902 2152 2019 2220 Mn„
2053 2161 2138 2245 21²1.
2164 2164 2211 2244 8.)
2452 2122 2461 2142 ’

442 2231 477 2288 et
498 2218 666 2289 detestari
689 2243 767 2288 eum
792 2220 901 2289 ritum
917 2219 1085 2301 debeant,
1112 2215 1208 2310 quod
1223 2214 1423 2286 obscuravit

438 2331 685 2408 argumentum
715 2321 760 2388 de
784 2317 936 2389 Messiae
959 2317 1147 2389 divinitate
1169 2339 1271 2408 saepe
1293 2315 1425 2407 repeti·
1474 2298 1700 2386 Testimonia
1729 2316 1774 2385 dc
1798 2314 1876 2386 Deo
1906 2316 2018 2389 multa
2047 2331 2083 2390 et
2109 2322 2263 2398 illustria
2296 2332 2464 2426 impressa

437 2419 578 2490 tamin
602 2413 803 2510 Prophetis.
867 2417 959 2491 Cum
982 2419 1106 2489 iubent
1126 2415 1294 2486 Messiam
1318 2417 1424 2486 invo-
1475 2432 1560 2488 sunt
1589 2429 1625 2487 et
1652 2410 1841 2486 hominum
1866 2418 2045 2490 mentibus
2068 2434 2103 2493 et
2123 2426 2280 2521 reliquae
2304 2449 2465 2527 naturae,

438 2543 540 2601 care,
579 2520 777 2610 significant
797 2520 1078 2610 omnipotentem
1101 2529 1136 2588 et
1161 2531 1287 2588 natura
1306 2513 1423 2588 Deum
1476 2541 1567 2612 quac
1591 2518 1815 2588 considerare
1837 2518 1926 2588 utile
1949 2532 2012 2590 est.
2062 2520 2133 2595 Sed
2157 2550 2224 2598 nos
2245 2530 2283 2601 in
2306 2532 2464 2612 Ecclesia

438 2641 525 2691 ως.
1475 2619 1672 2709 singulares
1685 2618 1935 2710 patefactioues
1947 2617 2016 2691 Dei
2032 2622 2254 2718 intueamur,
2286 2648 2321 2708 et
2341 2662 2463 2712 carasca

539 2724 605 2796 28·
636 2722 827 2794 Horrenda
849 2722 1104 2805 scelerosum,
1128 2718 1321 2813 pugnantia
1343 2742 1422 2789 curn
1476 2721 1757 2801 consideremus,
1798 2744 1862 2790 cur
1890 2742 1928 2791 se
1950 2718 2049 2794 Deus
2070 2719 2228 2802 humano
2249 2740 2370 2823 generi
2393 2742 2464 2811 cle·

435 2821 553 2913 primo
568 2837 755 2915 praecepto
765 2876 776 2908 ,
799 2824 930 2913 fingere
946 2821 1106 2907 numina,
1133 2844 1223 2915 quae
1238 2844 1312 2890 non
1328 2833 1422 2910 sunt,
1473 2821 1692 2890 mantissime
1706 2821 1928 2913 patefecerit,
1950 2835 1987 2893 et
2007 2849 2114 2918 quam
2137 2832 2337 2907 doctrinam
2352 2844 2464 2912 tradi.

436 2922 492 2995 rel
508 2918 638 2994 babere
660 2924 864 3014 epicuraeas‘
876 2922 1076 3015 opiniones,
1101 2922 1158 2992 vel
1173 2922 1211 2989 in
1227 2945 1311 2990 vero
1328 2921 1421 2991 culta
1474 2921 1584 3006 derit,
1608 2922 1788 3014 quomodo
1802 2917 1997 2992 Ecclesiam
2013 2948 2035 2994 a
2052 2932 2197 3001 caeteris
2218 2939 2382 3023 gentibus
2408 2964 2464 3013 se-

436 3038 581 3096 externo
597 3025 671 3094 veri
684 3021 771 3109 Dei,
795 3036 836 3095 ut
856 3025 895 3092 in
920 3021 1145 3093 invocatione
1168 3023 1244 3092 veri
1257 3019 1345 3107 Dei,
1365 3045 1423 3091 re·
1475 3036 1614 3114 greget,
1643 3034 1678 3092 et
1692 3044 1783 3114 quae
1797 3022 1966 3092 beneficia
1985 3027 2131 3118 propria
2146 3028 2325 3105 Ecclesiae
2341 3041 2461 3117 donet.

420 3111 810 3198 'tinercdiflid'entiarn
843 3121 941 3213 Quid
958 3124 1068 3215 petis,
1093 3148 1173 3194 cum
1187 3120 1285 3194 Deus
1298 3135 1332 3193 te
1347 3146 1423 3191 non
1576 3127 1613 3197 2.
1652 3120 1741 3192 Vult
1760 3120 1856 3192 Dens
1877 3144 1915 3191 se
1940 3127 2103 3213 agnosci,
2136 3133 2215 3203 vult
2236 3148 2361 3208 notum
2390 3165 2464 3214 esse

437 3228 600 3320 recipiat,
624 3238 658 3296 te
673 3249 748 3295 non
770 3226 958 3295 exaudiat?
982 3224 1038 3293 vel
1065 3226 1197 3315 fingere
1220 3224 1336 3296 cultus
1356 3247 1425 3293 no·
1475 3226 1609 3309 filium,
1642 3223 1721 3292 vult
1740 3222 1892 3313 intelligi
1905 3245 2016 3313 genus
2030 3223 2227 3303 humanum
2243 3260 2318 3306 non
2332 3239 2463 3317 frustra

437 3350 522 3415 sos,
542 3328 678 3400 etiamsi
693 3327 846 3399 intentio
866 3339 936 3412 est,
958 3325 1049 3396 velle
1069 3349 1150 3396 vere
1163 3322 1238 3397 Deo
1255 3326 1342 3398 tales
1355 3320 1423 3395 bo-
1475 3326 1659 3398 conditum
1676 3346 1767 3411 esse,
1791 3346 1857 3394 nec
1873 3336 2013 3395 tanturn
2029 3330 2073 3398 ad
2088 3325 2152 3402 bas
2170 3335 2330 3410 miserias
2353 3346 2464 3432 nasci,

437 3451 543 3501 nores
558 3431 727 3501 tribuere.
776 3423 826 3498 Et
842 3428 956 3498 maior
978 3427 1138 3519 impietas
1160 3442 1229 3507 est,
1257 3451 1337 3497 cum
1359 3429 1423 3497 ad·
1475 3429 1537 3500 sed
1551 3425 1670 3514 colligi
1683 3422 1877 3496 Ecclesiam
1894 3426 1953 3497 cui
1967 3427 2006 3496 in
2024 3433 2125 3503 omni
2140 3438 2345 3513 aeternitate
2367 3468 2464 3515 com.

437 3530 735 3622 diturpersuasio
759 3530 953 3600 demerito
976 3528 1277 3620 comploratione,
1305 3527 1423 3599 utlu-
1475 3528 1632 3598 muniret
1672 3549 1771 3595 suam
1804 3526 2012 3604 bonitatem.
2081 3531 2238 3630 Ideoque
2263 3541 2464 3617 doctrinam

439 3630 523 3701 daei
552 3632 780 3701 cumulabant
811 3630 999 3711 sacrificia,
1044 3629 1246 3700 condebant
1276 3629 1422 3703 excelsa.
1475 3653 1582 3725 quam
1605 3627 1776 3710 tradidit,
1814 3628 1895 3698 vult
1917 3631 2079 3701 exaudiri
2103 3656 2125 3706 a
2145 3647 2221 3710 toto
2247 3663 2374 3731 genere
2394 3643 2465 3721 hu-

440 3730 502 3803 Sic
522 3741 604 3801 rota
625 3727 879 3803 monachorum
900 3732 1114 3818 factasunt,
1139 3730 1196 3800 vel
1219 3754 1299 3801 curn
1323 3731 1423 3819 signa
1478 3754 1599 3803 mano.
1658 3774 1660 3779 ·

440 3843 628 3904 vertuntur
643 3833 681 3901 iu
693 3830 806 3919 Deos,
830 3847 871 3904 ut
884 3832 1010 3917 Persae
1026 3832 1144 3922 ignem
1168 3830 1330 3904 sacrificii
1354 3832 1424 3900 fin·
1578 3832 1614 3905 ³.
1670 3829 1819 3924 Semper
1852 3831 1963 3922 igitur
1995 3846 2182 3929 postquam
2218 3847 2348 3938 recepti
2382 3865 2465 3925 sunt

437 3937 570 4024 gabant
583 3956 655 4004 esse
669 3934 786 4026 ipsum
803 3931 932 4006 Deum.
1476 3930 1592 4005 Adam
1618 3944 1652 4002 et
1667 3930 1789 4019 Heva,
1807 3932 1898 4018 fuit,-
1924 3946 1994 4019 est,
2019 3948 2054 4009 et
2078 3937 2146 4009 erit
2167 3941 2287 4037 aliqua
2311 3950 2464 4024 visibilis

537 4037 601 4113 29.
632 4033 820 4107 Caeterum
842 4037 987 4128 prodest
1000 4033 1221 4105 narrationes
1235 4056 1317 4103 vere
1335 4032 1424 4103 scri·
1475 4033 1652 4119 Ecclesia,
1683 4034 1849 4103 distincta
1869 4055 1889 4101 a
1912 4035 2052 4128 reliqua
2073 4040 2303 4117 multitudine
2326 4053 2464 4138 generis

435 4153 511 4229 ptas
535 4139 580 4208 de
601 4137 750 4222 sanctis,
787 4136 988 4229 etquidem
1019 4135 1225 4207 continuam
1246 4129 1423 4205 Ecclesiae
1476 4131 1644 4218 humani,
1683 4157 1770 4203 voce
1792 4129 1980 4221 Evangelii
2002 4148 2037 4207 et
2060 4135 2313 4229 Sacramentis,
2349 4155 2465 4223 conti-

436 4236 621 4311 bistoriam
636 4239 806 4310 omnibus
821 4253 941 4308 notam
960 4260 1052 4322 esse,
1078 4251 1113 4307 et
1131 4260 1233 4328 saepe
1250 4236 1424 4305 multum-
1476 4259 1565 4307 nens
1579 4246 1715 4304 coetum
1732 4245 1824 4303 recte
1841 4234 2051 4305 sentientem
2064 4252 2098 4308 et
2112 4257 2205 4313 recte
2227 4247 2464 4335 invocantem,

437 4367 504 4433 que
521 4341 679 4430 eogitari.
730 4337 891 4409 Primum
907 4353 949 4408 ut
966 4339 1161 4418 discamus,
1187 4338 1366 4430 quomodo
1384 4359 1420 4404 se
1476 4337 1564 4406 alias
1578 4335 1766 4420 maiorem,
1788 4333 1877 4403 alias
1889 4333 2080 4409 minorem.
2131 4341 2231 4416 Sicut
2249 4347 2288 4414 in
2303 4353 2463 4442 symbolo

437 4438 533 4508 Deos
546 4442 760 4531 patefecerit,
781 4452 816 4510 et
832 4462 896 4530 per
909 4460 998 4532 quos
1013 4437 1200 4510 tradiderit
1212 4437 1425 4521 doctrinam,
1477 4437 1694 4508 affirmamus
1714 4457 1781 4506 nos
1805 4434 1967 4524 credere,
1994 4459 2067 4509 esse
2091 4457 2249 4514 sanctam
2269 4443 2464 4526 Ecclesiam

440 4553 476 4608 et
491 4564 581 4631 quae
597 4543 775 4629 doctrina,
801 4565 872 4637 quo
888 4539 1036 4624 ordine,
1059 4538 1191 4631 quibus
1212 4537 1426 4609 testimoniis
1477 4535 1702 4612 catholicam.

439 4640 569 4712 tradita
583 4641 641 4712 sit·
681 4640 820 4717 Deinde
843 4655 884 4714 ut
905 4640 1035 4731 gratias
1050 4662 1193 4730 agamus
1207 4638 1305 4725 Deo,
1328 4641 1424 4733 quod
1578 4637 1615 4709 4.
1646 4637 1721 4709 Nec
1735 4639 1963 4730 cogitandum
1977 4655 2040 4728 est,
2051 4636 2247 4717 Ecclesiam
2260 4672 2333 4723 esse
2347 4654 2465 4727 ideam

439 4765 476 4811 se
509 4742 690 4835 patefecit,
725 4749 820 4840 qnod
851 4753 1021 4839 perpetuo
1053 4741 1189 4831 colligit
1218 4736 1427 4828 Ecclesiam,
1478 4741 1717 4828 Platonicam,
1742 4741 1781 4817 id
1803 4754 1873 4825 est,
1899 4755 2057 4827 coetum,
2085 4745 2149 4840 qni
2164 4770 2339 4843 nusquam
2356 4758 2466 4840 cerni,

441 4846 538 4932 qnod
580 4843 744 4916 excitavit
777 4849 937 4919 doctores
973 4857 1007 4914 et
1040 4846 1201 4914 custodes
1233 4842 1427 4930 doctrinae,
1477 4857 1513 4916 ct
1532 4866 1707 4936 nusquam
1730 4842 1848 4914 audiri
1874 4845 1997 4935 possit.
2060 4843 2288 4941 Conspicitur
2313 4858 2468 4930 enimet

442 4943 538 5033 quod
561 4967 667 5012 suam
683 4951 913 5037 praesentiam
934 4947 973 5014 in
994 4940 1153 5014 Ecclesia
1178 4943 1334 5016 ostendit
1356 4945 1423 5012 mi·
1479 4946 1596 5017 audiri
1617 4944 1854 5015 ministerium
1868 4958 2025 5037 oportet,
2050 4961 2085 5019 ct
2098 4952 2257 5021 exaudiri
2274 4958 2468 5030 confessio·

441 5042 563 5112 randis
578 5044 868 5135 liberationibus,
891 5050 987 5145 quod
1004 5046 1298 5138 pulcerrimarum
1312 5044 1426 5116 virtu·
1478 5068 1581 5131 nem,
1603 5046 1694 5116 sicot
1707 5041 1735 5137 ¹)
1750 5045 1920 5134 scriptum
1936 5059 2004 5117 est:
2030 5043 2074 5118 In
2090 5073 2232 5120 omnem
2248 5067 2379 5128 terram
2393 5061 2468 5131 exi·

441 5158 519 5215 tum
545 5146 705 5235 exempla
735 5148 774 5216 in
802 5153 930 5221 sanctis
958 5148 1156 5243 proposuit.
1221 5144 1427 5217 Videndum
1479 5148 1533 5218 vit
1546 5168 1656 5216 sonus
1673 5167 1809 5219 eorum.

442 5245 549 5316 etiam
572 5245 659 5339 quid
686 5247 835 5342 quisquc
856 5242 1032 5338 docuerit,
1072 5248 1252 5344 quomodo
1279 5247 1428 5317 invoca·
1582 5240 1618 5317 5.
1649 5241 1697 5316 Et
1718 5267 1857 5337 semper
1877 5245 1974 5319 Deus
1999 5253 2191 5343 segregavit
2205 5250 2399 5332 Ecclesiam
2420 5265 2466 5334 ab

441 5347 540 5417 tionc
561 5370 625 5417 sua
648 5362 684 5420 et
706 5349 924 5420 confessione
943 5375 1009 5421 nos
1033 5352 1227 5424 confirmet.
1276 5346 1348 5418 Pro
1371 5342 1429 5419 his
1481 5346 1561 5419 aliis
1582 5341 1791 5418 bominibus
1813 5349 1975 5420 doctrina
1999 5352 2043 5422 de
2065 5357 2214 5427 essentia
2230 5356 2317 5447 Dei,
2342 5363 2387 5432 de
2410 5384 2468 5433 re-

441 5449 546 5519 donis
567 5446 644 5520 Deo
671 5451 828 5542 agendae
850 5465 934 5521 sunt
952 5453 1100 5540 gratiae,
1136 5466 1172 5522 et
1194 5451 1428 5544 petenduma
1481 5449 1661 5520 demtionc
1687 5449 1834 5538 generis
1850 5444 2016 5538 humani,
2057 5467 2092 5525 et
2122 5482 2204 5529 vera
2232 5460 2468 5535 invocatione.

441 5547 538 5636 Deo,
563 5565 603 5621 ut
619 5576 685 5623 nos
700 5575 840 5647 quoque
853 5550 903 5620 sic
924 5564 1021 5637 regat
1041 5566 1075 5624 et
1097 5554 1210 5640 iuvet,
1241 5565 1276 5622 et
1298 5552 1429 5622 confir·
1481 5548 1572 5624 Item
1587 5550 1825 5623 sacramentis
1841 5550 2121 5642 significantibus
2135 5561 2314 5630 decretum
2327 5564 2468 5635 redem-

442 5664 588 5723 mentur
602 5655 640 5722 in
658 5653 762 5725 uobis
775 5652 898 5738 Fides,
921 5649 1029 5741 Spes,
1052 5654 1256 5739 tolerantia,
1282 5654 1428 5723 illorum
1468 5706 1472 5712 .
1908 5668 1912 5673 '

444 5750 606 5826 doctrina
633 5769 669 5827 et
697 5755 875 5850 exemplis.
939 5747 1125 5824 Imitemur
1150 5768 1185 5828 et
1209 5754 1429 5848 diligentiam
1517 5778 2235 5852 1)swain,msmmmmmam.

1778 5853 1868 5926 86*
