6025 6775
386 790 391 798 .
428 736 477 815 n
1172 719 1333 801 unci.
1372 714 1447 795 on
1482 712 1728 828 omont.
2392 735 2455 810 50

429 905 564 981 tissima
589 914 713 987 erant,
743 921 783 971 ac
805 897 910 970 simul
932 896 1114 969 discebant
1134 896 1264 967 variari
1282 906 1415 985 tempe-
1468 892 1712 983 cognoscenda
1734 901 1805 976 est,
1836 904 1954 965 tamen
1978 907 2014 967 et
2037 918 2079 967 eo
2102 900 2253 972 amanda
2276 916 2345 989 est,
2370 906 2454 998 quia

426 1021 534 1081 states
549 1018 633 1076 ortu
649 1016 683 1073 et
695 1023 814 1071 occasu
830 1000 1051 1070 diversorum
1067 999 1234 1070 siderum.
1279 992 1339 1067 Ad
1353 1020 1415 1065 oc·
1465 994 1627 1064 miranda
1650 1014 1707 1063 ars
1727 992 1834 1061 estin
1854 994 1939 1083 ipsis
1955 997 2129 1087 motibus,
2155 1026 2244 1095 quae
2260 1019 2311 1077 est
2326 1004 2451 1097 singu·

429 1130 554 1180 casum
575 1105 676 1174 etiam
697 1101 848 1191 pertinet
877 1101 974 1194 quod
1002 1100 1104 1171 finxit
1125 1110 1279 1171 vetustas
1302 1090 1414 1167 Orio-
1462 1094 1538 1165 lsre
1554 1097 1598 1165 de
1610 1092 1686 1164 Deo
1701 1092 1953 1167 testimonium.
2002 1095 2100 1170 Haec
2113 1126 2192 1171 cum
2207 1103 2256 1173 ita
2271 1105 2363 1191 sint,
2388 1132 2449 1178 co-

431 1230 520 1277 nem
539 1228 558 1274 a
577 1201 719 1291 Scorpio
742 1214 906 1272 necatum
928 1223 1012 1275 esse.
1064 1198 1195 1294 Incipit
1210 1199 1304 1270 enim
1318 1196 1413 1268 occi·
1463 1195 1571 1285 gitate
1587 1208 1763 1289 quantum
1778 1196 1890 1264 scelus
1911 1196 1958 1265 sit
1974 1192 2067 1270 hanc
2088 1198 2362 1291 pulcherrimam
2379 1204 2448 1278 Dei

434 1310 518 1378 dere
531 1299 644 1372 Orion
665 1326 685 1372 e
706 1304 853 1393 regione
877 1304 1084 1372 ascendente
1101 1301 1259 1394 Scorpio.
1313 1296 1411 1386 Quid
1462 1296 1670 1387 sapientiam
1692 1308 1935 1380 contemnere,
1968 1311 2003 1366 et
2025 1324 2045 1368 a
2068 1303 2349 1377 consideratione
2370 1308 2446 1379 eius

431 1405 570 1500 prodest
592 1403 657 1472 ista
681 1404 904 1474 considerare
920 1402 1088 1496 inquiunt
1105 1391 1241 1495 aliqui?
1272 1413 1308 1470 et
1323 1397 1411 1468 Pin·
1461 1398 1635 1467 abducere
1652 1392 1823 1466 homines.
1871 1393 1975 1467 Hanc
1991 1398 2165 1470 maliciam
2185 1407 2310 1494 poenis
2324 1409 2445 1499 publi-

429 1503 584 1574 daricum
612 1497 681 1572 hoc
705 1504 870 1577 recitant:
909 1500 1079 1598 decoquor
1102 1497 1241 1599 σοφίαν
1265 1496 1411 1596 δρέπειν
1462 1498 1512 1569 cis
1525 1499 1747 1588 magistratus
1768 1496 1895 1588 punire
1910 1497 2096 1570 debebant.
2148 1505 2218 1574 Sed
2235 1510 2348 1596 arguti
2364 1511 2444 1602 qui-

424 1599 512 1683 τοὺς
533 1598 726 1699 φυσικοὺς.
784 1604 867 1675 Non
889 1603 1093 1693 ignoramus
1114 1604 1307 1675 multorum
1327 1603 1409 1671 bar·
1461 1600 1543 1669 dam
1560 1600 1774 1690 respondent
1790 1621 1826 1667 se
1842 1621 1916 1667 non
1932 1597 2134 1689 improbare
2147 1619 2306 1676 motuum
2322 1611 2443 1698 cogni·

423 1705 561 1775 bas-icas
584 1705 782 1796 opiniones.
842 1703 911 1775 Sed
934 1704 1088 1793 primum
1111 1704 1325 1797 opponimus
1346 1725 1409 1771 vo-
1461 1699 1612 1782 tiouem,
1638 1701 1698 1768 sed
1716 1698 1964 1768 divinationes.
2007 1697 2075 1769 Hic
2090 1716 2286 1791 praetextus
2302 1719 2442 1778 tantum

423 1828 498 1875 cem
526 1806 687 1873 divinam
715 1827 805 1898 quae
836 1804 1020 1897 inquit'de
1043 1804 1147 1889 Sole,
1177 1805 1279 1876 Luna
1304 1822 1337 1873 et
1365 1803 1409 1871 de
1461 1814 1512 1870 est
1534 1804 1658 1891 σχῆμα
1678 1794 1865 1871 πολιτικὸν
1884 1793 2091 1897 τοῦλόγου.
2142 1799 2253 1875 Aliud
2270 1808 2442 1895 agiturab

425 1905 557 1978 Stellio.
609 1902 728 1976 Erunt
753 1905 907 1993 insigna
930 1918 1106 1996 tempora,
1136 1908 1211 1976 dies
1234 1918 1408 1976 etannos.
1460 1900 1544 1969 illis.
1594 1900 1722 1971 Sciunt
1745 1900 1839 1968 enim
1869 1923 1956 1992 quas
1982 1901 2219 1975 divinationes
2243 1908 2442 1996 probemus.

424 2003 514 2076 Vult
529 1993 732 2075 Deus'sciri
747 2006 833 2075 anni
850 2018 975 2089 metas,
1000 2006 1206 2091 intervalla,
1231 2020 1268 2076 et
1283 2005 1408 2074 seriem
1459 2000 1602 2071 Norunt
1624 2024 1689 2067 nos
1712 2000 1842 2069 diserte
1863 2001 2061 2071 discernere
2079 2026 2199 2074 causas
2219 2000 2396 2100 physicas,
2421 2034 2441 2081 a

422 2119 571 2198 propter
594 2106 724 2176 multas
746 2107 967 2195 gravissimas
992 2131 1129 2194 causas,
1158 2108 1336 2190 videlicet,
1368 2117 1408 2176 ut
1459 2102 1555 2183 Deo,
1586 2124 1606 2168 a
1630 2100 1751 2170 liberis
1780 2096 1955 2169 humanae
1984 2105 2176 2174 voluntatis
2197 2106 2442 2196 electionibus,

424 2208 576 2277 sciamus
608 2206 721 2275 solum
748 2210 862 2282 Deum
889 2221 983 2277 retro
1014 2207 1052 2276 in
1079 2210 1178 2279 omni
1204 2205 1408 2277 aeternitate
1459 2201 1683 2271 adiabolicis
1706 2201 1994 2291 impulsionibus.
2044 2200 2105 2272 An
2129 2206 2241 2275 scelus
2257 2222 2310 2279 est
2325 2210 2440 2280 dicere

423 2306 548 2387 luisse,
581 2300 666 2375 haec
689 2330 773 2378 vero
803 2332 950 2398 corpora
979 2311 1104 2379 mundi
1127 2312 1173 2380 ab
1200 2310 1275 2397 ipso
1296 2306 1406 2375 libere
1459 2300 1552 2373 Solis
1571 2302 1706 2371 lumine
1720 2302 1870 2372 calefieri
1888 2304 2024 2386 a'e'rem,
2049 2318 2083 2373 ct
2098 2305 2237 2375 radium
2252 2309 2440 2380 rectiorem

423 2419 512 2477 tunc
525 2408 667 2479 condita
682 2429 776 2492 esse,
801 2433 879 2478 cum
896 2408 965 2500 ipsi
980 2410 1124 2499 placuit.
1175 2405 1228 2477 Ac
1249 2419 1288 2475 ut
1303 2406 1405 2476 initia
1458 2404 1495 2472 in
1514 2414 1644 2473 aestate
1666 2403 1833 2472 maiorem
1851 2404 1923 2471 vim
1946 2404 2172 2474 calefaciendi
2192 2402 2341 2495 habere,
2365 2409 2441 2483 Lu-

423 2517 576 2596 cogitare
597 2508 772 2578 mentibus
796 2532 994 2601 possemus,
1028 2530 1203 2577 annorum
1225 2508 1404 2578 distinctio
1457 2528 1538 2573 nam
1554 2504 1719 2591 frigidam
1735 2527 1818 2576 esse.
1852 2504 1929 2574 Hae
1943 2504 2127 2597 qualitates
2143 2506 2337 2594 luminum,
2359 2536 2440 2581 cum

421 2608 513 2675 facta
529 2630 616 2698 quae
632 2609 774 2679 metitur
788 2624 939 2701 tempus.
979 2607 1117 2678 Deinde
1131 2609 1206 2678 vult
1221 2604 1402 2678 hocetiam
1456 2605 1495 2673 in
1515 2604 1600 2671 aussi
1623 2604 1773 2674 circuitu
1803 2607 2089 2691 considerantur,
2128 2609 2240 2698 magis
2271 2610 2440 2701 aspicitur

423 2707 516 2789 sciri,
539 2703 630 2776 hanc
643 2710 907 2798 generationem
921 2702 1110 2777 humanam
1122 2710 1279 2779 nonfore
1292 2721 1403 2778 aeter·
1456 2727 1512 2773 ars
1535 2717 1570 2774 et
1590 2705 1760 2793 sapientia
1784 2702 1863 2779 Dei.
1915 2704 2004 2775 Tale
2020 2706 2087 2778 iter
2103 2721 2154 2778 est
2171 2708 2265 2780 Solis
2281 2736 2343 2803 per
2361 2737 2440 2783 cae-

423 2829 526 2885 nam,
551 2812 609 2877 sed
627 2810 852 2878 constitutam
870 2829 943 2876 csse
956 2824 1104 2895 metam,
1131 2833 1219 2902 quae
1234 2833 1305 2877 non
1321 2832 1404 2898 pro·
1456 2818 1548 2873 teras
1567 2804 1703 2890 stellas,
1734 2817 1776 2876 ut
1797 2807 1835 2874 in
1856 2806 2007 2893 singulis
2026 2809 2153 2899 spaciis
2174 2813 2358 2901 qualitates
2381 2837 2439 2882 ac-

421 2908 479 2975 cul
495 2907 611 2990 abest,
637 2932 716 2976 cum
734 2908 882 2977 mortuis
895 2908 1099 2981 restituetur
1113 2913 1205 2994 vita,
1232 2925 1265 2980 et
1280 2906 1403 2980 Eccle·
1456 2904 1699 2971 commodatae
1720 2906 1791 2971 sint
1807 2909 1850 2974 ad
1868 2931 1987 2975 rerum
2005 2911 2223 2978 nascentium
2240 2914 2439 2981 utilitatem.

420 3007 473 3077 sia
492 3008 681 3077 ornabitur
702 3024 849 3098 pepetua
869 3010 998 3099 gloria,
1022 3024 1057 3082 et
1074 3011 1177 3102 impii
1192 3010 1404 3079 abiicientur
1456 3001 1560 3074 Aries
1581 3013 1633 3072 est
1651 3001 1794 3083 siccior,
1821 3016 1863 3069 ut
1877 3019 1968 3074 terra
1992 3003 2143 3077 hiberno
2157 3010 2287 3099 frigore
2308 3026 2343 3082 et
2356 3014 2439 3101 plu-

418 3106 459 3174 in
492 3123 680 3197 perpetuos
708 3112 900 3196 cruciatus,
936 3125 970 3181 et
997 3136 1200 3204 quanquam
1228 3112 1403 3180 nescimus
1454 3105 1522 3173 viis
1547 3103 1738 3172 madefacta
1762 3098 1881 3169 minua
1905 3102 1951 3169 sit
1974 3126 2139 3185 coessoffls
2172 3122 2205 3173 0²
2228 3110 2287 3177 fiat
2309 3112 2439 3179 idonea

418 3229 492 3295 quo
509 3227 623 3279 anno,
648 3217 760 3291 etquo
775 3208 835 3272 die
850 3209 955 3276 tubae
970 3210 1149 3296 angelicae
1162 3225 1291 3278 canent
1306 3210 1403 3276 illius
1454 3203 1660 3272 seminibus.
1710 3200 1836 3269 Postea
1851 3222 1932 3268 curn
1949 3221 2043 3288 seges
2060 3200 2131 3269 iam
2146 3204 2281 3290 prodit,
2307 3219 2342 3275 et
2357 3230 2439 3276 rur-

418 3295 594 3391 triumphi
611 3300 770 3387 initium,
792 3316 910 3372 tamen
924 3300 991 3374 lioc
1003 3304 1101 3374 Deus
1114 3306 1304 3395 praedixit,
1330 3327 1402 3372 non
1455 3323 1515 3371 sus
1528 3301 1664 3389 indiget
1678 3299 1861 3387 rigatione,
1886 3322 1966 3367 cum
1977 3299 2040 3370 Sol
2058 3302 2198 3370 accessit
2214 3306 2257 3372 ad
2273 3303 2436 3376 Pleiadas

417 3400 567 3487 longum
597 3400 674 3469 lore
695 3399 922 3472 intervallum
952 3427 971 3474 a
994 3399 1128 3474 Christi
1149 3405 1404 3475 resurrectione
1455 3399 1657 3493 etllyodas‚
1683 3400 1803 3469 stellae
1817 3394 1984 3470 humidae
1996 3402 2153 3472 tundunt
2168 3405 2322 3495 pluvias,
2349 3406 2438 3479 Inde

416 3501 463 3569 ad
489 3512 657 3568 nostram.
719 3497 767 3571 Et
790 3526 864 3571 non
881 3507 1136 3571 contemnenda
1152 3518 1202 3571 est
1219 3504 1402 3584 sententia,
1453 3500 1612 3587 procedit
1631 3498 1694 3568 Sol
1726 3522 1790 3589 per
1812 3513 2044 3590 temperatum
2068 3503 2166 3572 sidus
2186 3503 2436 3596 Geminorum,

366 3610 372 3621 “
416 3620 509 3693 quae
527 3594 628 3667 Eliae
647 3598 834 3669 tribuitur:
864 3598 931 3667 Sex
950 3600 1063 3668 millia
1085 3623 1263 3670 annorum
1288 3598 1398 3670 Mun·
1452 3612 1486 3668 et
1502 3598 1599 3667 dulci
1619 3600 1734 3669 calore
1746 3601 1865 3670 omnia
1882 3603 2061 3672 nascentia
2076 3604 2181 3675 lovet.

417 3702 502 3787 dus,
527 3713 562 3770 et
576 3712 694 3790 postea
711 3697 951 3786 conflagratio.
1551 3696 1643 3769 Cum
1668 3702 1713 3770 ad
1739 3697 1915 3771 Cancrum
1941 3717 1977 3774 et
2006 3706 2049 3773 ad
2076 3702 2247 3797 Praesepe
2272 3711 2435 3792 accessit,

620 3796 704 3868 Duo
719 3798 852 3882 millia,
878 3796 987 3868 lnane
1450 3821 1573 3868 rursus
1600 3824 1689 3891 opus
1722 3814 1774 3871 est
1803 3803 1997 3894 rigatione,
2035 3828 2116 3873 cum
2149 3807 2218 3875 iam
2252 3830 2360 3896 grana
2394 3811 2433 3878 in

618 3896 701 3968 Duo
715 3899 844 3984 millia,
870 3896 953 3972 Lex.
1308 3899 1311 3906 ’
1450 3896 1556 3990 spicis
1589 3901 1792 3990 gignuntur.
1864 3899 2005 3975 Rursus
2030 3907 2075 3975 ad
2104 3929 2250 3977 messem
2278 3910 2433 3983 siccitate

619 3997 701 4069 Duo
719 3999 831 4068 millia
848 3999 923 4067 dies
939 3996 1098 4068 Messias.
1451 4023 1540 4090 opus
1562 4014 1624 4075 est.

517 4094 608 4170 Etsi
625 4100 687 4193 qui
708 4099 795 4170 anni
813 4102 981 4189 deerunt,
1008 4103 1159 4167 deerunt
1175 4111 1318 4187 propter
1332 4120 1396 4164 no·
1553 4098 1681 4170 Aestus
1703 4101 1812 4188 igitur
1836 4117 1919 4172 sunt
1940 4105 2090 4174 maiores
2112 4133 2191 4179 cum
2214 4111 2355 4181 accessit
2367 4110 2432 4182 Sol

419 4217 491 4276 stra
512 4215 648 4292 peccata
670 4226 759 4296 quae
783 4201 893 4270 multa
914 4214 1005 4271 sunt.
1057 4196 1147 4269 Cum
1169 4214 1284 4268 atatem
1302 4221 1399 4266 nunc
1451 4202 1495 4268 ad
1509 4196 1654 4269 Sirium.
1704 4200 1801 4269 Haec
1822 4206 2063 4293 autemmagis
2082 4211 2275 4280 autminus
2292 4212 2432 4300 regula-

419 4328 440 4375 a
457 4303 599 4375 condito
615 4304 750 4373 mundo
767 4302 973 4372 transierint
987 4301 1144 4392 quinque
1158 4299 1270 4368 millia
1285 4322 1398 4369 auno·
1449 4299 1538 4370 riter
1561 4300 1650 4368 liunt
1672 4314 1817 4393 propter
1832 4301 2050 4392 planetarum
2072 4305 2210 4377 itinera.
2257 4307 2307 4379 Et
2320 4323 2429 4380 totam

419 4428 516 4489 rum,
552 4403 638 4472 anni
661 4403 846 4496 quingenti
870 4416 904 4473 et
933 4402 1155 4496 quindecim,
1188 4413 1320 4470 certum
1347 4413 1399 4468 est
1450 4396 1543 4470 lianc
1564 4395 1764 4470 machinam
1789 4401 1970 4472 liberrima
1991 4405 2173 4476 voluntate
2186 4405 2281 4478 Deus
2298 4410 2430 4498 guber·

420 4527 576 4576 noanon
602 4506 726 4596 procul
748 4507 867 4573 abesse
884 4505 930 4571 ab
952 4502 1048 4571 illius
1070 4495 1241 4592 triumphi
1260 4501 1344 4583 die,
1360 4500 1398 4568 in
1450 4514 1523 4570 nat.
1583 4500 1694 4573 Adest
1713 4503 1825 4571 cnissis
1847 4505 2011 4574 secundis
2033 4506 2072 4574 iu
2093 4520 2168 4578 toto
2190 4531 2254 4578 suo
2278 4509 2432 4599 opificio,

419 4630 490 4702 quo
513 4630 548 4676 se
573 4607 666 4676 lilius
689 4602 756 4676 Dei
778 4626 901 4677 rursus
923 4606 1083 4674 ostendet
1099 4601 1265 4672 universo
1280 4601 1398 4690 generi
1450 4616 1485 4672 et
1500 4613 1643 4691 propter
1665 4598 1850 4686 hominum
1873 4605 2001 4675 scelera
2018 4608 2137 4677 minus
2159 4609 2304 4681 adiuvat
2319 4612 2430 4680 bonas

419 4702 595 4793 humano,
618 4702 838 4778 etllcclesiae
852 4729 935 4775 suae
949 4729 1067 4773 coram
1080 4703 1238 4774 ostendet
1253 4716 1397 4793 patrem.
1451 4703 1671 4786 effectiones,
1702 4726 1804 4795 saepe
1831 4719 1864 4775 et
1892 4722 2035 4798 propter
2061 4704 2254 4779 Ecclesiam
2282 4711 2432 4801 impedit

418 4804 601 4881 Praeterea
625 4821 745 4880 notam
762 4830 836 4878 esse
858 4806 983 4875 seriem
998 4828 1172 4875 annorum
1186 4828 1226 4873 eo
1243 4827 1400 4872 necessa·
1451 4804 1572 4874 malas.
1631 4800 1677 4876 Et
1700 4818 1816 4875 tamen
1839 4830 1895 4875 ars
1924 4807 1962 4876 iu
1986 4808 2216 4878 fabricatione
2247 4835 2429 4881 causarum

423 4903 517 4977 rium
533 4925 601 4994 est,
625 4923 665 4980 ut
680 4911 831 4980 sciamus
846 4927 937 5002 quae
953 4906 999 4977 sit
1015 4905 1245 4976 vetustissima
1263 4905 1400 4974 doctri·
1452 4906 1671 4994 agnoscenda
1700 4917 1762 4978 cst.
1828 4904 1910 4976 Non
1935 4909 2011 4977 siue
2040 4923 2134 4978 certo
2165 4912 2313 4980 consilio
2337 4913 2430 4981 vices

420 5003 529 5078 nain
552 5028 673 5095 genere
696 5006 874 5094 humano,
907 5009 1070 5103 quando,
1098 5007 1227 5098 quibus
1244 5005 1402 5100 testibus,
1451 5006 1592 5077 aestatis
1611 5019 1645 5075 et
1665 5001 1801 5098 hyemis
1816 5006 1996 5077 institutae
2016 5025 2109 5083 siant.
2161 5008 2249 5081 Vult
2265 5010 2358 5082 Deus
2373 5014 2431 5081 in-

420 5105 577 5181 traditae
596 5104 667 5176 sint
675 5111 940 5197 promissiones,
964 5134 1036 5203 quo
1057 5122 1213 5199 tempore
1228 5105 1321 5176 lilius
1334 5102 1401 5174 Dei
1452 5107 1639 5177 tervallum
1653 5128 1742 5189 esse,
1768 5130 1840 5199 quo
1853 5121 1945 5179 terra
1967 5121 2108 5202 accepto
2123 5108 2255 5180 semine
2278 5113 2433 5204 quiescat

420 5213 680 5298 adsumpturus
694 5223 764 5278 erat
775 5207 965 5283 humanam
983 5222 1166 5309 patticam,
1190 5231 1279 5301 quae
1294 5206 1403 5276 luerit
1453 5222 1488 5279 et
1504 5208 1677 5279 madefiat.
1727 5203 1887 5278 Discedit
1905 5207 2014 5297 igitur
2025 5207 2106 5294 Sol,
2127 5223 2167 5278 ut
2190 5212 2280 5281 radii
2300 5237 2365 5283 nos
2380 5215 2433 5283 lc·

420 5312 539 5383 lutura
565 5307 675 5378 series
703 5307 993 5386 monarchiarum.
1050 5309 1232 5380 Postremo
1252 5323 1403 5401 quantae
1453 5308 1681 5378 riantminus
1696 5309 1792 5381 recti.
1843 5307 1916 5378 Nec
1938 5322 2056 5378 tamen
2075 5309 2224 5384 discedit
2239 5336 2259 5382 a
2274 5337 2337 5385 suo
2353 5316 2432 5405 opi-

422 5413 587 5486 tenebrae
602 5423 718 5479 essent
729 5407 766 5477 iu
778 5414 950 5482 communi
963 5412 1053 5495 vita,
1075 5411 1114 5478 in
1123 5406 1297 5494 historiis,
1317 5433 1404 5479 cou-
1453 5408 1534 5479 licio
1558 5405 1665 5481 Deus.
1723 5407 1794 5481 Sed
1809 5423 1922 5480 servat
1940 5407 2058 5481 Solem
2085 5424 2120 5480 et
2140 5423 2288 5499 terram,
2325 5429 2357 5484 et
2372 5437 2433 5501 ge-

423 5513 612 5593 tractibus,
634 5510 792 5594 iudiciis,
818 5508 847 5577 si
863 5510 957 5587 nulla
974 5527 1061 5586 esset
1076 5534 1253 5581 annorum
1276 5510 1404 5581 distin·
1455 5533 1525 5580 nus
1544 5505 1757 5595 humanum,
1789 5523 1824 5582 ct
1839 5511 2040 5582 ellectiones
2053 5509 2147 5583 Solis
2164 5537 2230 5584 suo
2251 5513 2431 5585 liberrimo

425 5612 505 5686 ctio.
551 5611 707 5701 'Propter
722 5622 795 5680 tam
814 5609 943 5679 multas
966 5634 1084 5683 causas
1108 5602 1205 5683 Deus
1229 5635 1404 5682 annorum
1454 5611 1605 5682 consilio
1620 5610 1676 5681 rel
1689 5612 1852 5698 adiurat,
1876 5612 1933 5682 vel
1947 5611 2104 5704 impedit.
2152 5609 2207 5684 Ac
2219 5615 2303 5685 totis
2316 5620 2436 5702 pecto·

329 5762 331 5781 ,
424 5712 687 5783 distinctionem
701 5724 759 5782 ··et
791 5710 965 5796 instituit,
1004 5724 1038 5783 et
1066 5713 1250 5784 observari
1283 5713 1407 5784 voluit.
1457 5712 1557 5782 ribus
1578 5713 1729 5784 latemur
1749 5734 1849 5784 veras
1866 5735 1941 5784 esse
1962 5711 2164 5785 sententias.
2214 5708 2258 5780 ln
2278 5708 2357 5781 Deo
2380 5709 2437 5778 vi-

427 5812 616 5903 Qoaestsi
634 5812 778 5905 propter
799 5812 994 5899 utilitates,
1022 5813 1407 5911 qnesunt'plorimae,
1457 5813 1593 5902 rimus,
1616 5837 1755 5903 sumus,
1778 5827 1816 5888 ct
1834 5836 2032 5992 morimur.
2087 5811 2177 5891 ltem
2199 5809 2275 5903 ipse
2295 5823 2347 5883 est
2364 5815 2437 5884 vita

481 5914 659 5984 messer.
681 5917 787 5987 ons.
813 5917 992 5990 Vosnxll.
