6025 6775
615 623 690 704 427
1375 585 1893 672 PROPOSITIONES.
2569 609 2648 687 420

619 795 739 870 Galat.
752 789 805 866 t:
855 783 926 856 Per
951 778 1063 867 ham
1091 767 1160 859 legi
1189 777 1351 838 mortuus
1382 787 1484 853 sum,
1522 764 1605 838 vivo
1658 761 1839 841 heudatur
1858 762 1946 841 hace
1965 760 2181 861 consolatio,
2205 773 2333 849 decinit
2351 771 2458 849 homo
2480 800 2555 852 ωε
2577 782 2648 852 do.

621 913 741 974 autem
757 887 914 963 uoniam
927 900 1011 967 ego,
1035 873 1095 943 sed
1111 867 1253 941 vivitin
1268 890 1326 938 mc
1340 860 1517 943 Christus.
1659 868 1834 942 micilium
1853 865 1939 956 Dei,
1976 882 2012 942 et
2034 870 2098 952 alii
2117 876 2305 948 securitate
2326 880 2458 949 carnali
2482 892 2648 973 pereunt,

724 993 784 1065 Fit
816 985 923 1076 igitur
955 970 1214 1064 regeneratio,
1245 993 1326 1040 curn
1359 968 1482 1039 audita
1523 990 1609 1039 vocs
1662 968 1724 1040 alii
1753 969 1871 1043 statim
1904 969 2063 1063 oppressi
2094 975 2343 1064 desperatione
2382 980 2649 1070 extinguuntur.

623 1090 832 1183 Evangelii,
867 1081 961 1151 lilius
984 1073 1072 1159 Dei,
1112 1071 1176 1165 qui
1204 1084 1257 1143 est
1284 1069 1445 1140 Verbum
1474 1064 1611 1140 aeterni
1662 1067 1811 1143 Necesse
1824 1084 1878 1142 est
1891 1073 2000 1161 igitur
2014 1073 2058 1142 de
2076 1066 2143 1144 hac
2168 1080 2434 1167 consolatione,
2459 1094 2493 1152 et
2512 1085 2555 1152 de
2578 1079 2648 1154 hac

624 1196 755 1293 patris,
788 1199 840 1259 est
859 1179 963 1252 uobis
983 1176 1055 1246 iam
1078 1174 1207 1244 veritas
1227 1185 1262 1242 et
1283 1171 1379 1257 vita,
1408 1165 1537 1245 lohan.
1554 1167 1613 1241 tt.
1662 1171 1732 1246 lide
1745 1172 1866 1243 doceri
1880 1168 2052 1243 laomines.

625 1297 752 1372 Movet
781 1286 886 1358 corda
917 1291 1036 1349 nostra
1064 1275 1134 1345 fide
1156 1297 1221 1366 per
1243 1268 1419 1365 Spiritum
1440 1284 1614 1356 sanetum,
1767 1272 1881 1348 LXX.
1921 1268 1972 1344 Et
1993 1289 2193 1363 congruunt
2214 1278 2307 1350 dicta
2330 1281 2536 1352 dulcissima
2556 1280 2650 1353 Iere-

626 1418 668 1473 ,η
688 1393 871 1466 credamus
889 1379 1002 1451 nobis¹
1021 1378 1066 1447 ab
1088 1387 1232 1446 aeterno
1259 1385 1360 1465 patre
1381 1371 1514 1443 remitti
1533 1396 1614 1464 peu-
1665 1374 1757 1445 miae
1771 1376 1855 1449 tha
1887 1369 1937 1445 Et
1952 1376 2126 1446 suscitabo
2141 1375 2254 1452 David
2271 1402 2416 1470 germen
2432 1383 2586 1467 iustum,
2616 1398 2652 1455 et

626 1511 720 1573 cata,
747 1504 782 1559 et
797 1507 864 1558 nos
879 1481 987 1573 recipi
1006 1491 1150 1570 propter
1169 1475 1421 1558 mediatorem,
1444 1468 1563 1544 Deum
1581 1484 1616 1544 et
1665 1476 1831 1567 regnabit
1853 1499 1935 1561 rex,
1958 1489 1994 1546 et
2019 1470 2088 1548 boc
2107 1492 2159 1550 est
2182 1501 2331 1562 nomeu,
2357 1483 2453 1575 quod
2473 1484 2653 1557 vocabunt

626 1593 831 1674 hominem,
865 1604 1005 1677 passum
1027 1592 1062 1650 et
1081 1578 1338 1650 resuscitatum.
1388 1571 1432 1644 ln
1446 1567 1514 1644 bae
1529 1596 1616 1645 con·
1667 1602 1749 1648 eum
1777 1574 1875 1648 Deus
1903 1576 2042 1648 iusticia
2073 1592 2206 1651 nostra.
2271 1580 2341 1651 Hic
2367 1579 2482 1667 Deus,
2519 1585 2655 1656 scilicet

628 1693 802 1770 solatione
830 1682 1019 1762 vivificati,
1066 1680 1137 1749 iarn
1170 1701 1294 1749 sumus
1320 1674 1544 1746 domicilium
1582 1686 1617 1746 et
1668 1677 1839 1763 Messias,
1862 1676 1924 1771 qui
1946 1691 1998 1748 est
2023 1692 2058 1750 et
2079 1677 2176 1750 Deus
2197 1693 2231 1752 et
2251 1703 2392 1772 germen
2407 1680 2574 1767 Davidis,
2600 1700 2656 1757 est

628 1795 802 1887 templum
817 1788 905 1871 Dei,
941 1783 1032 1853 sicut
1055 1781 1191 1852 dietum
1215 1792 1267 1849 est
1293 1771 1511 1849 lohan.14.:
1545 1773 1617 1843 Ve-
1668 1778 1807 1849 iusticia
1826 1777 1971 1862 ‘nostra‚
2002 1791 2036 1849 et
2058 1781 2191 1851 donata
2217 1783 2321 1853 nohis
2341 1786 2387 1854 ad
2407 1784 2655 1854 remissionem

629 1900 770 1972 niemns
790 1892 836 1961 ad
859 1910 959 1969 eum,
992 1895 1026 1952 et
1049 1881 1269 1952 mansionem
1292 1878 1386 1970 apud
1409 1900 1490 1947 eum
1511 1874 1617 1946 lacie-
1667 1891 1910 1971 peccatorum,
1958 1889 1993 1948 et
2024 1880 2364 1970 reconciliationem,
2412 1909 2518 1977 quam
2547 1886 2654 1956 nohis

628 2022 721 2074 mus.
773 1991 862 2064 ltem
879 1986 996 2059 Galat.
1009 1988 1064 2057 2.=
1097 1981 1198 2051 Vivit
1215 2003 1299 2049 vero
1315 1980 1354 2047 io
1373 1972 1616 2052 meChrislus.
1667 1979 1815 2064 meruit,
1845 1979 1941 2051 etin
1966 1982 2071 2051 nohis
2094 1977 2251 2069 habitat,
2278 2000 2320 2058 ut
2341 1985 2449 2056 vitam
2475 1999 2654 2056 aeternam

621 2100 722 2184 ,ltem
750 2089 876 2167 lohan.
905 2087 981 2157 ¹0.:
1019 2080 1097 2174 Ego
1127 2082 1237 2152 vitam
1267 2093 1446 2149 aeternam
1475 2080 1522 2147 du
1555 2076 1617 2148 eis.
1669 2092 1704 2150 et
1718 2078 1893 2150 iusticiam
1907 2081 2013 2149 nohis
2028 2084 2167 2168 reddat,
2187 2085 2278 2156 sicut
2292 2080 2653 2156 inlohannedicitnr:

631 2201 723 2275 Item
739 2190 865 2269 lohan.
880 2186 933 2263 5.:
958 2186 1063 2257 Pater
1077 2203 1302 2274 mensusque
1319 2181 1426 2248 modo
1442 2189 1620 2269 operatur,
1671 2177 1797 2250 Gratia
1825 2193 1858 2251 et
1885 2180 2012 2251 'veritas
2034 2205 2097 2271 per
2122 2182 2238 2253 lesum
2260 2182 2444 2259 Christum
2474 2190 2564 2257 facta
2591 2203 2655 2264 est.

634 2316 670 2374 et
696 2323 760 2392 ego
789 2314 928 2387 operor.
984 2286 1074 2358 Item
1104 2278 1323 2355 lohan.10.:
1363 2278 1476 2349 Nemo
1505 2290 1621 2370 potest
1674 2277 1816 2364 Gratia,
1837 2281 1966 2365 idest,
1989 2282 2150 2353 remissio
2171 2301 2414 2375 peccatorum,
2441 2300 2474 2360 et
2494 2292 2655 2358 reconci-

631 2425 757 2495 rapere
773 2418 856 2468 oves
866 2411 962 2461 meas
975 2411 1016 2457 ex
1030 2385 1194 2455 manibus
1210 2383 1310 2452 meis.
1337 2374 1621 2452 ltemlohsn.6.:
1674 2380 1785 2451 liatio.
1836 2377 1991 2464 Veritas,
2013 2381 2050 2450 id
2066 2396 2134 2468 cst,
2159 2409 2242 2455 vera
2260 2401 2295 2457 et
2311 2401 2454 2459 aeterna
2470 2390 2656 2480 sapientia,

634 2505 710 2575 Vos
724 2503 763 2572 in
781 2520 838 2567 me
855 2492 957 2576 estis,
982 2501 1016 2560 et
1039 2509 1102 2576 ego
1125 2485 1164 2555 iu
1187 2484 1304 2568 vobis,
1328 2478 1406 2570 Ego
1423 2502 1503 2550 sum
1526 2480 1621 2565 vitis,
1673 2481 1808 2570 agnitio
1821 2503 1904 2549 vera
1912 2477 1999 2565 Dei,
2020 2482 2091 2552 vita
2106 2498 2140 2556 et
2155 2486 2291 2558 iusticia
2307 2503 2452 2560 aeterna
2467 2514 2529 2582 per
2540 2489 2657 2561 lesum

636 2629 700 2677 vos
716 2599 891 2695 palmites.
1672 2578 1856 2653 Christum
1872 2582 1977 2651 nohis
1994 2585 2243 2656 communicata
2259 2602 2323 2663 ert.

738 2701 794 2773 Ac
819 2712 977 2787 expresse
998 2710 1137 2780 semper
1160 2682 1408 2754 damnavimus
1423 2696 1458 2753 et
1473 2684 1620 2752 damna·
1774 2680 1907 2756 Lxxt.
1949 2680 2098 2751 Necesse
2127 2698 2178 2755 cst
2203 2687 2319 2758 doceri
2351 2702 2493 2761 renatos
2522 2690 2559 2758 in
2589 2686 2657 2760 hac

637 2827 717 2879 runs
737 2795 957 2872 Pharisaicas
984 2803 1020 2860 et
1038 2787 1245 2875 Pelagianas
1265 2785 1429 2855 tenebras
1450 2782 1623 2867 omnium,
1675 2783 1767 2869 vita,
1804 2807 2009 2877 quanquam
2030 2783 2102 2853 iam
2122 2796 2206 2855 sunt
2225 2791 2392 2879 templum
2415 2787 2502 2875 Dei,
2536 2806 2658 2861 tamen

637 2909 701 3002 qui
716 2904 871 2992 fingunt,
894 2890 1076 2965 hominem
1090 2890 1221 2959 iustum
1245 2908 1318 2955 esse
1340 2908 1416 2955 non
1438 2906 1622 2974 regenera-
1675 2907 1812 2977 semper
1832 2908 1891 2954 eos
1914 2885 2044 2954 debere
2067 2886 2228 2970 credere,
2261 2891 2356 2979 quod
2377 2907 2521 2983 propter
2543 2894 2660 2963 filium

637 3023 729 3081 tum.
778 2998 982 3073 Clamamus
998 2994 1101 3062 etiam
1115 2986 1266 3059 assiduis
1278 2985 1467 3076 gemitibus
1488 2986 1533 3054 ad
1547 2982 1624 3056 Do-
1677 2985 1759 3070 Dei,
1784 2980 1898 3055 Deum
1919 2996 1952 3053 et
1974 2979 2173 3072 hominem,
2210 2987 2453 3078 deprecantem
2473 3017 2539 3085 pro
2559 2994 2660 3083 ipsis,

638 3109 779 3181 minum
802 3113 963 3171 nostrum
980 3091 1094 3164 Iesum
1108 3085 1312 3172 Christum,
1336 3086 1398 3179 qui
1420 3098 1472 3157 est
1493 3081 1624 3154 Imma-
1676 3085 1838 3175 placeant
1862 3097 2004 3155 aeterno
2026 3086 2138 3175 patri,
2177 3109 2252 3157 non
2282 3101 2427 3180 propter
2453 3094 2661 3173 novitatem,

638 3209 743 3294 nuel,
767 3217 803 3276 et
823 3197 980 3272 mirabili
1003 3219 1042 3267 ac
1062 3187 1293 3262 inenarrabili
1309 3185 1458 3257 consilio
1474 3182 1541 3255 Dei
1564 3209 1623 3278 ca·
1678 3186 1761 3280 quia
1778 3186 1884 3256 simul
1900 3181 2016 3256 adhuc
2032 3185 2070 3253 in
2085 3186 2191 3257 nobis
2213 3181 2365 3260 haerent
2385 3190 2555 3283 reliquiae
2577 3216 2661 3284 pec·

640 3325 708 3407 put
731 3320 802 3393 est,
829 3325 894 3397 per
917 3298 1013 3393 quod
1036 3302 1252 3365 sustentatur
1274 3302 1310 3361 et
1330 3286 1530 3358 vivificatur
1550 3297 1623 3356 tota
1677 3287 1766 3370 cati,
1790 3287 1922 3357 multae
1936 3299 1970 3357 et
1989 3309 2154 3376 magnae,
2176 3289 2273 3383 quod
2288 3293 2431 3380 agnosci
2447 3315 2585 3362 necesse
2599 3306 2659 3363 est

639 3410 819 3488 Ecclesia,
844 3415 885 3475 ut
906 3401 952 3470 sit
976 3398 1096 3467 efficax
1111 3396 1149 3464 in
1165 3392 1287 3476 nobis,
1312 3404 1348 3461 et
1369 3389 1479 3478 magis
1496 3387 1621 3478 magis-
1679 3387 1762 3460 ldeo
1777 3384 1905 3459 Daniel
1922 3385 2040 3482 inquit
2055 3389 2169 3481 capite
2189 3413 2306 3461 nono:
2331 3391 2414 3462 Non
2437 3406 2582 3485 propter
2602 3395 2661 3465 iu-

641 3534 712 3604 que
735 3530 800 3577 nos
822 3500 1050 3575 transformet
1068 3518 1088 3564 a
1108 3495 1265 3565 claritate
1280 3492 1319 3560 in
1333 3489 1525 3562 claritatem
1543 3487 1625 3580 Spi-
1678 3489 1795 3561 stirias
1817 3504 1975 3574 nostras,
1999 3490 2060 3559 sed
2075 3503 2221 3583 propter
2231 3489 2427 3565 Dominum
2441 3493 2568 3563 naudi
2584 3516 2662 3566 nos.

641 3612 717 3681 ritu
744 3628 808 3676 suo
836 3611 970 3672 saneto.
1037 3592 1090 3666 lta
1113 3589 1433 3664 communicatione
1454 3590 1511 3660 sui
1532 3589 1625 3659 filius
1678 3587 1865 3664 EtRoma.
1879 3592 1929 3663 8.:
1959 3588 2075 3661 Filius
2094 3613 2233 3683 semper
2248 3592 2448 3686 interpellat
2461 3617 2525 3686 pro
2543 3595 2661 3668 nobis.

640 3708 711 3784 Dei
733 3704 851 3777 reddit
877 3697 982 3770 nobis
1003 3697 1112 3766 vitam
1135 3706 1170 3764 et
1189 3691 1364 3762 iusticiam
1387 3705 1566 3761 aeternam
1587 3688 1625 3758 iu
1678 3689 1726 3762 Et
1745 3689 1855 3764 Hebr.
1872 3691 1925 3761 2:
1955 3690 2103 3782 Semper
2125 3691 2267 3779 vivens,
2298 3707 2339 3766 ut
2365 3694 2565 3788 interpellet
2594 3718 2661 3785 pro

643 3808 769 3893 nohis,
796 3807 885 3875 sicut
904 3797 1023 3891 inquit
1044 3790 1216 3866 lobannis
1239 3790 1396 3860 decimo:
1422 3786 1499 3878 Ego
1517 3791 1624 3860 vitam
1679 3791 1795 3865 nobis.
1830 3790 1907 3861 Hac
1923 3791 1992 3860 lide
2008 3791 2150 3863 lucente
2166 3793 2205 3863 in
2220 3794 2368 3879 renatis,
2390 3809 2536 3865 manent
2547 3795 2664 3867 uncti

642 3925 822 3983 aeternam
843 3906 889 3979 do
907 3902 969 3974 eis.
1480 3920 1488 3933 ·
1679 3887 1945 3983 templumDei,
1968 3886 2035 3962 hac
2047 3893 2118 3963 lide
2131 3894 2300 3979 extincta,
2323 3906 2432 3964 ruunt
2446 3894 2503 3962 vel
2514 3886 2558 3961 in
2572 3919 2666 3964 con-

745 4005 879 4080 thx.
919 4000 987 4072 Sed
1017 3998 1055 4067 in
1083 3990 1151 4065 hac
1170 3991 1312 4064 mortali
1334 4006 1461 4065 natura
1483 4003 1629 4062 manent
1680 4005 1849 4078 temtum,
1879 3993 1936 4061 vel
1957 3992 1997 4061 in
2020 3994 2377 4087 desperationem‚et
2399 3993 2567 4065 desinunt
2587 4019 2665 4067 esse

642 4108 760 4188 adbuc
776 4105 882 4179 simul
898 4099 1055 4171 innubis
1072 4095 1242 4190 reliquiae
1266 4093 1415 4184 peccati,
1440 4092 1573 4163 multae
1595 4105 1629 4162 et
1681 4092 1852 4183 templum
1867 4088 1948 4168 Dei.
1997 4088 2100 4166 Hanc
2119 4094 2395 4165 consolationem
2416 4095 2603 4187 proponit,
2630 4110 2665 4169 et

642 4234 803 4305 magnae.
861 4202 948 4276 Vult
971 4214 1086 4272 autem
1110 4194 1207 4267 Deus
1227 4191 1419 4265 Ecclesiam
1441 4193 1628 4286 praecipue
1681 4193 1840 4264 doctrina
1852 4193 1896 4262 de
1912 4194 2107 4267 sacerdotio
2120 4193 2186 4264 filii
2200 4191 2282 4269 Dei.

642 4315 863 4404 intelligere,
884 4327 966 4375 vere
980 4326 1060 4372 cum
1078 4298 1178 4367 irasci
1192 4310 1349 4388 peccato,
1375 4296 1452 4368 vult
1466 4319 1540 4365 non
1557 4317 1629 4364 esse
1780 4290 1930 4367 Lxxtt.
1967 4290 2129 4366 Christus
2158 4309 2210 4367 est
2236 4318 2395 4366 summus
2425 4299 2586 4368 sacerdos
2609 4321 2664 4368 se·

644 4440 822 4498 securam,
846 4406 981 4480 etiamsi
998 4415 1082 4472 sunt
1100 4400 1136 4467 in
1152 4398 1256 4467 nobis
1276 4397 1379 4468 initia
1394 4396 1629 4485 regeneratio·
1680 4395 1837 4466 eundum
1854 4395 2014 4465 divinam
2028 4410 2063 4468 et
2076 4391 2267 4468 humanam
2282 4409 2456 4470 naturam.
2488 4394 2554 4469 Est
2568 4400 2664 4469 enim

644 4523 723 4605 nis,
748 4533 886 4603 semper
907 4506 983 4576 vult
1006 4523 1157 4572 crescere
1180 4497 1217 4564 in
1243 4498 1347 4565 nobis
1365 4497 1629 4586 poenitentiam,
1682 4494 1742 4568 hic
1776 4518 1936 4566 summus
1958 4500 2121 4569 sacerdos
2142 4521 2291 4589 persona
2313 4497 2517 4572 immediate
2541 4524 2561 4571 a
2582 4500 2664 4572 Den

646 4621 738 4686 sicut
760 4611 879 4704 inquit
899 4604 1076 4677 Dominus
1096 4599 1211 4670 Lucae
1231 4597 1308 4668 13.:
1339 4595 1416 4667 Nisi
1442 4597 1628 4687 poeniten·
1682 4596 1864 4681 ordinata,
1894 4610 1936 4668 ut
1947 4592 2182 4690 Evangelium
2202 4598 2359 4690 proferat
2368 4588 2415 4669 ¹er
2430 4623 2560 4671 arcano
2579 4626 2664 4672 eon-

645 4716 733 4786 tiam
758 4708 916 4801 egeritis,
940 4703 1105 4779 similiter
1126 4696 1298 4790 peribitis.
1348 4694 1429 4766 Huc
1451 4696 1630 4787 pertinent
1682 4697 1762 4768 silio
1778 4695 1993 4784 divinitatis,
2017 4712 2053 4769 et
2067 4713 2170 4772 sonet
2183 4700 2279 4771 inter
2294 4695 2457 4770 homines
2480 4714 2515 4771 et
2537 4703 2666 4774 offerat

644 4812 715 4887 hae
731 4807 936 4888 conciones,
960 4827 1062 4895 saepe
1076 4796 1243 4890 repetitae
1258 4790 1464 4889 Exorat:
1499 4793 1629 4868 Coram
1682 4798 1757 4869 Deo
1778 4796 1988 4871 sacrificinm
2002 4822 2067 4892 pro
2083 4799 2181 4882 aliis,
2207 4802 2252 4871 ad
2268 4801 2475 4893 placandam
2494 4800 2608 4885 iram,
2631 4814 2665 4874 et

645 4931 681 4987 te
697 4913 879 4989 innocens,
903 4913 1041 4972 nonest
1055 4899 1235 4973 innocens.
1267 4893 1408 4967 Psalmo
1420 4893 1522 4973 tta:
1547 4896 1631 4969 Non
1682 4899 1728 4970 sit
1743 4899 1948 4990 deprecator
1961 4899 2122 4974 auidum
2138 4924 2204 4993 pro
2221 4903 2292 4989 eis,
2315 4903 2359 4972 de
2374 4926 2447 4996 quo
2464 4916 2500 4976 et
2514 4905 2666 4996 promis·

644 5020 757 5087 intres
771 5011 809 5082 in
828 5002 1001 5078 iudicium
1016 5023 1097 5072 cum
1112 5022 1212 5070 servo
1228 5011 1312 5084 tuo,
1338 4998 1421 5094 quia
1438 5023 1514 5069 non
1529 4999 1631 5070 iusti·
1683 5001 1735 5071 sio
1758 4998 1891 5071 sancita
1912 5013 1981 5084 est,
2005 5024 2088 5073 vere
2104 5001 2216 5093 ipsius
2235 4992 2408 5076 sacrificio
2427 5005 2557 5097 placari
2576 5007 2667 5076 iram

645 5117 809 5190 iicahitur
837 5112 875 5181 in
905 5116 1095 5200 conspectu
1121 5116 1183 5175 tuo
1210 5102 1327 5174 omnis
1348 5101 1483 5177 vivens.
1539 5098 1631 5172 Cum
1682 5100 1770 5189 Dei,
1808 5116 1843 5173 et
1875 5099 2035 5173 exaudiri
2067 5125 2149 5174 euru
2176 5128 2244 5196 pro
2276 5106 2383 5177 nobis
2413 5108 2670 5200 deprecantem.

646 5221 758 5309 igitur
791 5213 897 5284 simul
922 5221 1089 5281 maneant
1109 5206 1280 5300 reliquiae
1300 5205 1433 5297 peccati
1454 5205 1493 5274 in
1516 5202 1633 5290 nobis,
1682 5196 2137 5301 Haeccompreheuduntur
2145 5206 2267 5277 omnia
2275 5203 2552 5280 indictol'salmi
2567 5204 2668 5282 110.-

647 5339 786 5410 semper
807 5309 894 5384 haee
909 5309 1090 5382 verissima
1104 5319 1138 5377 et
1150 5306 1256 5377 unica
1272 5307 1466 5380 consolatio
1480 5306 1633 5378 tenenda
1685 5300 1744 5376 Tu
1762 5327 1799 5376 es
1824 5305 1987 5379 sacerdm
2003 5305 2044 5379 in
2060 5320 2266 5395 aeternum,
2289 5309 2480 5381 secundum
2501 5306 2670 5378 ordinem

647 5434 716 5507 est,
748 5414 846 5512 quod
867 5422 1014 5502 propter
1029 5405 1279 5490 mediatorem,
1305 5404 1420 5478 Deum
1451 5420 1486 5480 et
1512 5401 1634 5477 homi·
1683 5401 1962 5481 Melchisedech.
2021 5402 2090 5481 Est
2110 5407 2219 5500 igitur
2241 5430 2399 5480 summus
2417 5407 2579 5476 sacerdos
2602 5432 2670 5478 na·

645 5545 752 5608 nem,
774 5513 844 5612 qui
859 5524 913 5584 est
927 5506 1192 5591 umbraculum,
1217 5520 1252 5577 et
1271 5506 1470 5599 interpellat
1485 5531 1551 5601 pro
1566 5529 1632 5577 no-
1683 5519 1763 5574 tura
1784 5503 1899 5592 Deus,
1931 5523 1974 5582 ut
1996 5533 2163 5585 areanum
2185 5508 2374 5582 consilinm
2393 5508 2438 5577 de
2458 5508 2670 5580 remissione

643 5625 721 5713 bis,
741 5612 939 5695 habeamus
960 5605 1204 5680 remissionem
1226 5620 1468 5699 peccatorum,
1497 5622 1533 5679 et
1555 5606 1632 5699 pla·
1684 5618 1929 5697 peccatorum,
1954 5625 1990 5684 et
2005 5604 2050 5683 de
2064 5613 2171 5685 modo
2187 5608 2394 5683 restituendi
2409 5630 2519 5700 genus
2541 5605 2671 5680 huma·

646 5718 870 5803 ceamusllso
887 5736 951 5814 per
965 5706 1263 5795 misericordiam,
1287 5721 1323 5780 ct
1339 5709 1408 5778 nisi
1424 5711 1492 5781 fide
1505 5729 1633 5802 appre·
1684 5728 1771 5779 num
1785 5730 1825 5778 ex
1841 5706 1923 5782 sinu
1937 5712 2074 5787 aeterni
2088 5714 2199 5808 patris
2211 5709 2399 5809 proferat,
2417 5724 2451 5783 ct
2472 5724 2513 5784 ut
2533 5735 2672 5805 semper
