6025 6775
493 704 592 782 1053
1039 698 1067 771 l.
1116 686 1411 772 CHRONICON
1435 684 1680 768 CARIONlS.
1727 690 1854 767 PARS
1879 692 1926 772 11.
2394 706 2492 785 1054

494 879 570 949 sine
591 870 786 945 mutatione
811 883 1017 942 naturarum
1043 862 1151 937 homo
1174 866 1286 934 factus
1306 874 1339 933 et
1355 858 1467 930 eruci·
1519 860 1644 933 forme.
1705 859 1803 933 Hace
1830 864 1978 936 variatio
2007 866 2046 939 fit
2077 893 2141 961 per
2168 873 2335 947 animam.
2387 874 2518 950 'func‘

493 979 582 1047 fixus
603 997 638 1045 es
652 968 800 1045 Christe
811 972 927 1057 Deus,
951 982 1099 1038 mortem
1124 980 1237 1034 morte
1263 962 1468 1053 proculcans
1520 962 1629 1049 tgitur
1653 963 1773 1032 anima
1799 978 1936 1035 creatur
1960 967 1999 1036 in
2022 983 2133 1051 terra,
2158 996 2224 1043 nee
2247 975 2316 1046 fuit
2330 989 2433 1047 antea
2450 979 2490 1048 in

494 1092 528 1149 et
552 1077 657 1147 simul
679 1074 886 1165 glorificaris
906 1093 986 1141 cum
1006 1067 1111 1137 Patre
1132 1081 1168 1136 et
1179 1063 1316 1154 Spiritu
1337 1075 1469 1143 sancto,
1519 1063 1630 1136 coelo.
1683 1059 1819 1132 Eadem
1846 1068 2018 1138 sententia
2052 1085 2144 1142 extat
2174 1073 2211 1141 in
2238 1072 2304 1145 lob
2330 1102 2407 1167 cap·
2428 1080 2492 1153 31.

495 1179 590 1248 selva
615 1200 692 1249 nos.
743 1166 946 1271 μονογενὴς
972 1162 1054 1246 υἱὸς
1073 1161 1137 1238 καὶ
1164 1157 1272 1260 λόγος
1289 1166 1358 1234 τοῦ
1373 1162 1468 1233 θεοῦ
1518 1163 1595 1232 sine
1624 1159 1860 1252 metaphoris,
1894 1169 1980 1236 etsi
2000 1170 2147 1244 fuissent
2170 1175 2309 1246 animae
2324 1178 2369 1246 ab
2384 1179 2489 1248 initio

493 1272 687 1357 ἀθάνατος
698 1269 898 1367 ὑπάρχων,
923 1265 987 1342 καὶ
1005 1258 1300 1356 καταδεξάμενος
1320 1256 1382 1334 διὰ
1399 1258 1469 1354 τὴν
1518 1262 1663 1343 mundi,
1685 1287 1775 1355 qnae
1790 1279 1878 1336 esset
1894 1270 2109 1359 absurditas,
2133 1270 2228 1343 nihil
2244 1298 2301 1347 ess
2315 1301 2357 1348 ex
2372 1291 2423 1349 tot
2435 1302 2489 1349 se-

492 1375 675 1473 ᾒμετέραν
686 1369 871 1467 σωτηρίαν
886 1367 1119 1463 capitolitiam
1135 1364 1175 1437 ἐκ
1188 1367 1255 1483 τῆς
1265 1358 1468 1459 ἅγίαςθευ-
1520 1364 1609 1432 culis
1623 1364 1847 1435 meminisse?

492 1473 607 1551 τόκου
626 1471 690 1548 καὶ
711 1470 767 1544 ἀεὶ
790 1466 984 1565 παρθένου
1003 1462 1142 1562 papiae
1163 1461 1469 1558 ἅτρεπτωςὲααν-
1597 1460 1719 1532 Tertia
1736 1467 1893 1555 quaestio
1910 1482 1976 1539 est:
1994 1466 2053 1540 An
2066 1477 2111 1545 de
2126 1500 2219 1547 novo
2236 1494 2399 1552 creentur
2412 1482 2490 1551 ani·

491 1569 697 1673 θρωπήσας
716 1565 992 1665 σταυρωθείστε
1002 1562 1153 1660 χριστὸς
1177 1560 1197 1636 ὃ
1214 1560 1318 1647 Θεὸς,
1345 1554 1470 1635 θανά·
1519 1584 1597 1629 mae
1614 1583 1655 1629 ex
1669 1558 1784 1635 nihilo
1801 1579 1895 1637 extra
1913 1592 2078 1661 corpora,
2103 1590 2138 1647 et
2153 1580 2282 1649 deinde
2298 1581 2493 1651 infundan-

492 1704 547 1774 τῳ
562 1672 735 1749 θάνατον
746 1666 932 1764 πατήσας,
959 1660 1276 1759 cantarazium:
1287 1668 1343 1760 τῷ
1357 1656 1470 1760 πατρὶ
1519 1675 1579 1732 tur
1596 1664 1820 1753 corporibus:
1848 1665 1907 1736 An
1923 1694 2007 1739 vero
2023 1673 2115 1745 intra
2131 1702 2277 1769 corpora
2291 1704 2331 1749 ex
2349 1686 2491 1753 traduce

493 1773 668 1876 aotdyto
682 1766 864 1865 πνεύματι
880 1776 1003 1842 σῶσον
1016 1764 1126 1862 ἡμᾶς.
1521 1762 1631 1831 fiant?
1671 1759 1800 1832 Utrum
1823 1788 1907 1833 vero
1930 1772 2078 1860 dixeris»,
2107 1800 2180 1845 non
2203 1796 2254 1852 est
2275 1783 2490 1853 excludenda

595 1876 746 1948 Duravit
766 1888 884 1944 autem
906 1870 1072 1966 Synodus
1102 1867 1241 1938 circiter
1270 1862 1470 1947 biennium,
1521 1861 1589 1933 Dei
1605 1864 1799 1953 praesentia
1816 1866 2079 1943 informatione
2102 1891 2138 1947 et
2153 1879 2403 1951 vivificatione:
2422 1888 2491 1954 sed

493 1983 592 2051 aede
607 1974 763 2066 Origene
779 1996 904 2063 magna
926 1971 1116 2042 certamina
1138 1970 1293 2039 fuerunt.
1345 1963 1470 2051 Agita·
1522 1964 1720 2032 firmissime
1734 1967 1958 2035 statuendum
1974 1984 2043 2050 est,
2065 1975 2311 2048 formationem
2333 1996 2368 2053 et
2383 1984 2493 2055 vitam

494 2094 552 2152 tae
573 2092 655 2149 sunt
676 2075 913 2169 quaestiones:
947 2071 1044 2160 Quid
1061 2070 1106 2139 sit
1129 2068 1259 2137 Anima
1286 2062 1469 2133 hominis?
1521 2062 1589 2134 Dei
1612 2086 1700 2153 opus
1724 2087 1816 2151 esse,
1838 2067 1929 2136 sicut
1948 2071 2494 2170 totusPsalmus139.allirmat,

494 2180 550 2252 Sit
567 2203 612 2247 ne
628 2202 666 2247 ex
683 2174 850 2246 traduce?
871 2170 930 2243 An
943 2186 1027 2241 tunc
1039 2194 1079 2238 ex
1095 2162 1210 2236 nihilo
1225 2177 1372 2244 creetur,
1389 2185 1468 2231 cum
1521 2187 1587 2234 nos
1604 2166 1770 2250 formari,
1795 2168 1965 2237 vivificari
1983 2182 2017 2239 et
2030 2171 2144 2243 foveri
2158 2201 2178 2246 a
2195 2175 2289 2249 Deo:
2315 2184 2494 2257 Formasti

494 2278 718 2349 infunditur?
747 2270 822 2346 Aut
843 2297 889 2342 an
912 2271 1095 2364 probanda
1111 2268 1182 2335 sint
1199 2261 1368 2353 Origenis
1380 2263 1472 2332 deli·
1522 2266 1636 2334 mein
1661 2279 1763 2336 utero
1781 2270 1903 2337 matris
1924 2293 2033 2342 meae.
2085 2271 2139 2344 Ac
2159 2279 2247 2347 utile
2262 2297 2313 2351 est
2329 2287 2496 2357 adversus

496 2393 672 2458 ramenta,
699 2378 762 2470 qui
784 2375 872 2446 dixit
893 2370 997 2441 simul
1012 2390 1134 2436 omnes
1151 2363 1322 2434 humanas
1335 2364 1471 2433 animas
1522 2367 1701 2455 epicureas
1725 2368 1992 2456 imaginationes
2010 2373 2210 2446 confirmari
2224 2379 2329 2448 fidem
2346 2384 2496 2454 illustri·

496 2482 601 2551 initio
617 2479 776 2549 conditas
793 2496 886 2556 esse,
910 2491 1036 2563 easque
1054 2467 1093 2537 in
1109 2467 1208 2537 coelo
1223 2467 1336 2557 lapsas
1351 2477 1471 2557 postea
1523 2470 1590 2538 bus
1604 2468 1825 2555 testimoniis,
1840 2470 1958 2561 qualia
1973 2465 2059 2543 haec
2072 2489 2171 2547 sunt:
2196 2475 2303 2551 Deut.
2313 2482 2393 2555 30.:
2418 2481 2496 2575 lpse

495 2582 698 2670 incorpora
718 2574 823 2646 mitti.
1524 2582 1575 2639 est
1589 2569 1661 2638 vita
1676 2581 1756 2653 tua,
1781 2584 1815 2641 et
1828 2571 2015 2659 longitudo
2031 2574 2169 2645 dierum
2194 2591 2347 2652 tuorum.

597 2679 710 2748 Filius
727 2673 794 2744 Dei
815 2671 994 2763 perspicue
1011 2683 1045 2740 et
1064 2669 1140 2740 sine
1154 2668 1229 2740 ulla
1244 2665 1471 2757 ambiguitate
1571 2667 1695 2741 Actor.
1730 2669 1808 2746 1?.:
1841 2669 1884 2741 ln
1911 2672 1989 2762 ipso
2010 2696 2150 2762 sumus,
2183 2680 2337 2752 vivimus
2366 2698 2399 2755 et
2420 2708 2497 2756 mo-

496 2782 645 2852 affirmat
660 2798 696 2845 se
714 2774 922 2865 corporibus
937 2767 1123 2842 hominum
1145 2768 1295 2840 mortuis
1310 2768 1474 2837 redditu·
1524 2792 1661 2840 vemur.

496 2904 578 2951 rum
597 2900 670 2947 esse
685 2877 805 2947 vitam.
854 2872 952 2944 Haec
978 2872 1152 2943 sententia
1181 2869 1379 2940 firmissima
1403 2868 1472 2935 fide
1572 2865 1778 2939 Coloss.1.:
1805 2864 1938 2941 Omnia
1956 2896 2020 2966 per
2033 2897 2112 2945 eom
2129 2879 2337 2956 consistunt.

497 2981 739 3072 amplectenda
761 2988 832 3059 est,
864 2989 898 3046 et
922 2975 1174 3066 expectandum
1195 2971 1367 3040 iudicium
1394 2978 1474 3058 post
1576 2952 1840 3043 1.Timoth.8.:
1857 2968 2069 3045 CoramDeo
2085 2978 2450 3076 quivivificatpmnia

496 3077 590 3150 hanc
604 3081 724 3149 vitam.
774 3073 907 3146 Verum
921 3076 964 3145 de
981 3075 1099 3144 anima
1118 3084 1277 3163 separata
1290 3069 1474 3139 obscurior
1575 3069 1669 3139 Psal.
1696 3069 1795 3143 tot:
1828 3067 1978 3144 Auferes
2001 3076 2165 3167 spiritum
2189 3102 2329 3167 eorum,
2362 3099 2396 3156 et
2415 3108 2497 3174 per.

497 3193 550 3251 est
574 3180 744 3251 doctrina.
796 3176 867 3248 Sed
889 3189 1007 3246 tamen
1039 3171 1124 3245 haec
1152 3174 1244 3243 dicta
1277 3170 1475 3259 significant
1526 3169 1651 3256 ibunt,
1676 3184 1712 3241 et
1728 3173 1766 3240 in
1782 3173 1962 3264 pulverem
1978 3191 2210 3251 revertentur.
2260 3180 2499 3274 Emittesspi-

498 3281 632 3353 animas
654 3277 840 3350 homiuum
862 3277 1006 3367 spiritus
1028 3274 1238 3366 separabiles
1255 3294 1346 3356 esse,
1370 3285 1405 3342 et
1419 3269 1476 3337 vi·
1526 3271 1635 3341 ritum
1657 3283 1758 3342 tuum
1780 3287 1813 3345 et
1829 3277 2100 3364 recreabuntur,
2125 3292 2160 3349 et
2175 3285 2361 3355 renovabis
2375 3286 2500 3356 faciem

498 3407 580 3453 vere
601 3394 793 3474 separatos:
827 3375 944 3447 Hodie
965 3400 1104 3446 meeum
1127 3373 1197 3442 eris
1227 3373 1267 3439 in
1288 3371 1474 3441 Paradiso:
1527 3385 1651 3445 terrae.

497 3482 618 3555 Nolite
635 3483 758 3553 timere
772 3504 849 3560 eos,
875 3479 939 3571 qui
956 3501 1081 3567 eorpus
1097 3475 1274 3551 occidunt,
1301 3471 1383 3563 quia
1397 3470 1476 3538 ani·
1577 3471 1670 3543 Psal.
1695 3473 1772 3543 sn:
1804 3472 1858 3544 De
1881 3479 1980 3548 coelo
2010 3480 2154 3572 respicit
2177 3480 2374 3572 Dominus,
2406 3489 2502 3560 videt

498 3608 593 3656 maru
609 3585 766 3654 occidere
782 3602 855 3650 non
870 3572 1034 3671 possunt:
1062 3572 1178 3666 Cupio
1194 3572 1337 3641 dissolvi
1352 3582 1387 3639 et
1403 3592 1476 3639 esse
1527 3595 1650 3642 omnes
1672 3574 1764 3644 filios
1786 3570 1993 3667 hominum,
2024 3582 2155 3655 format
2184 3587 2365 3675 sigillatim
2395 3591 2501 3661 corda

498 3709 579 3756 cum
592 3680 747 3757 Christo.
783 3680 890 3754 Rom.
906 3680 954 3749 8.:
980 3676 1118 3766 Corpus
1132 3686 1311 3744 mortuum
1327 3683 1379 3740 est
1393 3693 1478 3761 pro·
1528 3696 1662 3748 eorum.
1872 3679 1883 3692 '

498 3798 576 3879 pter
599 3799 789 3876 peccatum.
841 3779 995 3871 Spiritus
1017 3791 1134 3848 autem
1153 3774 1242 3844 vivit
1263 3787 1405 3863 propter
1420 3772 1476 3840 iu·
1577 3773 1668 3845 Psal.
1685 3774 1763 3846 99.:
1791 3774 1924 3849 Scitote
1936 3782 2031 3872 quod
2044 3777 2221 3852 Dominus
2241 3785 2314 3876 ipse
2333 3804 2383 3859 est
2395 3788 2503 3878 Deus,

499 3887 653 3957 stisiam:
693 3883 789 3955 Deus
808 3894 860 3951 est
891 3878 987 3950 Deus
1007 3872 1188 3948 Abrahae.
1240 3872 1337 3943 Vivit
1368 3873 1477 3961 igitur
1528 3875 1601 3965 ipse
1615 3876 1696 3946 fecit
1709 3899 1793 3961 nos,
1818 3891 1853 3948 et
1868 3904 1941 3950 non
1957 3882 2026 3971 ipsi
2040 3907 2116 3952 nos.
2168 3883 2240 3954 Nos
2257 3903 2502 3984 autempopu-

498 3982 695 4060 Abraham.
746 3983 842 4052 Haec
863 3983 957 4051 dicta
979 4001 1199 4071 opponamus
1220 3975 1284 4055 iis,
1311 3974 1373 4067 qui
1388 3975 1477 4042 ima·
1528 3977 1695 4058 luscius,
1720 3992 1756 4046 et
1770 4002 1854 4045 oves
1867 4003 2013 4069 pascuae
2029 3984 2118 4051 eius.

502 4087 663 4174 ginanter
686 4084 820 4153 animas
844 4077 1018 4151 humanas
1042 4102 1114 4147 esse
1137 4077 1353 4162 flammulas,
1387 4095 1476 4165 quae
1570 4074 1636 4145 lob
1660 4072 1737 4148 14.:
1771 4073 1950 4147 Numerus
1971 4081 2144 4150 mensium
2165 4082 2240 4153 eius
2264 4089 2359 4178 apud
2383 4101 2418 4158 te
2440 4105 2502 4177 est,

452 4198 455 4203 '
502 4187 768 4256 nominantura
786 4180 939 4252 Medicis
954 4181 1098 4274 spiritus
1115 4177 1260 4263 vitales,
1285 4175 1347 4270 qui
1364 4173 1478 4242 extin-
1529 4164 1946 4249 constituistiterminum
1960 4179 2011 4264 ei,
2037 4205 2141 4272 quem
2159 4204 2232 4252 non
2248 4190 2465 4279 praeteribit.

504 4299 657 4374 guantur
669 4284 810 4355 sicutin
827 4282 1032 4374 pecudibus.
1631 4274 1782 4347 Talibus
1801 4279 2015 4350 testimoniis
2038 4283 2235 4354 confirmati
2260 4301 2353 4359 certo
2370 4302 2513 4377 statua·¹
2546 4364 2551 4371 ,

605 4382 711 4471 Quod
735 4408 819 4453 vero
841 4381 979 4452 animae
1002 4376 1189 4449 hominum
1202 4401 1278 4448 non
1294 4376 1366 4446 sint
1381 4397 1478 4443 crea·
1528 4400 1608 4448 mus
1622 4377 1731 4447 vitam
1747 4378 1852 4448 nobis
1865 4403 1886 4450 a
1901 4376 1977 4451 Deo
1994 4383 2070 4451 dari
2088 4398 2120 4452 et
2135 4390 2345 4470 conservari,
2362 4404 2396 4459 et
2413 4415 2502 4482 quo·

504 4499 560 4557 tae
575 4483 678 4553 initio
693 4485 819 4553 mundi
839 4495 920 4552 ante
941 4504 1109 4572 corpora,
1134 4480 1292 4549 narratio
1307 4479 1346 4546 in
1362 4474 1478 4546 Moise
1529 4479 1616 4549 tidie
1640 4479 1673 4546 ei
1692 4479 1820 4567 gratias
1834 4504 1997 4571 agamus,
2022 4506 2251 4572 agnoscamus
2270 4489 2504 4577 conditorem,

505 4584 680 4668 ostendit,
704 4607 792 4676 quae
805 4585 853 4655 ait
870 4582 969 4675 prius
982 4583 1174 4651 formatum
1195 4602 1268 4649 esse
1283 4576 1383 4649 Adae
1399 4600 1479 4646 cor·
1529 4595 1563 4652 et
1579 4592 1759 4671 petamus,
1783 4593 1824 4650 ut
1846 4606 1912 4652 nos
1931 4597 2064 4670 servet,
2088 4588 2259 4673 gubernet
2280 4602 2315 4660 et
2330 4603 2500 4683 protegat.

503 4710 589 4778 pus,
614 4698 649 4755 et
671 4683 799 4754 deinde
823 4678 1025 4766 infaciem,
1050 4681 1184 4751 scilicet
1203 4680 1273 4750 iam
1290 4679 1477 4749 formatam
1528 4679 1627 4751 Haec
1649 4681 1801 4770 cogitare
1822 4684 1946 4754 utilius
1971 4697 2023 4754 est
2043 4709 2149 4778 quam
2173 4691 2331 4779 profanis
2345 4693 2503 4786 disputa·

504 4787 717 4877 inspiratum
746 4806 820 4855 esse
845 4784 935 4854 vitae
969 4783 1195 4875 spiraculum.
1256 4778 1339 4849 Non
1370 4778 1479 4867 igitur
1528 4780 1689 4852 tionibus
1717 4782 1898 4871 implicare
1923 4798 2071 4856 mentes.
2136 4784 2361 4881 interrogant
2384 4807 2502 4865 autem

505 4888 606 4978 prius
627 4899 728 4957 erant
749 4877 910 4956 conditae
935 4885 1084 4956 animae.
1135 4880 1257 4970 Quare
1279 4880 1369 4950 etin
1382 4876 1477 4952 Psal.
1529 4882 1659 4975 aliqui,
1679 4881 1741 4975 qui
1761 4882 1837 4970 liat,
1860 4898 1903 4958 ut
1922 4899 2100 4976 peccatum
2126 4888 2172 4958 sit
2186 4890 2225 4959 iu
2240 4895 2446 4980 animabus,
2472 4896 2503 4964 si

510 4987 594 5058 139.
612 4988 675 5079 qui
697 4999 749 5057 est
769 4983 940 5056 confessio
955 4986 999 5055 de
1014 4980 1209 5077 praesentia
1227 4994 1261 5050 et
1278 5002 1383 5072 opere
1400 4975 1479 5063 Dei,
1529 5004 1652 5052 recens
1673 4996 1848 5058 creantur.
1896 4984 1981 5057 ldeo
2003 4988 2213 5059 concinnius
2243 5016 2315 5063 esse
2339 4996 2502 5066 dixerunt

504 5088 544 5156 in
558 5088 780 5176 singulorum
793 5083 1004 5156 formatione
1027 5099 1061 5156 et
1086 5086 1179 5156 vitae
1201 5080 1480 5164 conservatione,
1529 5083 1641 5174 aliqui
1656 5082 1788 5165 dicere,
1813 5081 1933 5153 Creari
1950 5111 2006 5156 eas
2022 5089 2061 5155 in
2078 5091 2287 5182 corporibus
2304 5098 2501 5166 extraduce

504 5186 690 5281 aliquoties
713 5187 860 5279 repetita
880 5197 931 5255 est
956 5183 1165 5275 insignibus
1181 5183 1297 5252 verbis
1312 5176 1398 5249 haec
1414 5181 1480 5248 do·
1531 5183 1728 5256 immundo.
1778 5181 1919 5254 Servari
1945 5203 2062 5258 autem
2086 5203 2120 5259 et
2139 5196 2323 5283 propagari
2338 5209 2498 5266 naturam

507 5291 640 5369 ctrina,
671 5293 766 5382 quod
793 5289 832 5356 in
853 5301 955 5357 utero
976 5284 1145 5356 formetur
1168 5281 1287 5354 homo.
1344 5278 1418 5350 lam
1449 5281 1481 5348 si
1531 5283 1657 5367 talem,
1681 5283 1795 5374 qualis
1817 5309 1913 5356 nunc
1933 5303 2003 5383 est,
2026 5303 2066 5360 ut
2088 5291 2151 5382 qui
2170 5295 2314 5382 pedem,
2340 5296 2501 5388 quamvis

507 5391 626 5481 potior
650 5413 731 5482 pars
754 5388 852 5481 prius
877 5385 1020 5475 fuisset,
1049 5408 1122 5453 non
1145 5389 1319 5456 diceretur
1335 5382 1384 5451 de
1406 5393 1480 5450 toto
1532 5384 1719 5463 claudum,
1749 5385 1888 5461 retinet.
1937 5385 1988 5459 Et
2010 5383 2095 5458 haec
2123 5394 2167 5461 de
2196 5398 2340 5466 traduce
2370 5418 2500 5463 conve·

509 5483 674 5577 homine,
710 5489 959 5560 formaticum
985 5483 1024 5550 in
1045 5497 1167 5569 utero,
1205 5500 1238 5556 et
1269 5482 1481 5553 nominatim
1532 5484 1638 5554 niunt
1654 5484 1700 5553 ad
1715 5484 1866 5556 dictum:
1887 5484 1977 5558 Ecce
1990 5491 2029 5557 in
2053 5491 2299 5585 iniquitatibus
2314 5508 2502 5584 conceptus

508 5588 643 5681 inquit:
668 5590 822 5662 Pinxisti
836 5612 892 5658 me
907 5587 947 5657 in
963 5583 1190 5655 inferioribus
1212 5600 1336 5656 terrae.
1385 5579 1482 5672 Ergo
1533 5608 1631 5670 sum,
1655 5596 1691 5654 et
1704 5584 1743 5653 in
1758 5588 1907 5678 peccatis
1922 5591 2081 5680 concepit
2094 5616 2150 5662 me
2165 5608 2276 5663 mater
2300 5618 2393 5683 mea..
2429 5599 2500 5674 Sed

509 5690 648 5760 animae
670 5716 746 5762 non
768 5693 913 5761 fuerunt
935 5686 1034 5780 prius
1058 5684 1098 5753 in
1121 5685 1239 5769 coelo,
1264 5684 1362 5779 quasi
1377 5685 1483 5767 dicat,
1532 5680 1621 5755 haec
1648 5687 1902 5759 consideranda
1931 5691 1993 5777 iis,
2017 5716 2168 5784 quorum
2200 5706 2293 5763 aetas
2318 5702 2501 5793 maturuit,

507 5791 651 5881 organis
665 5805 699 5863 et
716 5816 882 5867 sensuum
898 5788 1100 5860 diversitate
1114 5782 1256 5853 variasti
1278 5806 1403 5878 corpus
1426 5785 1485 5854 in·
1536 5786 1714 5882 relinquo.

1837 5882 1917 5961 ot·
