6025 6775
492 582 569 659 sss
1030 563 1194 645 usca.
1228 565 1303 645 ou
1335 513 1653 647 onuuonro
1687 552 1980 649 e'onrsno.
2446 594 2521 671 sas

498 761 673 821 monstrat
695 742 973 829 controversias,
996 762 1085 835 quse
1106 743 1152 812 sd
1173 738 1211 814 ie
1222 742 1483 830 deferebantur,
1532 744 1626 817 utin
1650 746 1752 817 nullo
1776 744 1951 833 vidimus,
1976 761 2012 821 et
2034 750 2188 841 gravitas
2210 765 2329 839 tanta,
2355 776 2396 833 ut
2416 789 2519 862 saepe

495 853 606 922 multa
629 873 710 920 cum
738 872 782 917 eo
803 847 976 938 disputat,
1007 865 1109 936 saepe
1134 844 1239 914 etiam
1268 844 1481 915 instructum
1533 848 1711 918 intuentes
1726 870 1806 917 eum
1830 848 2004 919 dicentem
2026 854 2258 942 cogitaremus
2279 858 2369 929 illud
2390 864 2435 932 de
2451 867 2518 939 So.

494 952 658 1022 consiliis
672 950 784 1019 mittit
796 949 839 1017 ad
859 944 995 1015 erudita
1010 942 1217 1036 Principum
1232 946 1374 1015 iudicia.
1407 944 1481 1014 Ta·
1533 949 1634 1034 lone,
1659 971 1766 1042 quem
1786 948 1886 1020 aiunt
1910 973 1985 1020 non
2003 953 2130 1023 exertis
2145 958 2311 1029 manibus
2326 974 2423 1032 extra
2441 970 2518 1057 pal·

496 1056 570 1123 lern
592 1076 674 1121 rum
699 1046 843 1120 baberet
857 1047 1050 1116 Doctorem
1074 1058 1115 1116 et*
1129 1046 1343 1117 monitorem
1367 1066 1480 1115 annos
1532 1050 1621 1119 lium
1654 1052 1771 1117 dicere
1801 1051 1956 1125 solitum.
2008 1051 2105 1124 Haec
2125 1070 2227 1128 erant
2252 1083 2295 1128 eo
2323 1063 2516 1153 pulcriora,

494 1155 657 1245 aliquot,
690 1164 730 1220 ut
750 1149 984 1237 Papinianum
1008 1144 1204 1237 Ulpianus,
1238 1159 1273 1216 et
1297 1148 1404 1217 simul
1421 1142 1480 1215 hic
1532 1149 2130 1243 qniavidebantnrtantumnativa
2149 1178 2240 1246 esse,
2262 1169 2518 1240 etostentnio-
2596 1203 2605 1214 ·

495 1255 636 1330 audiret
659 1251 798 1337 ingenio
824 1260 860 1317 et
880 1248 1081 1317 eruditione
1103 1247 1330 1317 excellentem
1346 1245 1481 1318 Docto·
1530 1252 1586 1321 nis
1601 1249 1693 1320 nihil
1710 1252 1943 1322 animadverti
1958 1255 2083 1343 potuit.

496 1378 572 1423 rem
594 1351 849 1442 Hieronymum
873 1344 1110 1433 Schurffium,
1140 1350 1229 1418 adeo
1256 1349 1296 1418 in
1319 1344 1388 1418 hoc
1411 1349 1478 1417 do·
1631 1348 1719 1422 Erat
1736 1354 1849 1422 oratio
1866 1354 1904 1421 in
1921 1355 2199 1428 confessionibus
2214 1362 2366 1451 publicis
2381 1380 2415 1438 et
2431 1391 2517 1438 con·

497 1457 626 1525 ctrinse
647 1471 772 1538 genere
794 1449 984 1540 processit,
1008 1462 1050 1520 ut
1074 1470 1094 1517 a
1119 1445 1347 1541 Principibus
1369 1450 1476 1520 etiam
1532 1452 1621 1521 siliis
1642 1465 1719 1524 tota
1740 1453 1874 1541 gravis,
1904 1454 1981 1523 sine
2006 1457 2194 1528 verborum
2225 1463 2381 1544 deliciis,
2411 1489 2517 1559 saepe

497 1551 758 1634 consuleretur,
780 1546 859 1621 ὅττι
874 1545 991 1620 καλὸν
1002 1544 1114 1644 φίλον
1129 1546 1227 1640 ἐστὶ,
1254 1548 1376 1621 Musas
1390 1550 1481 1620 ceci·
1532 1554 1639 1623 etiarn
1669 1566 1804 1623 moesta
1834 1555 1909 1630 sine
1940 1556 2144 1628 affectione:
2183 1576 2295 1634 rectas
2325 1571 2517 1639 sententias

491 1654 584 1723 nisse
602 1652 640 1719 in
657 1649 929 1742 nuptiisCadmi
944 1648 1197 1720 etllsrmouies
1213 1650 1353 1724 dicitur.
1386 1647 1478 1720 Cum
1531 1668 1733 1725 constanter
1744 1656 2011 1746 propugnabat,
2037 1659 2174 1731 etiamsi
2195 1662 2374 1734 interdum
2394 1666 2516 1757 ingra-

492 1766 614 1825 autem
642 1755 686 1821 ad
718 1753 975 1836 cruditionem,
1012 1752 1256 1843 prudentiam,
1296 1752 1480 1836 iusticiam,
1530 1767 1586 1848 tae
1602 1766 1704 1825 erant
1718 1757 1934 1845 potentibus,
1960 1758 2168 1831 melioribus
2184 1764 2365 1835 sententiis
2379 1780 2414 1837 et
2427 1770 2517 1838 scri·
2635 1783 2638 1794 '

493 1856 660 1926 adiuncta
681 1867 732 1923 est
749 1854 970 1946 eloquentis,
990 1847 1083 1920 nihil
1100 1875 1139 1922 ea
1158 1854 1383 1944 copulatione
1399 1852 1481 1943 pul·
1532 1856 1600 1945 ptis
1622 1855 1699 1923 sine
1733 1851 1955 1951 ptlovemec'qc
1990 1861 2143 1937 cedebat.
2194 1860 2387 1958 Utriusque
2418 1870 2515 1937 enirn

495 1952 617 2025 ebrius
638 1969 709 2039 est,
741 1978 830 2046 quae
856 1977 937 2023 cum
959 1953 997 2020 iu
1020 1951 1181 2025 Pontanu
1205 1945 1479 2045 conspiceretur,
1532 1956 1583 2025 rei
1603 1957 1715 2025 multa
1740 1957 1896 2045 exempla
1914 1958 2156 2031 meminimus:
2181 1964 2383 2051 veritatem,
2411 1967 2515 2038 iusti·

495 2059 614 2148 plures
636 2079 717 2124 euru
741 2053 923 2145 Principes
948 2068 981 2124 et
998 2054 1156 2124 civitates
1170 2058 1412 2138 accersebant,
1438 2077 1478 2122 ac
1532 2058 1639 2140 ciam,
1671 2067 1706 2123 et
1731 2054 1879 2125 salutem
1904 2056 2084 2148 publicam
2111 2084 2194 2130 suae
2223 2065 2356 2152 gloriae
2386 2080 2419 2138 et
2442 2072 2515 2139 suis

494 2164 538 2226 cle
552 2158 702 2225 caeteris
719 2158 928 2240 virtutibus,
958 2177 1049 2248 quae
1063 2157 1175 2245 magis
1193 2157 1231 2224 in
1248 2155 1481 2241 gubernatio·
1531 2157 1726 2225 commodis
1744 2156 1974 2227 anteferebat:
1991 2159 2226 2233 alienissimus
2241 2189 2260 2233 a
2275 2167 2439 2259 populari
2452 2174 2516 2240 acl-

496 2281 543 2327 ne
557 2270 767 2348 conspectae
783 2272 886 2340 sunt,
911 2269 1030 2346 postea
1047 2258 1173 2329 dicam.
1225 2255 1329 2325 Prius
1345 2257 1389 2323 de
1407 2255 1480 2322 elo·
1533 2258 1656 2346 plausu
1674 2251 2123 2354 ειιπολυπραγμοσύνῃ,
2157 2274 2199 2331 ut
2214 2265 2275 2355 qui
2292 2269 2438 2338 sentiret
2451 2292 2516 2361 gu-

496 2358 653 2453 quentia,
668 2380 759 2449 quae
774 2360 805 2426 ei
823 2358 984 2450 patefecit
995 2358 1131 2427 aditum
1145 2358 1188 2424 ad
1197 2353 1479 2446 Rempublicam,
1532 2355 1752 2426 bernationis
1767 2357 1917 2442 molem,
1939 2371 1975 2429 et
1991 2382 2066 2429 uon
2082 2361 2187 2433 vellet
2202 2386 2278 2431 eam
2295 2366 2363 2434 sibi
2386 2373 2516 2459 augeri,

494 2459 685 2529 dicendum
702 2473 762 2527 est.
784 2456 862 2527 Etsi
881 2470 999 2526 autem
1016 2458 1088 2526 scio
1104 2457 1298 2525 mediocres
1315 2450 1480 2523 homines
1532 2481 1596 2526 nec
1620 2478 1765 2548 paterga
1786 2460 1993 2528 accersenda
2017 2482 2091 2531 esse
2113 2475 2147 2531 et
2164 2463 2397 2557 relinquenda
2415 2468 2517 2567 ἔργα.

495 2583 574 2628 nou
591 2559 705 2627 solum
720 2559 871 2648 ineptos,
895 2561 954 2625 sed
973 2557 1076 2624 etiam
1092 2557 1208 2625 fatuos
1223 2557 1305 2644 dici,
1323 2557 1480 2625 cum‘ve·
1534 2558 1574 2626 ln
1597 2559 1744 2648 privatis
1775 2581 1859 2626 vero
1890 2560 2077 2651 colloquiis
2108 2565 2328 2634 eruditorum
2358 2564 2451 2637 nihil
2474 2596 2517 2640 eo

494 2662 552 2730 lut
579 2656 702 2728 Critici
726 2673 787 2728 aut
814 2652 1013 2727 Aristarchi
1042 2658 1086 2724 de
1116 2657 1364 2725 excellentibus
1394 2655 1480 2723 viris
1532 2659 1670 2727 dulcius
1692 2670 1782 2726 erat:
1823 2659 1926 2728 avide
1955 2662 2122 2733 audiebat
2151 2658 2516 2741 historias-Ecclesiae

494 2758 674 2831 iudicant:
706 2770 824 2826 tamen
848 2758 924 2826 eius
945 2756 996 2824 rei
1022 2758 1148 2827 umdus
1174 2769 1241 2825 est:
1273 2754 1359 2826 Vult
1383 2752 1480 2824 Deus
1533 2771 1565 2826 et
1581 2759 1824 2854 imperiorum,
1840 2772 1874 2829 et
1887 2760 2016 2829 multas
2033 2762 2107 2852 ipse
2123 2766 2291 2835 recitabat
2308 2783 2383 2838 tum
2400 2770 2518 2853 lectas,

495 2858 638 2951 agnosci
653 2858 899 2927 excellentiam
915 2857 1103 2940 virtutum,
1129 2858 1211 2950 quia
1230 2858 1274 2925 de
1292 2856 1368 2947 ipso
1383 2855 1481 2926 testi·
1532 2873 1608 2927 tum
1630 2858 1785 2925 auditas:
1811 2860 1949 2951 quoties
1971 2861 2127 2950 insignes
2154 2869 2348 2937 sententiae
2364 2892 2405 2937 ex
2422 2885 2518 2939 vete-

494 2959 655 3032 mouium
672 2972 744 3043 cst,
769 2970 809 3027 ut
825 2980 905 3025 vere
921 2956 1039 3047 inquit
1056 2956 1205 3027 Seneca:
1233 2956 1339 3026 Nulla
1354 2977 1480 3045 magna
1533 2958 1631 3026 ribus
1651 2952 1830 3025 Ecclesiae
1854 2960 2086 3049 scriptoribus
2114 2964 2402 3053 proferebantur,
2434 2993 2518 3041 mox

496 3063 609 3134 virtus
628 3057 706 3129 sine
732 3054 810 3127 Deo
831 3071 892 3125 est.
944 3054 999 3126 Eo
1024 3057 1133 3146 igitur
1156 3053 1243 3128 haec
1263 3079 1482 3127 commemo·
1533 3079 1589 3126 eas
1607 3056 1676 3126 sibi
1694 3055 1801 3126 scribi
1817 3054 1938 3141 iussit,
1963 3072 2005 3126 ut
2018 3083 2097 3129 cum
2114 3085 2153 3129 ex
2167 3058 2301 3133 Basilio
2323 3066 2455 3134 dictum
2473 3072 2518 3139 de

497 3164 591 3235 rstio
604 3161 794 3244 referatur,
816 3172 855 3228 ut
869 3158 1084 3228 celebremus
1100 3158 1226 3242 Deum,
1249 3159 1349 3227 cuius
1363 3157 1482 3227 radios
1534 3158 1614 3229 Sola
1630 3157 1699 3225 lide
1713 3156 1861 3230 audivit.
1911 3154 2086 3229 Miscebat
2107 3161 2362 3251 disputationes
2385 3167 2428 3235 de
2452 3172 2519 3239 ob-

500 3259 825 3332 esse'escellentem
850 3259 985 3347 ingenii
1008 3259 1101 3338 vim,
1133 3273 1243 3338 artes,
1276 3274 1311 3329 et
1333 3258 1482 3328 virtutes
1534 3258 1645 3328 scuris
1661 3256 1926 3341 controversiis,
1951 3271 1992 3329 ut
2006 3259 2157 3329 aliorum
2173 3263 2311 3334 audiret
2327 3267 2518 3341 concinnas

500 3361 643 3433 eximias
654 3362 893 3444 adfirmamus,
919 3358 1080 3451 eteipro
1097 3354 1284 3445 bisdenis,
1310 3381 1400 3452 quae
1416 3357 1482 3428 tri·
1535 3355 1805 3449 explicationes,
1831 3359 2019 3430 condiebat
2036 3373 2070 3432 et
2093 3355 2271 3433 hilaritate
2295 3365 2379 3436 talia
2406 3369 2519 3444 collo-

500 3463 738 3556 buit-propter
748 3462 1055 3553 gubernationem,
1067 3461 1194 3548 gratias
1207 3460 1354 3549 agimus.
1379 3457 1483 3529 Nolle
1535 3460 1636 3552 quia,
1668 3481 1808 3549 asperso
1834 3460 1985 3528 candido
2010 3460 2098 3543 sale,
2122 3486 2197 3533 non
2224 3465 2321 3534 enim
2343 3466 2463 3541 deerat
2486 3475 2519 3543 ei

497 3563 868 3647 attentantibus,
901 3585 991 3654 quae
1012 3563 1124 3631 oculis
1143 3575 1357 3645 cernuntur,
1390 3560 1484 3628 livor
1533 3559 1683 3650 leposin
1701 3559 1924 3628 sermonibus
1940 3555 2181 3636 hilarioribus.

500 3677 568 3736 est.
619 3660 920 3750 Etegouontam
934 3685 1054 3732 meum
1079 3663 1269 3746 iudicium,
1294 3685 1400 3755 quam
1424 3682 1482 3730 sa·
1636 3657 1732 3728 llaec
1753 3660 1908 3729 breviter
1928 3660 2071 3731 recitavi
2096 3663 2140 3732 de
2164 3664 2306 3754 ingenio
2336 3681 2371 3737 et
2393 3673 2520 3746 studiis

500 3765 665 3857 pientum
688 3782 863 3843 sermones
885 3786 1066 3848 recenseo,
1091 3786 1180 3855 quos
1203 3762 1325 3832 audivi
1349 3760 1483 3831 dicere:
1535 3760 1632 3844 eius,
1657 3784 1747 3852 quae
1767 3776 1851 3829 vera
1872 3782 1946 3827 esse
1968 3761 2072 3830 mtrlti
2094 3776 2246 3848 nomnt,
2272 3780 2306 3835 et
2322 3778 2520 3846 verecunde

500 3862 688 3936 Neminem
703 3865 901 3948 serialisse,
926 3864 964 3932 in
981 3889 1052 3958 quo
1072 3865 1175 3954 plura
1199 3878 1314 3935 essent
1336 3875 1483 3932 naturae
1536 3863 1611 3929 sine
1632 3861 1821 3931 collatione
1843 3873 2024 3930 oratorum
2048 3861 2140 3933 dicta
2170 3877 2270 3948 sunt,
2304 3891 2411 3958 quam
2441 3877 2521 3947 aliis

497 3966 852 4057 bona,quaepsrtim
867 3966 1059 4037 necessaria
1071 3977 1154 4034 sunt
1166 3965 1204 4031 in
1224 3978 1376 4046 oratore,
1401 3984 1483 4052 par·
1534 3962 1711 4053 relinquo.
1763 3958 1821 4030 Ad
1843 3973 2028 4053 utramque
2055 3964 2207 4033 formam
2240 3969 2411 4039 orationis
2440 3975 2522 4046 ido·

499 4068 563 4140 tim
579 4076 898 4151 suntornaments,
912 4089 1018 4159 quam
1034 4066 1073 4133 in
1091 4063 1264 4137 Pontano.
1295 4060 1481 4152 lngenium
1535 4082 1624 4130 neus
1645 4062 1732 4140 fnit,
1758 4063 1803 4129 ad
1826 4061 2051 4148 grandiorem
2076 4076 2109 4133 et
2132 4065 2428 4154 splendidiorem,
2450 4100 2521 4167 qua

500 4169 568 4240 luit
589 4168 772 4238 doctrinae
791 4181 826 4237 et
851 4190 957 4258 capax
979 4180 1014 4237 et
1036 4165 1201 4246 avidum,
1234 4163 1423 4256 prudentia
1448 4173 1482 4232 ct
1534 4162 1719 4243 utebatur,
1743 4184 1822 4228 cum
1846 4159 1909 4226 illo
1930 4182 2018 4227 sono
2042 4180 2132 4252 opus
2152 4180 2226 4234 erat
2250 4165 2289 4233 in
2312 4165 2521 4264 Principum

501 4270 766 4359 circumspectio
792 4268 993 4358 singularis.
1044 4267 1116 4338 Nec
1138 4280 1214 4337 erat
1232 4262 1481 4335 hallucinatrix
1536 4259 1775 4343 consessibus,
1800 4259 1900 4329 etad
1926 4259 2072 4327 alteram
2099 4264 2296 4333 tenuiorem
2313 4281 2348 4337 et
2363 4267 2519 4343 Atticam

501 4383 636 4448 natura,
650 4383 693 4440 ut
707 4385 791 4442 sunt
805 4370 939 4440 multae
952 4370 1154 4438 deerrantes
1170 4370 1213 4438 ad
1230 4389 1386 4458 paterga.
1412 4362 1484 4434 Sed
1535 4364 1686 4429 formam
1710 4359 1754 4427 in·
1770 4357 1916 4449 privatis
1936 4360 2123 4453 colloquiis
2144 4376 2178 4434 et
2195 4364 2521 4445 deliberationibus.

500 4469 674 4542 rectitudo
697 4471 736 4540 in
755 4496 798 4543 eo
821 4470 947 4540 iudicii
972 4481 1065 4549 erat,
1091 4480 1124 4538 et
1147 4469 1183 4537 id
1198 4468 1351 4537 formare
1365 4463 1486 4534 erudi·
1535 4458 1613 4531 Etsi
1635 4459 1760 4530 videor
1777 4460 1938 4549 ineptus,
1971 4463 2033 4552 qni
2059 4463 2096 4530 in
2118 4458 2184 4532 hac
2205 4465 2407 4539 narratione
2422 4469 2521 4545 Eceii

501 4562 602 4645 tione
615 4572 763 4644 studuit.
813 4568 951 4643 Didicit
967 4569 1055 4640 iuris
1070 4568 1204 4660 publici
1220 4580 1254 4637 et
1271 4564 1401 4658 privati
1417 4566 1484 4634 do·
1536 4559 1751 4631 mentionem
1775 4560 1884 4645 facio,
1909 4575 2026 4631 tamen
2050 4562 2136 4633 libet
2158 4564 2320 4637 adiicere.
2373 4569 2415 4639 ln
2434 4599 2522 4645 con.

502 4668 655 4746 etrinsm
666 4706 681 4753 ‚·
700 4685 735 4743 et
748 4672 909 4744 adiunxit
921 4669 1158 4761 cognitionem
1175 4668 1387 4759 scriptorum
1403 4689 1487 4755 pro·
1537 4676 1647 4732 ventu
1671 4660 1879 4750 Angustapu
1902 4687 1981 4732 curn
2005 4663 2049 4731 ad
2070 4661 2254 4757 Principes
2277 4675 2448 4757 quaedam
2475 4678 2521 4746 de

503 4772 725 4870 pheticorrim
750 4785 786 4845 et
807 4774 1100 4866 apostolicorum,
1125 4783 1160 4841 et
1185 4769 1346 4840 omnium
1360 4762 1487 4840 Eccle·
1536 4765 1673 4859 synodo
1701 4763 1889 4832 indicenda
1919 4774 2078 4833 accurate
2111 4764 2261 4849 diceret,
2294 4788 2366 4838 non
2397 4780 2521 4864 procul

504 4879 575 4946 siae
589 4876 824 4947 certaminum
838 4887 1105 4966 ettesnporum,
1125 4893 1200 4941 non
1215 4884 1375 4956 tantum,
1395 4880 1436 4939 ut
1450 4890 1487 4938 se
1537 4865 1740 4935 sedentibus
1761 4859 1868 4933 Eccio
1896 4880 1931 4934 et
1955 4858 2145 4956 Philippo,
2176 4861 2304 4936 Eccius
2330 4875 2453 4946 scribit
2482 4879 2521 4949 in

504 4977 553 5049 sd
584 4971 773 5047 dicendum
801 4977 1010 5060 instrueret,
1050 4977 1111 5046 sed
1138 4973 1254 5043 multo
1282 4969 1415 5058 magis,
1447 4980 1489 5038 nt
1538 4989 1646 5058 parva
1662 4962 1798 5057 pagella
1812 4957 1898 5031 baec
1912 4966 2037 5035 verba:
2063 4962 2171 5037 Cuias
2195 4977 2247 5037 est
2271 4965 2363 5038 iste?
2387 4978 2522 5048 adseri.

503 5079 624 5153 Deum
640 5090 732 5147 recte
747 5077 944 5164 invocaret,
968 5077 1065 5170 quud
1080 5075 1210 5146 scimus
1231 5096 1312 5143 eum
1335 5070 1427 5139 serio
1454 5082 1488 5139 et
1538 5067 1592 5137 bit
1614 5061 1819 5153 Philippus:
1845 5057 1911 5131 Est
1925 5064 2012 5131 civis
2029 5063 2328 5153 Witebergensis.
2379 5072 2521 5149 Rursus

504 5183 582 5251 siue
602 5171 783 5272 hypocrisi
796 5178 926 5249 fecisse.
976 5175 1035 5248 ad
1048 5174 1141 5249 hanc
1154 5198 1274 5246 rerum
1290 5171 1487 5242 doctrinam
1539 5166 1708 5237 adscribit
1721 5158 1866 5232 Eccius:
1892 5159 2054 5281 Profecto
2069 5176 2120 5233 est
2135 5165 2317 5258 eloquens.
2368 5172 2438 5247 sed
2463 5204 2523 5249 re.

505 5280 695 5354 accedebat
707 5276 880 5349 divinitus
891 5277 923 5347 ei
939 5280 1068 5348 donata
1084 5302 1159 5349 non
1176 5276 1292 5347 solnm
1307 5271 1489 5365 profluens
1538 5270 1606 5336 deo
1622 5267 1667 5335 sd
1683 5262 1808 5334 seriem
1821 5257 2001 5333 historiae.

505 5381 679 5454 sermonis
701 5380 832 5473 copia,
858 5380 918 5446 sed
942 5380 1045 5450 etiarn
1068 5374 1237 5473 splendor
1259 5376 1297 5445 in
1317 5372 1435 5443 verbis
1455 5385 1490 5441 et
1640 5363 1732 5437 Cum
1745 5360 1827 5435 Dux
1840 5364 1978 5456 sapiens
1991 5365 2193 5439 Fridericns
2207 5363 2371 5455 Elector,
2396 5375 2522 5447 eteius

504 5484 645 5575 liguris,
669 5507 737 5553 vox
754 5479 900 5572 grandis
915 5494 949 5551 et
963 5481 1098 5561 virilis,
1125 5503 1215 5574 quae
1229 5478 1333 5547 etiam
1360 5474 1397 5541 in
1414 5496 1491 5541 ma·
1540 5467 1746 5540 Consiliarii
1770 5466 1944 5557 sapientes
1964 5481 1998 5538 et
2020 5468 2224 5560 eloquentes
2249 5469 2317 5539 viri
2344 5469 2523 5546 Fabianus

505 5609 576 5675 qno
599 5585 753 5655 exercitu
777 5581 937 5652 exaudiri
960 5580 1142 5673 potuisset.
1193 5576 1390 5649 Proceritas
1411 5597 1491 5643 cor·
1541 5564 1735 5639 aFeiliscb
1761 5579 1795 5638 et
1815 5565 2017 5640 Fridericus
2037 5593 2058 5639 a
2082 5564 2194 5640 Thun
2217 5569 2402 5663 aliquoties
2425 5570 2523 5646 Pon.

507 5685 624 5778 poris,
647 5700 683 5758 et
702 5687 836 5780 species
857 5677 1110 5774 ἀξιωματικὴ,
1137 5694 1252 5770 gestus
1272 5675 1492 5759 sedatissimi,
1542 5685 1664 5743 tanum
1698 5667 1934 5758 audivissent,
1971 5684 2004 5742 et
2037 5670 2239 5759 ingenium,
2275 5668 2524 5765 eruditionem,

425 5790 432 5804 “
557 5785 742 5857 Mensura.
769 5778 875 5859 Oris.
900 5780 987 5853 vos.
1012 5783 1091 5850 xn.
1835 5769 1887 5845 2⁸
2211 5802 2224 5813 ·
