6025 6775
752 2149 766 2158 '
904 2148 985 2216 in
1049 2132 1685 2214 deliberationibus
1750 2128 2068 2215 dicebat,
2166 2131 2264 2200 ita
2331 2130 2703 2220 processit,
2794 2141 2876 2198 ut

859 673 968 748 m

2027 648 2347 727 DECL.
2422 643 2579 723 DE
2638 643 3125 727 HIERON.
3199 648 3764 732 SCHURFF.

4829 672 4936 752 92

881 835 1283 917 rationibus
1310 824 1663 914 adhibuit,
1691 839 1762 898 et
1780 824 2018 897 locum
2043 822 2108 892 ei
2135 819 2392 894 tribuit
2418 820 2496 890 in
2525 843 2857 914 supremo
2963 819 3325 898 Lntherus
3365 823 3776 898 concionari
3816 824 3897 896 in
3944 822 4084 900 hoc
4126 830 4392 927 oppido
4441 836 4707 932 coepit,
4781 854 4931 916 stu-

890 940 1164 1015 iudicio
1198 934 1482 1007 Ducum
1517 927 1903 1011 saxoniae,
1952 923 2143 1016 quod
2185 944 2464 1014 semper
2494 920 2863 1016 Principes

884 1045 1271 1115 voluerunt
1294 1056 1444 1104 esse
1479 1053 1710 1101 arcem
1758 1024 2073 1097 iusticiae
2117 1022 2197 1092 in
2227 1018 2341 1093 bis
2380 1023 2625 1108 terris,
2673 1047 2866 1093 eam..

884 1166 1032 1239 que
1058 1142 1155 1211 ob
1180 1158 1463 1208 causam
1497 1155 1578 1201 ex
1611 1125 1995 1200 Nobilitate
2021 1136 2088 1194 et
2118 1146 2203 1194 ex
2227 1120 2655 1204 Ductoribus
2698 1124 2868 1195 lecti

885 1256 1065 1315 aunt
1107 1240 1409 1320 iudices,
1459 1249 1760 1325 quorum
1785 1225 2088 1295 maxime
2121 1225 2421 1319 probata
2446 1238 2553 1298 est
2582 1224 2868 1319 sapien.

891 1347 996 1418 tia
1027 1357 1102 1413 et
1134 1338 1521 1428 integritas.

1103 1437 1430 1510 Habebat
1490 1425 1611 1497 bic
1659 1424 1965 1516 collegas
2014 1449 2163 1497 non
2216 1427 2580 1517 vulgares,
2657 1423 2866 1495 initio

898 1541 1498 1629 Wolffgangum,
1558 1527 1820 1598 deinde
1857 1538 1928 1597 et
1965 1525 2454 1618 Henningum.
2552 1521 2651 1597 Et
2693 1550 2872 1596 con-

890 1645 1259 1718 sulebatur
1284 1630 1458 1703 haec
1480 1627 1866 1702 Academia
1893 1650 1933 1699 a
1960 1628 2205 1698 multis
2232 1629 2563 1719 gentibus
2592 1628 2681 1697 de
2710 1650 2871 1718 gra-

897 1738 1205 1815 vissimis
1270 1728 1797 1805 controversiis.
1918 1727 2166 1823 Itaque
2219 1727 2743 1823 Hieronymum
2801 1739 2873 1798 et

900 1844 1249 1928 collegae,
1324 1847 1399 1905 et
1455 1829 1903 1919 negotiorum
1955 1831 2258 1900 varietas
2315 1853 2397 1899 ac
2452 1828 2872 1918 magnitudo

842 1972 853 2000 ι
896 1939 1220 2041 quotidie
1260 1934 1629 2006 acuebant.
1726 1923 1826 1999 Et
1868 1929 2018 2021 ipse
2067 1930 2351 2000 intuens
2385 1927 2874 2018 Henningum,

903 2059 980 2122 et
1019 2049 1285 2114 attente
1326 2032 1787 2106 considerans
1825 2031 2057 2100 fontes
2091 2031 2648 2117 sententiarum,
2701 2051 2875 2122 quas

904 2258 1149 2341 postea
1193 2236 1330 2330 ipsi
1376 2256 1584 2303 nemo
1632 2229 1982 2318 praelatus
2024 2230 2141 2301 sit.
2265 2228 2612 2319 Magnum
2663 2230 2876 2299 decus

857 2325 863 2332 ⁸
904 2359 1016 2419 est
1040 2357 1113 2415 et
1158 2333 1584 2432 praesidium
1612 2326 2078 2421 Reipublicae
2115 2330 2279 2401 talis
2307 2328 2878 2412 Iurisconsultus,

910 2447 1112 2520 cuius
1154 2434 1522 2509 sententiis
1564 2443 1717 2501 tuto
1761 2431 1955 2500 credi
2001 2443 2249 2523 potest.
2350 2428 2473 2502 Sic
2512 2432 2702 2522 apud
2736 2444 2891 2501 tres-

855 2544 863 2557 ’
908 2545 1276 2620 Electores
1309 2532 1692 2608 Saxonicos
1722 2530 1898 2601 vixit
1927 2554 2151 2601 annos
2185 2530 2649 2623 quadraginta
2679 2533 2880 2615 duos,

915 2661 1000 2719 ut
1029 2659 1107 2714 et
1149 2638 1382 2713 studia
1434 2629 1800 2705 doctrinae
1844 2629 2030 2702 luris
2085 2645 2156 2702 et
2203 2630 2465 2701 iudicia
2508 2633 2883 2723 praecipue

917 2743 1198 2826 rexerit,
1245 2751 1316 2809 et
1343 2732 1672 2829 plurimis
1698 2731 2014 2803 consiliis
2045 2728 2408 2802 adhibitus
2436 2730 2562 2816 sit,
2611 2732 2689 2800 in
2721 2731 2885 2825 qui-

916 2852 1058 2920 bus
1085 2866 1223 2912 vox
1259 2839 1413 2910 eius
1442 2832 1768 2905 salutaris
1800 2832 1939 2905 fuit
1967 2831 2456 2926 Reipublicae.

1122 2939 1413 3016 Erudiit
1488 2947 1559 3005 et
1636 2933 1920 3029 scriptis
1991 2934 2493 3025 posteritatem.

920 3048 1111 3122 enim
1154 3044 1311 3114 eius
1357 3033 1692 3114 consilia,
1787 3057 1965 3128 quae
2021 3036 2405 3105 ostendunt
2454 3055 2604 3101 non
2649 3031 2883 3101 solum

916 3145 1394 3222 eruditionem
1446 3136 1669 3229 ipsius
1719 3148 1789 3206 et
1835 3135 2087 3207 iudicii
2137 3132 2668 3215 rectitudinem,
2760 3131 2883 3201 scd

922 3251 1137 3321 etiam
1176 3240 1490 3315 veritatis
1537 3251 1609 3309 et
1658 3235 1978 3308 iustitiae
2029 3260 2340 3308 amorem
2393 3233 2471 3302 in
2524 3231 2677 3324 ipso
2725 3254 2889 3324 per-

977 3365 1241 3424 einum.

923 3378 976 3444 p
1126 3447 1560 3534 Quanquam
1589 3447 1822 3506 autem
1865 3455 2118 3523 magna
2165 3448 2268 3504 est
2313 3434 2766 3524 negociorum
2811 3431 2890 3501 in

922 3551 1075 3622 illis
1092 3541 1470 3623 Centuriis,
1529 3559 1708 3629 quae
1736 3546 1997 3618 extant,
2044 3534 2366 3618 varietas,
2415 3548 2654 3603 tamen
2683 3533 2890 3600 lectio

928 3653 1010 3721 in
1041 3644 1288 3739 primis
1317 3639 1513 3712 utilis
1543 3648 1648 3706 est
1678 3635 1768 3704 ad
1818 3633 2231 3703 iudicandas
2276 3631 2719 3724 emptionum
2763 3653 2893 3702 na-

930 3767 1126 3823 turas
1145 3796 1167 3836 ,
1233 3757 1303 3815 et
1330 3742 1420 3812 ad
1447 3736 1950 3809 discernendas
1977 3734 2371 3826 emptiones
2400 3734 2490 3802 ab
2518 3756 2892 3803 usurarum

927 3845 1400 3945 pactionibus.
1510 3837 1797 3910 Nullius
1842 3836 2038 3905 enim
2090 3849 2328 3906 extant
2374 3835 2631 3926 scripta
2677 3833 2895 3920 tnagis

928 3947 1302 4045 perspicua
1349 3944 1438 4013 de
1483 3949 1973 4011 contractuum
2024 3937 2504 4007 distinctione.
2603 3932 2699 4005 Et
2745 3958 2891 4003 non

932 4051 1166 4123 solum
1215 4041 1389 4115 baec
1427 4040 1721 4130 scripta,
1766 4038 1892 4108 sed
1932 4038 2142 4109 etiam
2190 4039 2334 4110 vita
2370 4040 2520 4107 cius
2557 4036 2899 4121 ostendit,

926 4152 1147 4225 fuisse
1181 4168 1342 4217 eum
1370 4142 1792 4213 acerrimum
1822 4161 2198 4212 usurarum
2228 4136 2529 4210 bostem.

1137 4247 1521 4339 Postquam
1576 4254 1808 4313 autem
1871 4265 1953 4312 ex
2007 4236 2138 4311 bac
2185 4238 2566 4312 Academia
2609 4251 2900 4331 propter

932 4353 1202 4424 bellum
1247 4344 1600 4430 discessit,
1651 4344 1741 4414 ab
1786 4342 2053 4437 inclyto
2099 4340 2432 4434 Principe
2476 4336 2899 4411 Mat-chione

2622 2924 2885 3002 Extant

933 4450 1262 4525 Electore
1308 4450 1386 4518 in
1434 4442 1894 4517 Academiam
1943 4441 2621 4515 Francusordianam
2666 4465 2901 4513 accer-
2945 4482 2946 4487 κ

932 4553 1112 4626 situs
1143 4567 1283 4631 est,
1329 4548 1458 4618 ubi
1489 4569 1718 4618 annos
1757 4556 2017 4634 septem
2062 4567 2313 4634 magna
2363 4543 2768 4627 sedulitate,
2833 4556 2905 4615 et

935 4654 1015 4722 in
1063 4671 1317 4739 magna
1358 4647 1764 4719 auditorum
1812 4646 2205 4739 frequentia
2252 4644 2671 4735 propagavit
2719 4642 2905 4714 luris

934 4750 1362 4827 doctrinam.
1460 4742 1861 4817 Accersitus
1903 4760 2139 4816 autem
2178 4748 2272 4815 ab
2305 4741 2735 4832 Imperatore
2765 4741 2905 4814 Ca-

935 4853 1095 4926 rolo
1145 4848 1435 4944 quinto,
1513 4858 1596 4916 ut
1642 4845 1829 4916 inter
1873 4844 2144 4916 iudices
2197 4843 2460 4914 summi
2525 4844 2771 4914 iudicii
2826 4846 2905 4914 in
2947 4871 2948 4874 ¹

936 4950 1079 5027 hoe
1122 4945 1548 5023 Germanico
1592 4944 1894 5036 imperio
1942 4946 2176 5019 locum
2224 4942 2553 5032 haberet,
2617 4968 2905 5016 excusa·

937 5055 1137 5127 tione
1172 5062 1487 5121 senectae
1528 5067 1701 5119 usus
1744 5060 1868 5117 est.

1145 5150 1507 5222 Hactenus
1534 5151 1626 5221 de
1659 5173 1747 5221 eo
1790 5148 2025 5220 studio
2076 5150 2260 5232 dixi,
2314 5153 2503 5245 quod
2556 5148 2910 5244 professus

937 5269 1068 5329 est.
1166 5251 1376 5323 Nunc
1418 5253 1506 5320 de
1548 5251 1709 5321 aliis
1752 5251 1904 5322 eius
1946 5250 2329 5324 virtutibus
2369 5254 2623 5326 dicam.
2723 5248 2905 5322 Cum

944 5355 1350 5428 adolescens
1396 5352 1486 5422 ad
1534 5352 1971 5442 agnitionem
2021 5366 2090 5423 et
2134 5354 2656 5424 invocationem
2686 5349 2823 5422 Dei
2868 5377 2910 5423 a

941 5472 1140 5550 patre
1170 5452 1610 5526 adsuefactus
1645 5466 1861 5538 esset,
1910 5454 2286 5542 diligenter
2317 5466 2388 5522 et
2414 5454 2705 5544 quidem
2743 5449 2914 5523 bor-
2959 5479 2961 5481 ¹

2967 927 3168 996 diosc
3226 950 3390 998 cum
3451 928 3766 1032 audivit,
3846 927 4107 1002 deinde
4161 947 4233 1005 et
4273 935 4534 1029 scripta
4575 940 4782 1031 legit,
4859 957 4933 1018 et

2967 1026 3267 1117 cognitis
3309 1028 3764 1121 incorruptae
3803 1031 4165 1103 doctrinae
4206 1034 4561 1125 fontibus,
4622 1064 4778 1111 eam
4818 1044 4931 1135 pie

2971 1128 3331 1219 amplexus
3374 1141 3514 1215 est,
3563 1145 3635 1204 et
3683 1132 3775 1201 de
3814 1132 4153 1204 omnibus
4191 1140 4693 1212 controversiis
4733 1165 4937 1235 saepe

2971 1252 3130 1298 cum
3180 1224 3535 1314 Luthero,
3595 1253 3758 1301 cum
3799 1228 4269 1322 Amsdorffio,
4331 1260 4510 1330 quos
4562 1253 4646 1312 ut
4689 1241 4941 1314 fratres

2971 1327 3353 1418 diligebat,
3399 1342 3473 1401 et
3505 1352 3668 1401 cum
3700 1331 3862 1402 aliis
3901 1334 4146 1404 amicis
4189 1337 4666 1408 eruditissime
4710 1341 4938 1413 disse-

2923 1501 2926 1517 κ
2971 1429 3156 1510 ruit,
3204 1429 3374 1524 quia
3416 1429 3602 1501 serio
3644 1432 3990 1505 statuebat
4016 1434 4325 1528 aliquam
4355 1460 4503 1509 esse
4528 1435 4663 1510 Dei
4685 1436 4941 1512 Eccle-

2971 1529 3175 1614 siam,
3211 1541 3281 1600 et
3312 1524 3498 1601 banc
3526 1531 3750 1602 solam
3783 1554 3951 1620 esse,
4000 1558 4180 1628 quae
4203 1537 4651 1629 amplectitur
4678 1541 4940 1633 scripta

2971 1624 3383 1721 prophetica
3450 1645 3522 1703 et
3578 1632 3957 1723 apostolica
3996 1636 4154 1706 sine
4193 1640 4633 1732 corruptelis.
4732 1640 4939 1732 Legit

2974 1728 3194 1819 igitur
3249 1730 3458 1801 avide
3512 1733 3833 1802 omnium
3881 1746 4280 1827 temporum
4314 1733 4671 1812 Ecclesiae
4709 1755 4939 1814 certa-

2973 1831 3207 1916 mina,
3275 1830 3580 1902 contulit
3618 1833 4058 1927 antiquitatis
4104 1837 4366 1908 iudicia
4410 1841 4500 1909 ad
4550 1843 4940 1913 recentium

2977 1930 3373 2001 seculorum
3401 1944 3471 2002 et
3503 1926 3719 2003 buius
3748 1936 4086 2027 temporis
4115 1937 4533 2015 doctrinam.
4596 1937 4705 2011 Ac
4733 1943 4940 2012 valde

2979 2031 3409 2118 laetabatur,
3457 2031 3710 2103 videns
3742 2034 3972 2126 reipsa
4005 2059 4392 2127 congruere
4419 2033 4674 2110 harum
4693 2037 4942 2112 Eccle-

2977 2132 3242 2200 siarum
3303 2132 3704 2204 doctrinam
3765 2158 3927 2206 cum
3988 2137 4211 2208 veteri
4255 2135 4572 2210 Ecclesia
4630 2142 4945 2232 puriore,

2979 2255 3141 2303 cum
3186 2231 3466 2323 scriptis
3494 2232 3881 2324 Augustini
3923 2249 3992 2306 et
4038 2237 4199 2307 aliis
4241 2252 4522 2330 postea.
4566 2240 4646 2310 in
4681 2243 4945 2337 quibus

2980 2332 3180 2420 signa
3221 2332 3641 2404 eruditionis
3688 2347 3758 2404 et
3799 2335 4078 2426 pietatis
4123 2340 4697 2429 conspiciuntur,
4776 2344 4946 2437 quia

2980 2431 3282 2521 singulis
3309 2433 3656 2505 aetatibus
3686 2435 3908 2529 aliqui
3944 2439 4236 2510 fuerunt
4260 2435 4633 2530 Evangelii
4665 2456 4897 2514 testes.

3185 2573 3655 2651 Meminimus
3718 2581 4013 2653 mirifice
4072 2586 4491 2659 delectatum
4551 2612 4699 2661 esse
4754 2593 4943 2664 dicto

2982 2676 3420 2767 Bernhardi,
3498 2680 3578 2750 in
3625 2705 3771 2775 quo
3831 2683 4127 2756 dicitur:
4214 2686 4507 2759 Necesse
4557 2703 4664 2762 cst
4710 2693 4943 2783 primo

2983 2782 3308 2853 omnium
3361 2784 3685 2866 credere,
3737 2784 3928 2875 q'uod
3975 2787 4454 2858 remissionem
4501 2806 4945 2881 peccatorum

2984 2879 3252 2953 habere
3294 2906 3443 2953 non
3485 2881 3743 2975 possis,
3818 2881 3959 2952 nisi
4011 2909 4140 2977 per
4192 2889 4743 2960 misericordiam
4785 2892 4946 2966 Dei.

2986 2982 3127 3055 Sed
3159 2984 3378 3069 adde,
3426 2997 3509 3053 ut
3538 2983 3778 3051 credas
3810 2994 3882 3054 et
3909 2977 4081 3071 hoc,
4133 2991 4327 3079 quod
4355 3012 4485 3081 per
4513 2990 4745 3081 ipsum
4783 3015 4949 3083 pec-

2982 3095 3138 3152 cata
3167 3083 3300 3154 tibi
3326 3107 3608 3177 quoque
3635 3083 4016 3157 donantur.
4120 3084 4279 3157 Hoc
4306 3103 4410 3160 est
4440 3091 4953 3180 testimonium,

2987 3185 3180 3276 quod
3243 3180 3570 3276 perbibet
3633 3180 3943 3272 Spiritus
4007 3201 4289 3259 sanctus
4352 3190 4432 3257 in
4509 3194 4721 3261 corde
4802 3209 4956 3278 tuo,

2986 3283 3262 3352 dicens:
3313 3281 3640 3356 Remissa
3663 3297 3830 3354 sunt
3863 3283 3997 3355 tibi
4037 3302 4315 3376 peccata
4360 3302 4513 3360 tua.
4613 3289 4734 3362 Sic
4765 3295 4956 3364 enim

2990 3383 3090 3454 ait
3150 3382 3540 3476 Apostolus
3555 3410 3584 3452 :-
3680 3379 3925 3456 Gratis
3984 3384 4347 3460 iustificari
4405 3385 4767 3463 hominem
4828 3418 4958 3485 per

2990 3484 3226 3558 fidem.
3329 3483 3536 3555 Talia
3567 3484 3758 3554 dicta
3788 3485 4010 3556 multa
4055 3488 4292 3579 legens
4335 3504 4407 3562 et
4447 3492 4742 3561 audiens
4783 3516 4955 3564 con·

2991 3584 3308 3655 firmabat
3345 3583 3423 3652 in
3455 3599 3734 3675 pectore
3765 3585 4012 3664 fidem,
4049 3600 4120 3655 et
4150 3591 4373 3657 animi
4419 3592 4750 3680 pietatem
4794 3618 4958 3666 vera

2993 3682 3440 3755 invocatione
3457 3678 3594 3753 Dei
3647 3694 3716 3752 et
3755 3675 4248 3757 honestissima
4292 3710 4571 3758 morum
4605 3695 4960 3780 guberna-

2992 3786 3190 3855 tione
3227 3784 3665 3858 ostendebat.

3194 3930 3304 4007 De
3350 3934 3677 4006 doctrina
3717 3956 3924 4027 saepe
3968 3959 4129 4008 cum
4174 3930 4374 4008 Duce
4413 3934 4767 4010 saxoniae
4796 3930 4960 4010 Fri-

2998 4037 3239 4107 dcrico
3291 4032 3623 4108 Electore
3678 4037 4090 4125 gravissime
4149 4037 4538 4112 collocutus
4599 4055 4725 4116 est.
4840 4039 4962 4112 Ad

2996 4135 3271 4210 Ducem
3314 4136 3665 4209 saxoniae
3708 4135 4050 4209 loannem
4108 4140 4387 4233 scripsit
4428 4141 4964 4227 confessionem,

2996 4241 3075 4308 in
3119 4262 3258 4332 qua
3301 4237 3561 4307 diserte
3609 4238 3910 4328 explicat
3959 4241 4553 4333 propositionem:
4621 4242 4789 4315 Sola
4824 4244 4962 4313 fide

2999 4338 3499 4423 iustificamur,
3547 4351 3618 4409 et
3663 4333 3777 4409 his
3818 4340 4053 4411 verbis
4096 4365 4266 4413 usus
4304 4356 4451 4427 est,
4505 4366 4652 4413 non
4697 4344 4965 4419 intelli-

2998 4442 3301 4531 gendam
3336 4462 3486 4510 esse
3516 4434 3702 4509 banc
3734 4442 4330 4532 propositionem,
4382 4444 4518 4514 fide
4560 4468 4694 4515 nos
4744 4447 4966 4516 iustos

3004 4565 3188 4626 esse,
3228 4541 3410 4612 sicut
3434 4540 3644 4611 multi
3677 4539 4273 4631 imaginabantur.
4374 4542 4700 4616 Novitate
4731 4543 4968 4616 homi-

3004 4666 3133 4713 nes
3168 4642 3391 4714 iustos
3433 4664 3622 4727 esse,
3685 4644 3808 4713 sed
3851 4657 4141 4733 propter
4183 4645 4412 4715 filium
4444 4642 4581 4716 Dei
4626 4649 4970 4720 mediato-

3004 4768 3199 4829 rem,
3282 4765 3492 4837 quem
3540 4744 3679 4813 fide
3722 4744 4005 4834 agnosci
4057 4759 4126 4816 et
4176 4745 4377 4815 cuius
4428 4747 4967 4837 promissionem

3003 4845 3144 4915 fide
3192 4843 3419 4937 accipi
3469 4857 3770 4935 oportet.
3882 4839 4117 4916 Erant
4164 4846 4380 4935 igitur
4432 4849 4640 4916 verba
4690 4849 4767 4917 in
4819 4850 4972 4918 eius

3006 4945 3313 5038 scripto:
3414 4942 3579 5015 Non
3658 4957 3949 5036 propter
4023 4960 4343 5016 nostrum
4421 4950 4705 5018 credere
4734 5003 4755 5034 ,
4847 4953 4969 5019 sed

3006 5061 3296 5139 propter
3324 5045 3551 5115 filium
3579 5045 3718 5117 Dei
3744 5046 4225 5121 mediatorem.
4327 5044 4731 5119 Certamina
4762 5050 4969 5119 etiam

3009 5151 3099 5219 de
3116 5146 3438 5230 doctrina
3467 5170 3629 5217 cum
3660 5145 4103 5239 principibus
4134 5148 4305 5217 viris
4336 5149 4401 5216 ei
4431 5172 4634 5242 saepe
4666 5151 4970 5230 fuerunt,

3008 5264 3079 5322 et
3106 5249 3383 5341 aliquos
3412 5247 3607 5318 flexit
3633 5250 3722 5317 ad
3754 5246 4119 5317 doctrinae
4163 5249 4518 5335 studium,
4565 5251 4841 5344 aliquos
4879 5252 4969 5316 ad

2964 5379 2965 5382 ¹
3009 5350 3590 5421 moderationem.
3654 5342 3857 5419 Nihil
3881 5349 4089 5439 fingo.
4156 5348 4340 5420 Sunt
4373 5345 4544 5420 baec
4573 5365 4737 5421 nota
4768 5374 4972 5442 prae-

3010 5449 3458 5523 stantissimis
3481 5448 3678 5536 viris,
3727 5448 3854 5542 qui
3880 5444 4115 5520 adhuc
4144 5451 4422 5536 vivunt,
4473 5450 4765 5523 Ductori
4787 5449 4975 5523 Gre-

940 5572 1136 5631 tante
1170 5569 1404 5650 patre,
1452 5552 1531 5622 in
1555 5550 1957 5624 Academiis
1971 5548 2325 5623 Ecclesiae
2354 5554 2748 5622 doctrinam
2783 5578 2914 5624 au·
3013 5551 3212 5642 gorio
3228 5548 3556 5622 Pontano
3589 5564 3658 5624 et
3673 5548 3969 5621 Nicolao
3987 5547 4434 5635 Amsfordio,
4470 5565 4539 5622 et
4570 5554 4767 5639 aliis,
4815 5576 4980 5626 cum

939 5660 1148 5735 divit.
1240 5653 1336 5729 Et
1364 5653 1532 5750 quia
1565 5653 1830 5726 sciebat
1859 5654 1936 5723 in
1963 5654 2288 5725 doctrina
2318 5654 2573 5726 usitata
2608 5657 2910 5725 multum
3015 5653 3276 5746 quibus
3306 5667 3625 5726 amanter
3653 5666 3725 5725 et
3757 5652 4032 5745 placide
4062 5654 4297 5724 studio
4340 5651 4656 5724 veritatis
4698 5654 4788 5724 de
4828 5667 4977 5726 tota

942 5780 1095 5833 esse
1160 5755 1763 5845 inextricabilium
1841 5755 2403 5850 disputationum
2425 5805 2446 5836 ‚
2538 5769 2910 5848 postquam
2966 5781 2967 5784 ¹
3012 5751 3369 5827 Ecclesiae
3397 5752 3724 5828 doctrina
3752 5753 4152 5846 saepissime
4184 5752 4734 5847 colloquebatur.
