6025 6775
526 652 601 735 419
1287 628 1790 710 rnorosrrrorras.
2176 687 2184 714 .
2366 579 2368 584 ’
2474 648 2556 728 400

537 845 611 898 esse
624 819 768 913 quidem
785 828 941 911 peecata,
962 812 1023 882 sed
1040 830 1080 880 ea
1095 806 1184 897 tegi,
1208 804 1247 876 id
1265 817 1337 891 εει,
1360 828 1435 876 noo
1452 807 1522 876 im·
1571 819 1625 880 est
1644 801 1865 880 hominibusi
1915 801 2172 890 Hebraeas:
2204 809 2276 884 Per
2295 815 2412 910 ipsum
2431 819 2553 892 offeri.

539 924 659 1022 putari
670 924 717 993 ad
737 939 888 1011 poenam
912 927 1110 995 aeternam,
1133 931 1209 978 non
1230 909 1463 1000 pronunciari
1481 923 1523 978 ut
1573 931 1653 979 mus
1673 906 1885 980 sacrificium
1905 908 2024 980 laudis
2051 926 2235 1004 acceptum
2257 914 2353 1004 Deo,
2393 913 2460 991 hoe
2489 935 2553 1005 est,

540 1046 692 1122 persona
706 1022 753 1091 sit
763 1022 939 1089 damnata.
988 1008 1038 1083 lte
1053 1010 1161 1082 verbo
1183 1009 1326 1101 tegendi
1345 1009 1523 1100 significa·
1571 1011 1727 1082 fructum
1749 1010 1927 1081 labiorum
1950 1011 2194 1084 confitentium
2220 1019 2362 1089 nomini
2375 1019 2470 1108 eius,
2492 1024 2555 1094 be·

542 1143 603 1202 tur
614 1121 788 1197 mediator
802 1119 896 1190 lilius
910 1112 997 1200 Dei,
1022 1110 1085 1206 qui
1100 1125 1152 1183 est
1165 1112 1426 1193 umbraculum,
1449 1135 1522 1205 quo
1572 1112 1828 1184 nefieentiae'et
1841 1112 2194 1201 communicationis,
2219 1139 2266 1186 ne
2281 1120 2557 1194 obliviscamini.

542 1226 715 1318 tegimur,
739 1220 820 1315 quia
835 1219 910 1308 ipse
925 1215 1051 1284 insere
1065 1213 1354 1300 derivavitiram,
1376 1235 1442 1306 pro
1455 1236 1524 1284 no-
1572 1210 1622 1284 Et
1644 1213 1684 1283 in
1697 1208 1755 1286 his
1775 1213 1879 1286 dictis
1900 1214 2008 1286 simul
2023 1210 2273 1309 comprehensa
2288 1234 2342 1293 est
2357 1222 2463 1309 fides,
2488 1222 2557 1293 Per

542 1329 601 1402 bis
623 1323 787 1398 satisfecit
808 1315 966 1388 iusticias
979 1312 1068 1400 Dei,
1090 1329 1126 1388 et
1145 1316 1217 1387 iam
1239 1338 1383 1410 quoque
1396 1316 1525 1407 depre·
1573 1314 1692 1407 ipsum
1707 1314 1908 1403 offerimus,
1931 1314 1971 1386 id
1985 1329 2056 1403 est,
2077 1316 2146 1389 lide
2159 1319 2363 1407 statuimus,
2388 1337 2424 1394 et
2438 1347 2505 1393 nos
2522 1340 2560 1398 et
2690 1309 2692 1316 ¹

544 1443 644 1502 rator
664 1439 732 1508 εει,
755 1435 790 1490 ει
814 1430 960 1510 propter
980 1440 1062 1487 eum
1085 1417 1190 1488 nobis
1202 1417 1380 1509 parcitur,
1405 1428 1440 1485 et
1455 1415 1525 1484 im·
1574 1409 1661 1486 haec
1672 1440 1780 1510 opera
1793 1431 1939 1511 propter
1957 1419 2186 1492 mediatorem
2202 1421 2357 1514 placere,
2384 1426 2561 1494 etreferi-

571 1541 690 1598 ntatur
705 1520 809 1590 nobis
830 1519 942 1611 ipsius
965 1517 1120 1603 iusticia,
1146 1514 1382 1589 sicutPaulus
1405 1515 1526 1610 inquit
1574 1540 1654 1588 mus
1668 1541 1709 1589 ea
1725 1519 1771 1589 ad
1787 1514 1884 1591 hunc
1897 1520 2023 1605 finem,
2046 1534 2088 1593 ut
2103 1517 2179 1592 Deo
2200 1521 2406 1595 exhibeatur
2429 1517 2556 1610 honos,

545 1553 650 1702 llom.
666 1621 720 1695 5.:
752 1619 903 1714 Propter
918 1619 1024 1690 unius
1041 1618 1280 1690 obedientiam
1295 1619 1379 1689 iusti
1393 1618 1526 1689 consti·
1575 1632 1610 1688 et
1632 1633 1752 1691 movet
1773 1621 1882 1691 corda
1904 1634 2026 1692 nostra
2049 1621 2143 1692 filius
2155 1620 2242 1710 Dei,
2265 1637 2300 1695 et
2314 1624 2418 1696 simul
2434 1649 2558 1697 coram.

545 1740 692 1802 tuentur
706 1723 822 1794 multi.
870 1722 979 1792 Item:
1004 1717 1080 1790 lam
1094 1744 1168 1791 non
1184 1720 1267 1792 estis
1281 1721 1348 1791 sub
1364 1720 1451 1809 lege,
1464 1719 1526 1789 sed
1575 1714 1652 1792 Deo
1666 1734 1719 1793 est
1733 1723 1938 1813 deprecator
1954 1736 1989 1794 et
2004 1745 2164 1794 summus
2184 1727 2354 1797 sacerdos.

545 1828 613 1902 sub
626 1827 750 1918 gratia,
766 1822 873 1896 Rom
887 1823 941 1906 6.,
960 1821 998 1890 id
1014 1833 1076 1918 est,
1098 1844 1173 1891 non
1188 1819 1270 1891 estis
1285 1820 1414 1913 captivi
1427 1820 1526 1910 legis,
1657 1819 1739 1892 Huc
1752 1821 1906 1912 pertinet
1918 1822 2071 1894 dictum:
2092 1819 2215 1897 Omne
2230 1830 2325 1920 quod
2340 1851 2415 1898 non
2428 1852 2469 1898 ex
2485 1829 2555 1901 lide

545 1931 607 2004 sed
623 1928 759 2019 tegitur¹
769 1937 884 1994 vestra
899 1921 1084 1991 infirmitas
1104 1922 1257 2012 gratuita
1273 1921 1526 2006 misericordia,
1575 1934 1643 2008 est,
1667 1935 1848 2013 peccatum
1869 1934 1935 1997 cst.
1985 1921 2083 1996 Haec
2107 1928 2214 1997 verba
2235 1953 2310 1998 nou
2331 1943 2467 2002 tantum
2490 1956 2556 2003 sto-

545 2029 751 2102 remissione
763 2038 797 2096 et
809 2022 1094 2095 reconciliatione
1106 2024 1235 2092 donata
1246 2023 1525 2114 propterfilium‚
1573 2024 1691 2115 μικῶς
1728 2022 1993 2114 intelligantur,
2043 2039 2086 2097 ut
2127 2024 2295 2099 monachi
2329 2048 2558 2119 enarrarunt,

546 2145 582 2204 et
601 2152 665 2221 per
686 2150 777 2198 eum.
827 2122 916 2193 ltem
930 2119 1037 2193 Rom.
1053 2117 1106 2192 ἀι
1142 2119 1268 2193 Gratia
1284 2124 1451 2196 exuberat
1466 2145 1528 2194 su·
1577 2117 1696 2194 Omne
1714 2125 1809 2216 quod
1825 2148 1898 2195 non
1914 2137 1966 2195 est
1982 2148 2023 2195 ex
2037 2126 2126 2211 fide,-
2149 2144 2331 2220 peccatum
2350 2146 2420 2219 est,
2439 2132 2477 2201 id
2492 2146 2556 2214 εει,

487 2273 492 2284 =
546 2255 610 2325 pra
624 2241 814 2323 peccatum.
841 2222 929 2293 ltem
943 2217 1051 2293 Rom.
1066 2223 1117 2295 8.:
1139 2220 1249 2293 Nulla
1262 2247 1359 2294 nunc
1373 2238 1426 2296 εει
1439 2248 1528 2295 con·
1577 2226 1673 2319 quod
1700 2220 1918 2314 prohibitum
1935 2238 1986 2296 est
2001 2227 2075 2316 lege
2088 2224 2178 2314 Dei,
2204 2244 2245 2301 ut
2260 2233 2455 2319 adulteria,
2478 2236 2555 2304 fur-

547 2328 780 2418 demnatioin
793 2317 863 2405 his,
887 2323 951 2415 qui
967 2323 1151 2394 ambulant
1166 2324 1206 2392 in
1220 2319 1365 2395 Christo
1384 2322 1474 2395 lesu.
1578 2339 1632 2411 ta,
1650 2347 1795 2410 usuras,
1819 2326 1943 2397 dicunt
1961 2349 2036 2397 uon
2057 2349 2130 2398 esse
2152 2352 2195 2399 ex
2208 2329 2290 2402 lide.
2341 2331 2421 2403 Etsi
2435 2348 2556 2406 autem

647 2427 727 2502 Etsi
748 2426 857 2517 igitur
876 2422 1081 2515 planissime
1107 2424 1340 2510 affirmamus,
1370 2426 1412 2493 in
1439 2446 1527 2495 con·
1576 2449 1701 2497 verum
1724 2438 1794 2512 εει,
1826 2438 2005 2518 peccatum
2024 2450 2095 2498 esse
2115 2429 2292 2525 quidquid
2315 2449 2450 2524 pugnat
2472 2459 2555 2506 sum

547 2555 650 2604 verso
671 2528 749 2601 fieri
776 2524 1075 2617 regenerationem
1103 2538 1138 2595 et
1166 2524 1440 2597 vivificationem
1463 2547 1527 2619 per
1576 2528 1652 2619 lege
1668 2523 1757 2613 Dei,
1780 2540 1902 2598 tamen
1920 2540 1955 2599 et
1974 2522 2061 2597 haec
2082 2531 2277 2620 evangelica
2301 2536 2557 2607 sententiaad-

548 2633 678 2704 lrlinm:
705 2645 822 2703 tamen
845 2650 921 2696 non
945 2625 1059 2696 solum
1081 2626 1126 2696 de
1139 2625 1325 2698 effectione
1335 2625 1525 2698 dicendum
1576 2629 1693 2699 denda
1710 2639 1774 2702 est.
1821 2625 2010 2700 Peccatum
2027 2641 2081 2700 est
2099 2653 2223 2715 omne,
2244 2635 2340 2726 quod
2357 2650 2497 2708 nonest
2513 2662 2556 2710 ex

548 2746 612 2818 est,
627 2734 687 2801 sed
702 2730 808 2802 etiam
819 2721 939 2798 dehac
950 2726 1189 2798 consolatione
1201 2728 1397 2801 necessaria
1408 2728 1526 2800 omni·
1576 2728 1664 2814 fide,
1687 2729 1726 2798 id
1743 2739 1812 2813 εει,
1837 2751 1879 2798 ex
1894 2728 2078 2819 agnitione
2098 2728 2165 2797 filii
2178 2725 2265 2816 Ilei,
2291 2747 2325 2804 ει
2337 2735 2466 2807 fiducia
2482 2749 2568 2807 sta-¹

430 2869 437 2883 .
547 2835 616 2907 bus
640 2830 769 2901 sanctis
791 2829 831 2898 in
851 2833 1040 2919 conspeetu
1060 2850 1143 2898 suae
1162 2830 1401 2919 indignitates,
1426 2843 1461 2900 et
1486 2830 1525 2898 in
1577 2842 1714 2915 tuente,
1746 2829 1843 2922 quod
1864 2843 2011 2920 propter
2039 2829 2272 2901 mediatorem
2293 2834 2450 2922 placeant
2471 2861 2554 2929 per-

546 2957 632 3008 sero
646 2954 775 3023 agone,
795 2929 858 3000 ubi
874 2931 1013 2999 necesse
1028 2941 1080 2998 est
1096 2927 1201 3014 scire,
1226 2930 1263 3000 in
1280 2930 1526 3001 iustificatione
1576 2954 1663 3003 sona
1677 2944 1711 3001 et
1725 2953 1835 3022 opus,
1858 2942 1899 2999 ut
1913 2953 2019 3022 opera
2036 2927 2124 3000 Saul
2138 2924 2306 3018 honesta,
2331 2956 2403 3004 uon
2415 2952 2498 3009 sunt
2511 2964 2554 3008 ex

546 3057 685 3128 semper
702 3024 991 3122 comprehensam
1012 3052 1087 3100 esse
1106 3030 1348 3102 remissionem
1363 3044 1525 3123 peccato·
1575 3031 1663 3117 fide,
1689 3031 1725 3099 id
1743 3043 1812 3110 est,
1839 3030 1913 3122 ipse
1926 3026 2166 3121 fugitDeum,
2187 3032 2355 3104 irascitur
2369 3035 2412 3121 ei,
2435 3040 2555 3110 etfre-

545 3159 644 3222 rum,
670 3129 782 3206 ethac
804 3132 892 3217 fide,
917 3129 955 3201 id
978 3144 1050 3215 est,
1074 3131 1203 3201 fiducia
1222 3131 1463 3225 acquiescente
1484 3130 1523 3199 in
1574 3131 1642 3202 mit
1664 3133 1832 3202 adversus
1845 3127 1982 3217 Deum,
2006 3155 2081 3200 non
2104 3132 2294 3226 acquiescit
2310 3148 2345 3205 et
2362 3160 2436 3206 non
2448 3138 2556 3213 laeta-

545 3235 620 3308 filio
634 3236 720 3320 Dei,
745 3232 985 3324 accipiendam
1008 3254 1100 3313 esse,
1127 3246 1162 3303 et
1181 3228 1268 3303 haec
1287 3232 1374 3302 fides
1395 3231 1525 3302 nititur
1575 3246 1635 3305 tur
1649 3230 1795 3319 inlleo,
1820 3244 1966 3324 propter
1978 3231 2226 3319 mediatorem,
2250 3257 2360 3327 quare
2373 3261 2440 3310 nec
2456 3239 2569 3312 invo··

544 3338 739 3409 mediatore
758 3349 793 3409 et
813 3355 951 3404 summo
977 3333 1176 3415 sacerdote,
1199 3333 1284 3404 Deo
1307 3346 1343 3405 et
1366 3328 1524 3409 homine.
1556 3348 1632 3409 cat
1653 3356 1744 3406 eum.
1793 3330 1876 3405 Huc
1899 3334 1990 3404 adde
2015 3346 2050 3405 et
2071 3332 2141 3404 alia
2168 3319 2396 3425 testimonia,
2413 3364 2505 3436 quae
2525 3356 2559 3416 et

545 3437 642 3510 llaec
662 3440 738 3529 ipsa
752 3435 946 3506 consolatio
967 3447 1020 3505 est
1033 3437 1178 3519 modus,
1199 3459 1270 3530 quo
1286 3435 1326 3505 fit
1339 3448 1525 3526 regenera-
1574 3438 1722 3522 docent,
1746 3435 1926 3530 quomodo
1939 3437 2100 3528 placeant
2111 3435 2206 3507 bona
2218 3461 2325 3531 opera
2341 3453 2557 3524 renatomm,

546 3541 616 3624 tio,
639 3538 732 3608 sicut
753 3537 791 3604 in
812 3558 949 3605 summo
966 3558 1078 3625 agone
1092 3537 1199 3607 sentit
1213 3531 1319 3607 bomo
1334 3559 1524 3606 conversus
1574 3552 1610 3609 ει
1628 3536 1817 3609 adfirmant
1831 3561 1873 3607 ea
1893 3536 2032 3629 placere
2047 3534 2143 3618 Deo,
2167 3552 2208 3610 ut
2222 3537 2363 3610 Psalmo
2376 3535 2456 3614 50.:
2489 3541 2557 3614 Sa·

546 3662 583 3710 se
604 3638 692 3729 erigi
714 3635 971 3720 consolatione,
996 3639 1138 3730 mando
1162 3660 1262 3705 mens
1284 3660 1448 3727 oppressa
1465 3637 1523 3705 in·
1575 3638 1746 3710 crificium
1767 3637 1843 3710 Deo
1865 3637 2012 3729 spiritus
2031 3638 2307 3722 contribulatus,
2333 3665 2395 3712 cor
2421 3643 2555 3714 contri·

545 3741 709 3833 pentibus
725 3738 926 3823 doloribus,
962 3737 1031 3808 lide
1053 3731 1322 3829 apprehendens
1350 3736 1524 3808 mediato·
1574 3755 1650 3813 tum
1664 3751 1697 3808 et
1712 3733 1938 3806 humiliatum
1953 3734 2049 3804 Deus
2062 3758 2138 3803 nou
2151 3737 2332 3828 despicies.
2383 3741 2554 3833 Singula·

544 3864 639 3921 rem,
663 3839 817 3911 sentiens
839 3861 876 3909 se
895 3863 937 3908 ex
959 3838 1083 3908 inferis
1104 3851 1139 3909 et
1159 3860 1201 3906 ex
1216 3851 1331 3909 morte
1345 3837 1463 3920 educi,
1489 3852 1524 3909 et
1573 3839 1623 3911 ris
1634 3833 1750 3908 bonos
1770 3848 1838 3921 est,
1858 3833 2044 3904 nominare
2065 3846 2222 3904 nostram
2237 3837 2476 3909 obedientiam
2494 3868 2553 3912 sa-

544 3942 615 4013 iam
630 3935 760 4013 habere
775 3963 895 4032 pacem
913 3942 1007 4029 apud
1021 3937 1150 4021 Deum,
1174 3938 1265 4010 sicut
1278 3936 1418 4009 Psalmo
1437 3937 1522 4014 1⁰2.
1574 3938 1714 4026 crificia,
1737 3950 1772 4009 et
1787 3932 1924 4029 semper
1934 3934 2166 4006 includuntur
2180 3934 2219 4005 iu
2235 3931 2301 4009 bac
2314 3939 2550 4031 appellatione

445 4048 450 4057 “
545 4042 695 4114 dicitur:
721 4039 876 4111 Benedic
892 4041 1010 4110 anima
1025 4064 1103 4110 mea
1118 4034 1296 4125 Domino,
1322 4040 1384 4133 qui
1399 4041 1523 4132 propi·
1573 4054 1608 4113 et
1628 4038 1798 4111 beneficia
1811 4032 1955 4108 Christi.

543 4145 658 4215 riatur
680 4143 846 4236 omnihus
869 4140 1115 4235 iniquitatibus
1132 4143 1219 4222 tuis,
1241 4142 1304 4235 qui
1318 4141 1462 4213 redimit
1478 4143 1523 4212 de
1673 4137 1769 4210 Lvt.
1793 4137 1846 4210 De
1859 4135 2308 4227 discriminepeccatorum.

543 4245 936 4319 interiluvitamtuam.
988 4241 1110 4332 Quare
1131 4241 1326 4314 inPsalmo
1343 4244 1404 4318 51.
1418 4243 1523 4315 addi·
1622 4239 1771 4313 Necesse
1800 4251 1853 4309 est
1874 4238 2044 4309 ¹discerni
2079 4250 2247 4334 peccata,
2281 4263 2372 4333 quae
2407 4260 2554 4319 manent

544 4361 619 4420 tor:
645 4346 728 4420 Non
745 4359 797 4418 est
812 4346 851 4415 iu
864 4345 993 4436 spiritu
1006 4344 1081 4414 eius
1096 4346 1211 4430 dolus,
1229 4345 1344 4432 idest,
1369 4358 1420 4416 est
1435 4369 1521 4417 con·
1573 4344 1612 4415 in
1627 4341 1759 4414 renatis
1775 4340 1814 4408 in
1831 4334 1897 4409 hac
1911 4339 2003 4424 vita,
2027 4337 2162 4408 abillis
2181 4339 2360 4428 lapsibus,
2384 4366 2448 4431 per
2462 4371 2552 4440 quos

542 4448 646 4519 sessio
665 4449 807 4540 peccati,
824 4461 860 4520 et
872 4445 1063 4518 vivificatio
1078 4444 1235 4536 spiritus,
1250 4440 1330 4514 cum
1346 4447 1416 4516 fide
1429 4447 1522 4516 acci·
1573 4442 1682 4516 bomo
1694 4441 1824 4514 desinit
1838 4463 1911 4512 esse
1925 4441 2096 4533 templum
2110 4453 2146 4511 et
2168 4440 2388 4512 domicilium
2404 4441 2490 4532 Dei,
2515 4462 2552 4536 et

541 4548 639 4638 pitur
653 4552 811 4621 remissio
828 4563 892 4624 etc.
1573 4545 1704 4617 desinit
1720 4567 1793 4615 esse
1808 4544 1938 4630 iustus,
1962 4555 1997 4613 et
2016 4542 2054 4615 fit
2069 4564 2150 4612 reus
2164 4563 2299 4632 pomae
2312 4556 2486 4630 aeternae,
2502 4550 2552 4618 si·
2566 4553 2570 4561 '

644 4647 720 4719 LV.
751 4647 912 4720 Recitata
933 4646 1175 4719 consolatione
1194 4643 1386 4713 necessaria
1401 4645 1522 4713 omni·
1572 4661 1632 4719 cut
1653 4659 1688 4716 et
1702 4643 1835 4715 Paulus
1856 4644 2025 4716 discernit
2046 4643 2141 4713 inter
2153 4655 2330 4733 peccatum
2346 4667 2498 4735 regnans
2515 4663 2551 4722 et

491 4834 496 4847 ‚
541 4749 611 4819 bus
633 4747 671 4816 in
694 4742 760 4816 hac
781 4748 872 4830 vita,
910 4749 1074 4819 videlicet
1094 4744 1191 4839 qraod
1214 4764 1362 4834 persona
1387 4745 1521 4835 placeat
1571 4773 1646 4818 non
1660 4769 1824 4844 regnans,
1847 4742 1975 4818 Roma.
1987 4745 2040 4817 8.:
2065 4742 2107 4815 Si
2119 4741 2276 4815 actiones
2290 4746 2407 4817 carnis
2420 4749 2550 4841 spiritu

540 4844 620 4927 Deo
641 4860 785 4941 propter
804 4844 917 4919 filium
933 4842 1002 4916 Dei
1013 4847 1242 4917 mediatorem
1263 4856 1300 4915 et
1313 4844 1521 4936 deprecato·
1570 4847 1844 4932 mortificabitis,
1867 4846 2014 4934 vivetis,
2035 4845 2070 4934 si
2081 4845 2277 4917 secundum
2293 4869 2435 4919 carnem
2452 4851 2552 4922 vire-

541 4973 617 5020 rem
649 4950 737 5037 fide,
766 4964 839 5043 'qua
871 4942 1089 5039 apprehendi
1112 4969 1193 5017 eum
1216 4969 1355 5018 necesse
1384 4959 1453 5032 est,
1485 4963 1520 5020 et
1569 4951 1666 5037 ritis,
1690 4948 1905 5024 moriemini.

540 5050 630 5140 erigi
643 5055 750 5122 corda
771 5053 811 5123 in
834 5051 927 5123 reris
942 5049 1149 5144 pavoribus:
1173 5066 1293 5143 postea
1308 5049 1412 5121 etiam
1429 5049 1519 5121 scia·
1669 5050 1786 5128 LVll.
1810 5047 2054 5125 Certissimnm
2071 5059 2136 5134 est,
2150 5041 2313 5119 homiues
2327 5051 2392 5145 qni
2406 5053 2551 5126 fuerunt

538 5175 633 5240 mua
658 5155 814 5226 membra
831 5155 1264 5248 nostrapraebendaesse,
1289 5148 1413 5226 utDeo
1429 5153 1518 5224 obe·
1567 5154 1683 5226 renati
1707 5169 1742 5227 et
1761 5150 1983 5237 sanctificati,
2005 5172 2107 5244 posse
2125 5166 2249 5220 mrsus
2267 5149 2361 5237 labi,
2386 5166 2420 5225 et
2443 5156 2546 5224 amit-

537 5253 658 5341 rliant,
690 5277 755 5324 nec
784 5279 927 5329 ruamus
956 5272 1079 5329 contra
1106 5257 1370 5332 conscientiam.
1420 5253 1517 5327 Haec
1567 5270 1641 5329 tere
1666 5256 1839 5330 iusticiam
1864 5269 1896 5325 et
1919 5254 2094 5347 Spiritum
2111 5253 2407 5355 sanctum,·sicut
2427 5250 2543 5324 Adam

534 5354 645 5449 igitur
659 5354 799 5425 incoata
814 5371 849 5426 et
863 5358 1090 5450 quantumvis
1108 5356 1277 5445 languida
1301 5357 1516 5438 obedientia,
1566 5353 1683 5430 etllva
1700 5369 1802 5428 erant
1816 5355 1928 5439 electi,
1943 5368 2108 5428 ettamen
2122 5352 2279 5447 inlapsu
2293 5375 2415 5424 revera
2429 5354 2544 5423 aversi

534 5452 655 5531 tamen
677 5458 790 5550 placet
805 5455 880 5527 Deo
903 5471 1048 5547 propter
1070 5457 1320 5540 mediatorem,
1343 5457 1433 5531 sicut
1446 5456 1515 5528 Pe-
1565 5471 1648 5528 sunt
1671 5457 1803 5541 aDeo,
1829 5469 1863 5526 et
1883 5457 1966 5527 sacti
1989 5470 2072 5529 sunt
2086 5454 2138 5526 rei
2154 5454 2227 5525 irae
2248 5468 2427 5539 aeternae,
2450 5453 2544 5526 sicut

533 5571 610 5650 trus
626 5559 762 5655 inquit,
787 5561 820 5634 1.
834 5555 910 5628 Per.
924 5556 979 5649 2.;
1010 5553 1149 5627 Offerte
1163 5551 1295 5627 hostias
1314 5558 1516 5648 spirituales
1564 5557 1697 5629 Paulus
1710 5557 1827 5650 inquit
1843 5555 1950 5630 Rom.
1964 5554 2016 5631 6.:
2047 5558 2119 5630 Per
2140 5554 2248 5629 unios
2261 5552 2543 5649 inobedientiam

531 5661 772 5755 acceptasDeo
786 5685 849 5755 per
864 5656 980 5731 lesum
987 5651 1179 5730 Christum.
1204 5652 1254 5728 Ει
1265 5654 1421 5732 Roman.
1437 5658 1514 5734 14.:
1563 5672 1744 5753 peccatum
1760 5657 1800 5727 in
1811 5653 1976 5730 homines
1990 5658 2162 5754 pervenit.
2213 5650 2436 5733 sensura:
2463 5650 2543 5728 Aa.

528 5756 604 5852 Qui
618 5762 659 5837 in
672 5759 731 5841 his
743 5765 851 5841 servit
866 5754 1031 5853 Christo,
1052 5758 1168 5856 placet
1178 5757 1273 5851 Deo,
1296 5772 1330 5836 ει
1342 5760 1512 5855 probatus
1562 5782 1683 5835 versus
1691 5755 1814 5835 Aaron
1828 5760 1932 5835 valde
1946 5759 2058 5839 iratus
2073 5772 2127 5840 est
2141 5754 2331 5851 ilminat,
2349 5763 2392 5835 ut
2406 5758 2544 5834 deleret
