6025 6775
398 663 471 739 441

499 830 555 904 17.
588 828 712 920 Quare
734 851 814 901 eum
834 825 969 899 Paulos
988 821 1099 897 dicat:
1124 823 1164 897 Si
1184 825 1264 921 quis
1284 811 1383 896 aliud

396 932 629 1024 Evangelium
646 931 825 1015 docuerit,
849 922 1038 998 anathema
1055 926 1118 1013 sit,
1143 928 1295 998 sciamus
1308 951 1383 996 non

396 1059 497 1129 posse
520 1057 595 1104 esse
616 1036 773 1105 membra
795 1026 928 1101 Christi
949 1028 1061 1115 ullos,
1085 1030 1149 1123 qui
1172 1042 1235 1100 aut
1257 1029 1384 1099 fovent

367 1147 458 1208 'aut
488 1135 642 1227 probant
670 1135 755 1206 tales
775 1130 906 1224 impios
928 1126 1121 1212 Doctores,
1153 1131 1274 1224 quales
1300 1142 1384 1201 sunt

394 1234 525 1308 Eccius
542 1249 576 1307 et
592 1236 664 1305 eius
680 1228 889 1326 Thyasotae.

398 1486 500 1579 (ΠΙ.)
530 1485 638 1557 Alio
670 1482 965 1580 disputatio:
998 1483 1376 1580 depeocotoreliquo

776 1591 819 1660 s'o
838 1590 995 1700 renatis.
1189 1634 1192 1637 -

393 1724 539 1813 Multae
559 1757 684 1827 graves
704 1749 740 1812 et
757 1761 905 1832 magnae
924 1761 1048 1811 causae
1064 1750 1167 1820 sunt,
1192 1758 1302 1831 quare
1318 1757 1382 1804 ne-

393 1838 555 1930 eesse‚sit
567 1838 688 1910 doceri
702 1834 896 1929 Ecclesias,
921 1841 1017 1935 quod
1032 1840 1072 1910 in
1088 1838 1221 1912 renatis
1235 1840 1282 1910 sit
1297 1835 1381 1908 reli·.

394 1966 506 2036 quum
521 1954 715 2032 peccatum.

494 2044 532 2118 2.
556 2040 648 2113 Nam
663 2042 726 2137 qui
738 2042 878 2135 lingunt
890 2055 1032 2114 renatos
1045 2040 1122 2113 sinc
1136 2053 1278 2133 peccato
1294 2061 1382 2124 esse,

394 2142 635 2236 imaginantur
651 2168 710 2215 eos
726 2144 795 2235 legi
811 2141 879 2215 Dei
895 2143 1111 2229 satisfacere,
1136 2156 1170 2213 et
1186 2138 1278 2213 hanc
1293 2163 1382 2234 qua·

394 2247 605 2339 lemcunque
620 2245 859 2318 obedientiam
874 2268 948 2317 esse
963 2244 1049 2337 legis
1064 2243 1322 2335 impletionem.

495 2363 530 2434 8.
573 2362 630 2434 lta
656 2361 832 2435 amittitur
861 2362 1053 2434 discrimen
1084 2361 1179 2427 inter
1210 2355 1380 2429 iustitiam

393 2456 697 2559 philosophicam,
729 2477 765 2537 et
793 2463 966 2535 iustitiam
995 2459 1077 2530 lidei
1107 2471 1142 2529 et
1172 2460 1381 2528 obscuratur

392 2566 559 2637 doctrina
577 2564 623 2635 de
643 2562 782 2636 iusticia
803 2564 905 2648 fidei,
930 2560 1083 2655 denique
1105 2554 1274 2631 horribili
1293 2556 1379 2629 cali-

391 2669 474 2758 gine
490 2664 653 2745 obruitur
666 2662 913 2754 Evangelium.

979 583 990 600 =
1031 652 1296 728 PHILIPPI
1335 648 1787 732 MELANTHONIS.

2319 664 2424 740 ‘442

1479 822 1482 826 ’
1539 824 1598 903 10.
1636 825 1762 900 Manet
1785 843 1910 900 natura
1928 828 2080 922 peccati,
2103 829 2242 900 etiamsi
2261 833 2420 904 remissio

1433 926 1586 1012 accedit,
1617 952 1687 1022 qua
1709 932 1780 1001 iam
1801 932 1940 1003 tollitur
1961 944 2097 1015 reatus,
2132 926 2291 1011 horest,
2323 928 2420 1004 Deus

1432 1025 1536 1122 irasci
1560 1029 1709 1118 desinit,
1734 1045 1770 1103 et
1792 1032 2044 1125 obligationem
2066 1033 2112 1102 ad
2134 1055 2286 1127 poenam
2308 1047 2421 1106 aeter-

1431 1152 1516 1201 nam
1533 1130 1659 1202 aufert.

1517 1245 1596 1340 11.
1636 1244 1733 1318 llaec
1756 1248 1916 1319 faciliora
1938 1263 1974 1323 et
1996 1249 2156 1343 planiora
2179 1263 2281 1338 sunt,
2312 1276 2419 1347 qnam

1431 1370 1521 1442 quac
1542 1348 1588 1419 ab
1609 1349 1689 1445 aliis
1711 1350 1755 1420 dc
1776 1351 1951 1423 materiali
1973 1366 2007 1423 et
2024 1348 2252 1448 formaliphoc
2267 1354 2347 1426 loco
2363 1357 2420 1425 di-

1430 1462 1571 1522 cuntur.
2143 1487 2146 1494 ·

1536 1552 1596 1626 12.
1636 1548 1707 1622 Sed
1735 1575 1781 1622 ne
1809 1554 1853 1624 de
1883 1553 2057 1626 vocabulo
2084 1554 2269 1626 videamur
2297 1557 2419 1641 rixari,

1432 1651 1523 1722 illud
1547 1653 1785 1741 defendimus,
1816 1652 2006 1750 Reliquam
2028 1656 2068 1726 in
2088 1655 2217 1729 renatis
2238 1656 2278 1727 in
2298 1671 2418 1728 mente

1432 1751 1631 1842 caliginem,
1658 1754 1697 1823 in
1712 1756 1905 1840 voluntate,
1928 1770 1964 1830 ct
1977 1758 2134 1851 appetitu
2148 1757 2314 1830 sensitivo
2330 1783 2419 1829 con-

1430 1853 1620 1925 tumaciam
1644 1877 1707 1924 seu
1728 1858 2068 1949 concupiscentiam,
2099 1872 2140 1930 ut
2168 1874 2310 1943 vocant,
2340 1883 2417 1928 non

1431 1977 1504 2026 esse
1520 1955 1692 2048 quiddam
1708 1950 1920 2055 ἀδιάφορον
1933 1974 1995 2033 ant
2008 1983 2160 2052 poenam
2176 1973 2333 2044 tantum,
2356 1962 2419 2028 sed

1432 2056 1602 2149 quiddam
1624 2078 1788 2148 pugnans
1807 2081 1888 2129 cum
1909 2060 1985 2152 lege
2000 2058 2089 2148 Dei,
2114 2062 2251 2156 dequo
2272 2060 2341 2129 fide
2355 2082 2418 2152 pc-

1430 2170 1525 2243 tere,
1549 2171 1585 2228 et
1606 2158 1772 2249 amplecti
1796 2162 2093 2234 condonationem
2116 2162 2305 2247 debemus,
2328 2161 2419 2231 sicut

1431 2258 1549 2352 inquit
1562 2257 1801 2349 Augustinus:
1826 2260 1952 2334 Manet
1971 2263 2179 2346 infirmitas,
2203 2263 2247 2333 de
2269 2285 2338 2355 qna
2355 2285 2418 2354 pe-

1431 2360 1578 2431 tendum
1596 2373 1668 2457 est,
1691 2357 1842 2432 Dimitte
1857 2363 1961 2435 nobis
1976 2364 2092 2435 debita
2109 2377 2245 2433 nostra.

1533 2477 1591 2549 13.
1632 2475 1804 2566 Quotidie
1833 2504 1912 2551 cum
1944 2480 2072 2573 incipis
2103 2480 2341 2572 precationem
2373 2482 2415 2549 ad

1428 2574 1565 2663 Deum,
1607 2579 1780 2671 obstrepit
1814 2583 1949 2672 agnitio
1984 2582 2150 2675 propriae
2183 2583 2417 2679 indignitates.

1428 2675 1498 2748 Hic
1513 2679 1696 2750 latendum
1711 2694 1784 2761 est,
1808 2677 1895 2755 haec
1909 2684 2004 2756 mala
2019 2708 2092 2755 esse
2108 2696 2267 2777 peccata,
2291 2697 2326 2753 et
2341 2706 2418 2752 cre-

493 2782 530 2858 4.
561 2781 617 2853 Ae
638 2806 685 2852 ne
706 2780 796 2875 quid
810 2779 941 2850 erroris
954 2778 1001 2851 sit
1014 2779 1053 2845 in
1067 2776 1379 2869 appellationibus,
1427 2779 1605 2861 dendum,
1631 2783 1726 2873 quod
1748 2799 1893 2876 propter
1902 2776 2022 2857 'filium
2036 2785 2105 2858 Dei
2119 2810 2201 2857 vere
2217 2786 2418 2878 placeamus

393 2887 547 2979 primum
568 2884 702 2954 definio
725 2893 907 2973 peccatum
927 2901 1002 2949 esse
1022 2879 1215 2965 delectum,
1241 2892 1302 2950 aut
1320 2879 1379 2948 in·
1427 2874 1524 2964 Deo,
1548 2894 1582 2951 et
1600 2884 1849 2969 exaudiamur,
1874 2910 1948 2957 non
1962 2901 2110 2978 propter
2123 2899 2279 2956 nostram
2296 2884 2418 2973 digni·

393 2986 641 3068 clinatiouem,
663 2995 727 3055 aut
740 2983 914 3053 actionem
928 2979 969 3054 iu
984 2982 1186 3066 voluntate,
1211 2994 1274 3052 aut
1290 2979 1377 3048 viri·
1427 2993 1547 3053 tatem.
1813 3005 1815 3014 ·

393 3089 460 3160 bus
481 3083 827 3180 obtemperantibus,
858 3094 1074 3174 pugnantem
1096 3106 1175 3152 curn
1200 3081 1275 3172 lege
1297 3080 1378 3165 Dei,

395 3189 630 3263 offendutem
653 3182 791 3268 Deum,
822 3206 884 3254 ssu
912 3197 1173 3275 promerentem
1197 3183 1288 3252 iram
1311 3182 1378 3254 Dei

394 3304 430 3361 et
450 3302 605 3361 aeterms
626 3307 778 3381 poenas,
799 3284 870 3354 nisi
893 3284 1000 3355 suerit
1020 3284 1109 3354 sacta
1132 3284 1293 3353 remissio
1316 3304 1378 3352 seu

394 3392 617 3475 condonatio.
659 3366 766 3459 'Haec
787 3400 839 3460 est
861 3409 945 3457 vera
968 3397 1004 3457 et
1017 3384 1201 3478 perspicua
1217 3383 1377 3456 delinitio

391 3492 536 3586 peccati.

496 3590 533 3663 ὅ.
564 3587 718 3660 Manent
731 3601 847 3660 autem
866 3587 905 3656 in
922 3589 1072 3672 renatis,
1095 3587 1207 3677 caligo
1224 3587 1263 3656 in
1278 3610 1378 3657 men·
1434 3615 1438 3621 ·

395 3709 449 3777 te,
476 3712 568 3782 quae
590 3687 683 3779 parit
701 3688 937 3760 dubitationes
960 3692 1004 3760 de
1018 3689 1093 3761 Deo
1107 3684 1316 3773 horribiles,
1343 3700 1379 3758 et

395 3796 433 3863 in
453 3792 639 3863 voluntate
651 3789 805 3862 defectus
820 3791 958 3862 timoris
972 3804 1009 3864 et
1020 3790 1153 3861 amoris
1166 3813 1247 3880 erga
1261 3787 1378 3862 Deum

393 3909 426 3967 et
445 3892 552 3964 multi
569 3889 690 3969 viciosi
703 3891 876 3984 impetus,
899 3904 1020 3964 manet
1034 3907 1070 3967 et
1084 3891 1305 3963 contumacia
1321 3891 1379 3959 in-

393 3996 562 4067 teriorum
585 3991 736 4080 virium,
761 4016 848 4087 quas
868 3994 1052 4078 voluntas,
1076 4005 1117 4063 ut
1133 3993 1297 4075 deberet,
1321 4013 1380 4060 re·

394 4120 472 4188 gere
494 4119 569 4168 non
589 4107 720 4187 potest,
743 4118 810 4164 nec
826 4093 921 4186 ipsae
936 4094 1203 4186 obtemperant,
1229 4094 1290 4163 sed
1307 4093 1379 4162 fer-

394 4212 449 4270 tur
464 4199 566 4293 cquis
578 4196 721 4287 auriga,
746 4219 811 4267 nec
826 4196 927 4268 audit
943 4218 1069 4267 currus
1085 4191 1253 4267 habenas.

491 4315 528 4391 6.
561 4312 635 4385 Nee
655 4313 774 4384 ociosa
790 4327 843 4383 est
858 4307 944 4382 haec
960 4327 1108 4384 naturae
1123 4312 1292 4404 pravitas,
1316 4311 1378 4381 sed

393 4417 540 4488 adsidue
560 4416 654 4506 parit
669 4414 821 4486 vitiosos
835 4426 973 4498 motus,
999 4414 1259 4496 dubitationes,
1284 4413 1379 4482 diffi-

393 4516 571 4599 dentiam,
594 4517 770 4587 carnalem
783 4514 1018 4600 summitatem,
1044 4537 1199 4583 amorem
1213 4526 1247 4583 et
1263 4512 1381 4582 admi·

342 4666 345 4671 ·
392 4618 568 4691 rationem
583 4616 659 4702 sui,
682 4616 839 4690 admittit
853 4616 1036 4686 illecebras
1049 4617 1268 4685 inconcessas
1282 4628 1346 4689 etc.

441 4772 444 4777 ·
495 4734 529 4808 7.
561 4731 660 4805 Haec
679 4735 793 4840 mala,
819 4729 887 4805 hoc
908 4746 977 4818 est,
1002 4733 1076 4823 ipsa
1098 4745 1243 4804 naturae
1261 4733 1382 4825 pravi-

393 4851 464 4920 tas,
486 4848 520 4906 et
541 4852 658 4911 motus
677 4837 763 4907 inde
782 4835 852 4908 orti
869 4834 973 4907 etiam
992 4834 1196 4914 inornatis,
1218 4848 1300 4905 sunt
1317 4858 1380 4906 sua

391 4949 520 5008 natura
531 4952 690 5026 peccata,
713 4937 850 5009 etiamsi
867 4938 1116 5007 condonantur
1130 4937 1272 5007 renatis.

498 5051 533 5126 8.
565 5050 713 5143 Magnes
728 5068 778 5127 est
792 5054 881 5146 lapis
894 5050 1037 5124 trahens
1051 5055 1204 5138 ferrum,
1228 5053 1298 5121 nisi
1312 5054 1380 5122 im-

392 5155 575 5250 pediatur:
606 5154 637 5224 si
664 5156 750 5227 allio
769 5156 878 5228 luerit
899 5155 1049 5238 tinctus,
1080 5178 1153 5224 non
1177 5149 1287 5225 trahit
1309 5155 1381 5223 ler-

391 5281 489 5342 rum,
514 5270 549 5328 et
566 5268 686 5334 tamen
704 5270 827 5328 natura
843 5258 1013 5348 magnetis
1029 5270 1157 5327 manet.

493 5373 529 5449 9.
566 5371 616 5445 lta
638 5389 742 5467 reetex
752 5387 786 5444 et
802 5375 906 5466 plane
922 5376 1118 5469 loquuntur
1132 5369 1332 5467 Prophetae
1346 5389 1381 5446 et

390 5473 573 5565 Apostoli,
607 5501 690 5547 cum
720 5477 824 5549 iustis
853 5478 1014 5548 tribuunt
1041 5489 1232 5569 peccatum.
1289 5474 1381 5546 Nam

389 5593 571 5672 peccatum
593 5593 662 5660 est,
688 5581 785 5674 qnod
808 5593 944 5672 pugnat
965 5603 1045 5647 cum
1067 5579 1142 5667 lege
1157 5578 1242 5661 Dei,
1266 5578 1382 5647 offen-

388 5679 443 5749 dit
456 5675 593 5761 Deum,
618 5703 681 5751 seu
703 5695 862 5753 merctur
882 5680 971 5749 iram
988 5677 1052 5747 Dei
1069 5692 1103 5748 et
1119 5693 1279 5750 aeternas
1295 5704 1380 5772 poe-

390 5803 455 5850 nas
462 5780 574 5863 „nisi
589 5782 698 5855 fuerit
711 5783 912 5856 remissum.

1533 3076 1593 3153 14.
1640 3078 1738 3151 Haec
1769 3082 1934 3155 exercitia
1963 3085 2147 3174 ignorant,
2185 3085 2249 3180 qui
2277 3095 2417 3155 tantum

1428 3205 1579 3277 poenam
1596 3194 1631 3254 et
1641 3174 1852 3279 ἀδιάφορον
1862 3206 1936 3254 esse
1946 3187 2266 3277 concupiscentiam
2277 3195 2415 3276 putant.

1532 3298 1591 3372 to.
1632 3297 1811 3372 Vocamus
1830 3315 1948 3374 autem
1973 3302 2311 3398 concupiscentiam,
2342 3324 2417 3369 non

1429 3401 1664 3495 appetitiones
1693 3402 1807 3495 ipsas,
1837 3419 1899 3478 aut
1919 3400 2081 3502 oropydc
2102 3407 2263 3478 conditas
2288 3427 2308 3474 a
2331 3401 2417 3485 Deo,

1429 3505 1489 3574 sed
1506 3503 1809 3594 depravationem.

1535 3619 1594 3689 16.
1628 3616 1810 3702 invocatio
1835 3622 1873 3690 in
1892 3622 2134 3711 dubitatione,
2158 3620 2312 3706 horest,
2337 3642 2416 3692 enm

1429 3719 1904 3807 dubitacmens‚sn1)eus
1929 3724 1995 3795 tihi
2019 3725 2199 3796 invocanti
2225 3724 2271 3798 sit
2293 3722 2418 3814 propi-

1430 3823 1523 3909 cius,
1547 3817 1826 3895 estAcademica
1852 3837 1886 3896 et
1906 3825 2015 3916 impia
2037 3826 2237 3915 invocatio,
2264 3827 2341 3894 bon
2366 3835 2417 3893 est

1429 3925 1545 3997 cultus
1558 3919 1647 3992 Dei.

1535 4024 1593 4098 17.
1626 4023 1717 4095 Nam
1739 4025 1778 4094 in
1802 4026 2028 4097 invocatione
2047 4048 2187 4119 semper
2197 4039 2338 4119 oportet
2353 4047 2419 4117 per

1429 4125 1661 4195 mediatorem
1691 4120 1875 4195 Christum
1903 4139 2041 4214 petere,
2088 4143 2124 4199 et
2152 4129 2224 4198 tide
2252 4141 2417 4204 statuere,

1430 4221 1691 4320 quodllcus‘sit
1705 4225 1774 4295 tibi
1787 4222 1969 4297 invocanti
1984 4228 2181 4319 propicius,
2203 4252 2244 4298 ae
2260 4227 2344 4297 velit
2359 4226 2417 4292 in·
2448 4265 2450 4267 ·

1430 4326 1568 4410 vocari,
1606 4341 1642 4399 et
1670 4327 1766 4419 quod
1791 4348 1912 4417 preces
1931 4350 2007 4396 non
2030 4329 2075 4400 sit
2100 4330 2241 4413 irritae,
2278 4324 2416 4397 etiamsi

1430 4439 1579 4498 eventus
1608 4428 1648 4495 in
1677 4427 1847 4519 periculis
1878 4452 2068 4520 corporum
2094 4430 2184 4501 alias
2216 4427 2321 4498 aliter
2351 4449 2417 4516 gu-

1432 4531 1569 4601 bernat.

1535 4631 1595 4703 18.
1619 4625 1725 4700 Certo
1740 4643 1858 4700 tamen
1873 4652 1979 4719 agens
1994 4631 2247 4723 poenitentiam
2266 4643 2418 4701 statuere

1431 4733 1555 4817 debet,
1588 4731 1649 4800 sed
1672 4731 1741 4801 lide
1767 4730 1925 4822 accipere
1945 4728 2293 4824 propriaEvangelii
2309 4733 2418 4801 bene'-

1431 4834 1524 4918 ficia,
1550 4856 1639 4927 qnae
1654 4831 1866 4904 nominatim
1881 4832 2089 4905 inssitDeus
2100 4834 2173 4927 peti
2188 4847 2224 4904 et
2234 4833 2419 4925 expectari,

1431 4936 1599 5007 videlieet
1611 4934 1855 5004 remissionem
1873 4949 2108 5025 pcccatorum,
2124 4935 2419 5014 iustificationem,

1433 5051 1468 5106 et
1490 5036 1599 5107 vitam
1622 5048 1821 5117 aeternam,
1852 5035 1949 5104 iuxta
1973 5038 2081 5106 illud:
2113 5035 2186 5125 Qui
2210 5036 2355 5105 conlidit
2380 5035 2417 5101 in

1432 5135 1645 5219 Dominum,
1671 5157 1746 5202 non
1762 5134 2010 5205 confundetur.

1539 5252 1597 5326 19.
1623 5253 1810 5342 Organum
1822 5250 2023 5338 affectuum,
2047 5253 2110 5346 qui
2119 5255 2253 5346 proprii
2264 5268 2421 5346 suntpo·

1432 5352 1565 5425 tentiae
1583 5352 1787 5438 sentientis,
1823 5365 1872 5422 est
1895 5377 1966 5429 cor.
2041 5353 2231 5450 Postquam
2253 5379 2334 5448 pars
2358 5378 2420 5424 co·
2460 5437 2462 5441 Ι

1432 5479 1603 5545 gnoscens
1622 5453 1757 5547 accepit
1778 5455 1975 5540 obiectum,
2012 5455 2170 5547 Spiritus
2190 5459 2323 5528 feriunt
2346 5474 2421 5536 ror,
2495 5458 2498 5464 '
2579 5519 2585 5532 Ι

1433 5571 1473 5628 ut
1489 5571 1625 5648 expetat
1641 5570 1703 5627 aut
1723 5557 1834 5645 fugiat
1858 5557 2049 5632 obiectum.

1532 5677 1595 5748 20.
1635 5671 1684 5745 Et
1712 5698 1775 5745 cor
1802 5676 1895 5766 rapit
1918 5699 2036 5746 secum
2057 5677 2291 5753 voluntatem,
2329 5666 2421 5739 sicut
2487 5644 2489 5647 .

1435 5799 1546 5870 equus
1560 5791 1750 5849 contumax
1771 5798 1955 5849 sessorem.
