6025 6775
487 631 585 712 toll
761 612 973 700 SCRIPTA
997 613 1076 693 PH.
1095 607 1214 687 Mttt„
1237 606 1307 686 At>
1331 607 1460 691 HIST.
1483 608 1629 692 PROF.
1652 606 1723 688 ΕΤ
1746 607 1939 690 enttos
1958 608 2276 694 SPEGTANTIA.
2406 621 2504 698 tota

538 798 647 875 Anno
655 794 782 869 mundi
790 805 914 886 quater
924 786 1110 858 millesimo
1119 778 1466 878 quadringentesimo
1574 778 1683 856 Anno
1708 774 1836 853 mnndi
1862 798 1988 878 quater
2015 788 2205 859 millesimo
2230 785 2505 883 quadringente-

695 892 930 982 octuagesimo
949 888 1065 958 tertio.
1723 884 1812 955 simo
1837 888 2076 974 nonagesimo.

541 1000 652 1077 Auno
666 996 804 1071 Romae
828 989 1017 1060 millesimo
1032 980 1274 1056 ducentesimo
1289 992 1471 1074 septuage-
1573 976 1682 1054 anno
1695 980 1831 1053 Romae
1854 985 2043 1057 millesimo
2064 988 2307 1062 ducentesimo
2323 1002 2500 1083 septuage-

693 1096 783 1165 simo
800 1089 931 1181 primo.
1728 1081 1817 1151 simo
1831 1096 1964 1156 octavo.

543 1204 653 1274 Anno
668 1190 802 1267 Christi
817 1185 1100 1285 quingentesimo
1115 1179 1281 1253 vicesimo
1292 1176 1421 1272 primo.
1575 1175 1684 1252 Anno
1698 1175 1833 1253 Christi
1848 1181 2127 1277 quingentesimo
2142 1188 2312 1261 vicesimo
2331 1201 2467 1261 octavo.

863 1392 1099 1465 tustinus.
1859 1384 2181 1498 lastinianus

596 1560 769 1638 Iustinus
792 1559 904 1631 factus
929 1570 982 1628 est
1002 1553 1211 1646 imperator,
1235 1541 1395 1638 regnavit
1409 1565 1476 1613 an·
1625 1531 1867 1612 lastinianus
1906 1566 2056 1631 regnare
2089 1543 2181 1639 cepit
2213 1547 2343 1639 collega
2373 1547 2509 1624 lustini

416 1673 419 1684 '
497 1681 683 1751 nasseto,
708 1677 743 1735 ct
762 1681 899 1732 menses
925 1656 1083 1750 aliquot,
1106 1665 1211 1723 natus
1228 1651 1378 1719 obscuro
1395 1645 1472 1714 loco
1527 1651 1681 1736 quatuor
1694 1642 1884 1714 mensibus.
1935 1641 2113 1736 Regnavit
2129 1668 2242 1717 annos
2256 1649 2399 1737 triginta
2412 1667 2510 1725 octo.

496 1776 535 1843 in
559 1764 713 1839 Thracia
748 1774 847 1855 patre
877 1753 1111 1839 armentario,
1142 1753 1205 1821 sed
1235 1747 1337 1820 miles
1363 1746 1475 1815 factus
1527 1740 1640 1813 Natus
1661 1765 1703 1812 ex
1725 1764 1845 1814 sorore
1860 1741 2001 1816 lustini.
2051 1742 2174 1817 Valuit
2195 1747 2364 1833 consilio,
2389 1762 2424 1819 et
2437 1749 2513 1819 fuit

498 1872 628 1942 virtute
650 1864 769 1936 crevit.
821 1858 982 1953 Cumque
1003 1865 1174 1948 praeesset
1196 1847 1353 1921 excubiis
1375 1841 1476 1917 Ana·
1528 1866 1570 1913 eo
1583 1841 1702 1927 foelix,
1728 1846 1824 1935 quod
1840 1844 2038 1915 industrios
2053 1858 2088 1916 et
2101 1846 2242 1918 foelices
2256 1850 2362 1918 duces
2372 1844 2515 1933 habuit,

503 1969 599 2044 stasii
625 1980 659 2037 et
685 1961 874 2036 autoritate
901 1959 995 2047 apud
1009 1954 1139 2025 milites
1154 1953 1304 2031 valeret,
1329 1945 1428 2015 dedit
1442 1943 1477 2014 ei
1528 1966 1593 2037 per
1615 1964 1703 2037 quos
1725 1943 1764 2013 in
1788 1946 1925 2034 magnis
1940 1945 2046 2015 bellis
2060 1946 2099 2016 iu
2117 1944 2201 2017 Asia
2218 1949 2376 2018 defendit
2392 1948 2510 2039 impe·

499 2074 675 2161 ingentem
700 2062 886 2156 pecuniam
914 2053 1100 2127 Anastasio
1121 2065 1263 2123 mortuo
1280 2041 1476 2119 Eunuchus
1528 2044 1643 2129 rium,
1668 2042 1755 2114 alibi
1777 2045 1996 2135 recuperavit
2019 2048 2224 2138 provincias
2245 2049 2381 2141 aliquas
2396 2049 2511 2119 amis-

499 2168 708 2244 Amantius,
743 2177 783 2234 ut
804 2160 958 2230 militum
980 2154 1146 2243 suffragia
1176 2161 1307 2222 emeret
1336 2148 1476 2218 cuidam
1529 2167 1595 2216 aas.
1644 2140 1876 2235 Vituperatur
1890 2146 1966 2214 eius
1978 2147 2148 2229 avaricia,
2173 2150 2270 2242 quod
2285 2172 2407 2219 omnes
2421 2171 2510 2238 gen·

499 2263 773 2347 Theocritium,
787 2252 1094 2354 quemEunuchus
1105 2255 1351 2345 imperatorem
1366 2246 1478 2318 creari
1529 2258 1580 2316 tes
1595 2243 1752 2314 onerarit
1764 2243 2076 2336 magnis-tributis,
2098 2252 2194 2341 quod
2209 2249 2342 2320 multos
2356 2250 2507 2319 circum-

500 2371 652 2441 volebat.
702 2362 899 2434 Prudenter
915 2371 1032 2429 autem
1047 2353 1204 2425 Iustinus
1216 2362 1355 2442 accepta
1369 2371 1478 2440 pecu·
1529 2357 1653 2415 ventos
1666 2344 1853 2414 calumniis
1868 2346 2057 2415 excusserit
2076 2370 2118 2416 ex
2142 2349 2383 2434 facultatibus,
2408 2351 2509 2442 quod

502 2473 562 2541 nia
592 2466 661 2538 sibi
689 2464 846 2533 militum
873 2457 1039 2548 suffragia
1062 2454 1168 2535 emit,
1198 2466 1234 2524 ct
1255 2450 1338 2545 quia
1365 2448 1479 2518 virtus
1531 2445 1738 2516 doctoribus
1752 2446 1928 2536 stipendia
1943 2447 2125 2521 ademerit.
2177 2447 2246 2518 Sed
2262 2450 2418 2521 fortassis
2433 2472 2512 2519 ma·

502 2572 577 2641 cios
592 2565 740 2639 Senatui
756 2561 983 2655 probabatur,
1008 2556 1159 2629 Senatus
1175 2565 1209 2624 et
1223 2552 1377 2621 militum
1391 2571 1479 2620 con·
1529 2546 1679 2636 guiredo
1695 2545 1872 2615 bellorum
1887 2559 1923 2617 et
1938 2547 2222 2618 aedificationum
2240 2573 2320 2621 eum
2335 2565 2484 2622 excusat.

501 2691 607 2742 sensu
633 2664 789 2735 lustinus
810 2662 922 2731 factus
944 2672 996 2729 est
1016 2658 1216 2748 imperator.
1266 2649 1429 2721 Primum
1444 2646 1478 2718 ei
1632 2659 1740 2734 Initio
1763 2661 1890 2732 Peme
1914 2662 2065 2756 repmgi
2094 2680 2176 2737 ,um
2200 2689 2264 2757 pe„
2285 2667 2510 2752 galindum,

504 2767 701 2862 periculum
719 2765 763 2833 ab
781 2760 949 2830 Amantio
966 2774 999 2832 et
1017 2753 1270 2827 Theocrififflo
1283 2751 1364 2835 fuit,
1388 2772 1479 2843 (1¹10·
1531 2787 1610 2835 cum
1620 2763 1749 2856 quibus
1762 2787 1842 2833 cum
1857 2787 1923 2855 pax
1937 2765 2027 2836 facta
2041 2781 2141 2851 essct,
2156 2765 2348 2839 Belisarins
2363 2770 2400 2837 in
2409 2768 2511 2840 Afri-

503 2893 583 2941 rum
601 2889 679 2937 cum
697 2857 1155 2954 deprehendissetinsidias,
1178 2856 1277 2926 iubet
1292 2873 1352 2924 eos
1369 2850 1480 2921 inter·
1531 2888 1607 2936 cam
1630 2863 1757 2933 missus
1778 2876 1848 2943 est,
1873 2865 1938 2935 ubi
1969 2879 2106 2955 recepta
2131 2863 2360 2959 carthagine,
2391 2882 2426 2939 et
2449 2892 2513 2939 ω.

503 2970 571 3042 lici.
622 2965 708 3037 Fuit
728 2963 826 3035 utilis
847 2957 1002 3032 Orienti·
1049 2958 1140 3030 Nam
1156 2970 1193 3028 'et
1210 2949 1479 3027 Chalcedfflless·
1530 2979 1592 3056 pto
1608 2961 1782 3033 Gilimero
1805 2986 1886 3054 rege
1902 2963 2109 3054 Vandalico,
2134 2969 2197 3060 qui
2221 2970 2371 3040 interfici
2393 2992 2513 3060 regem

503 3094 575 3141 sem
597 3065 781 3161 synodum
816 3088 899 3131 mox
935 3061 1040 3132 initio
1072 3056 1214 3151 imperii
1247 3078 1284 3127 δὲ
1315 3051 1479 3143 &mplecfi
1530 3063 1754 3136 Hildericum
1788 3064 1953 3146 iusserat,
1995 3082 2200 3159 recuperata
2222 3084 2275 3140 est
2298 3069 2441 3156 Africa,
2477 3085 2514 3143 et

504 3169 673 3252 ostendit,
706 3179 741 3236 et
764 3167 966 3236 constanter
978 3161 1017 3230 in
1033 3182 1073 3230 ea
1086 3158 1258 3229 sententia
1275 3152 1480 3247 permansit,
1532 3165 1613 3237 fini,
1643 3165 1694 3235 ibi
1721 3164 1791 3235 fuir
1817 3165 1917 3255 regni
1938 3164 2139 3240 vandalica
2206 3167 2398 3241 Reum„
2427 3196 2515 3242 ,um

456 3297 463 3304 ·
504 3285 538 3342 et
552 3269 746 3362 Episcopos
770 3265 833 3360 qui
856 3283 992 3333 errores
1009 3274 1131 3331 contra
1145 3269 1299 3348 receptas
1315 3251 1480 3347 Syn0d⁰³
1531 3288 1658 3357 magna
1673 3264 1786 3353 gloria
1801 3265 1947 3337 domum
1962 3265 2297 3361 Constantinopolin
2313 3272 2431 3358 rediit,
2456 3272 2515 3342 ibi

507 3369 761 3451 defendebant,
788 3378 942 3436 remotos
956 3363 1000 3434 ab
1018 3360 1143 3433 officiis
1158 3356 1291 3449 expulit
1306 3355 1350 3424 iu
1361 3351 1478 3424 exilia.
1533 3390 1613 3440 cum
1631 3355 1785 3437 gilimer
1800 3366 1839 3435 in
1854 3363 2096 3459 triumphant
2111 3370 2347 3444 lusppnqanum
2362 3373 2514 3465 ,uppqex

505 3470 633 3544 Severo
664 3463 890 3539 Antiocheno
923 3461 1100 3557 Epist⁰P⁰
1136 3460 1295 3550 linium
1323 3453 1480 3547 Ι)ΐέκέοἰᾱί
1532 3471 1737 3554 duceretur,
1763 3467 1891 3538 dixisse
1907 3465 2086 3542 Barbarus
2101 3473 2266 3546 scribitur
2280 3470 2367 3545 haec
2381 3475 2512 3544 verba:

506 3574 628 3654 ἰΰθθῑῑ,
664 3583 705 3639 ῠῑ
733 3563 1032 3660 blasphemiarum
1061 3581 1192 3656 P⁰²⁰³⁸
1220 3561 1332 3631 dmi·
1383 3552 1481 3625 Haec
1533 3569 1682 3639 Vanitas
1704 3568 1901 3639 vanitatum
1916 3582 1951 3639 et
1965 3571 2084 3641 omnia
2099 3574 2254 3656 vanitas,
2279 3575 2437 3647 fortassis
2449 3598 2516 3645 co-

505 3671 670 3746 severitas
685 3663 852 3737 Ecclesiis
865 3662 1027 3736 Orientis
1051 3663 1197 3756 profuit.
1532 3670 1646 3762 gitans
1659 3670 1930 3741 inconstantiam
1946 3694 2064 3743 rerum
2080 3668 2328 3762 humanarum,
2350 3690 2385 3748 et
2399 3677 2515 3767 impe-

604 3783 769 3878 Cumque
794 3796 829 3853 ct
851 3783 1002 3851 Arianos
1025 3781 1191 3872 pelleret,
1216 3775 1312 3848 misit
1329 3775 1375 3845 ad
1398 3797 1480 3845 eum
1532 3770 1643 3842 ratori
1658 3771 1876 3859 significans,
1900 3795 1945 3840 ne
1961 3773 2086 3844 durior
2106 3789 2194 3846 emet
2218 3777 2257 3845 in
2272 3777 2429 3851 victoria.

507 3891 638 3978 legatos
653 3882 896 3955 Theodericus
913 3880 1127 3951 Veronensis
1149 3879 1283 3948 bellum
1300 3872 1481 3958 minitans,
1633 3881 1724 3956 Cum
1747 3900 1863 3956 aurem
1884 3887 1923 3956 in
1945 3891 2213 3980 recuperatione
2234 3893 2374 3963 Africae
2395 3893 2506 3960 viriu-

506 3989 576 4059 nisi
597 3987 789 4085 desisteret.
839 3982 908 4053 Hic
931 3996 964 4055 el
976 3979 1177 4055 Romanum
1193 3974 1407 4070 Epl⁸t⁰P¹¹¹⁰
1422 3973 1481 4044 10·
1534 4002 1605 4060 tem
1620 4001 1653 4057 et
1668 3986 1892 4058 foelicitatem
1910 3986 2075 4059 Belisarii
2094 3994 2327 4085 conspexisset
2341 3991 2504 4062 Iustinia-

505 4086 660 4161 hannem
676 4085 820 4157 includi
835 4084 976 4169 carcesi,
991 4097 1032 4154 ¹¹¹
1043 4105 1148 4172 ⁸¹¹Pf³
1167 4080 1299 4151 dicium
1322 4087 1384 4160 0⁸¹2
1397 4098 1481 4168 Pf0·
1532 4108 1619 4172 nus,
1640 4087 1749 4158 mittit
1766 4111 1845 4158 eum
1862 4088 1900 4157 in
1918 4087 2056 4160 ltaliam
2071 4094 2236 4164 adversus
2253 4091 2394 4175 Gottos,
2419 4111 2508 4162 cum

505 4203 622 4282 pterea
641 4189 736 4279 quod
752 4184 1061 4275 Constantinopoli
1079 4182 1252 4252 lustinum
1268 4188 1480 4247 coronasset.
1533 4212 1630 4258 nono
1645 4211 1738 4258 anno
1754 4203 1924 4277 regnaret.
1976 4189 2139 4286 Suntque
2154 4215 2209 4264 res
2230 4213 2374 4281 magnae
2388 4203 2508 4280 gestae

505 4288 559 4361 Aa
573 4289 728 4380 primum
744 4281 840 4355 hunc
863 4310 882 4354 a
899 4284 1063 4357 Romano
1078 4278 1253 4372 Episcopo
1271 4291 1479 4348 coronatum
1533 4290 1573 4359 in
1596 4289 1711 4379 prima
1735 4290 1957 4380 expeditione
1970 4288 2136 4363 Belisarii
2152 4293 2267 4366 Italica
2283 4293 2378 4362 intra
2392 4313 2509 4361 annos

506 4413 579 4460 esse
596 4391 841 4479 imperatorem
858 4387 1017 4475 legimus.
1069 4380 1139 4451 Sed
1151 4376 1414 4461 Theodericus,
1438 4389 1483 4446 ut
1534 4389 1702 4484 quinque,
1753 4388 1914 4461 Primum
1934 4407 2072 4485 recepta
2096 4389 2257 4486 Neapolis
2287 4406 2323 4463 02
2350 4406 2513 4463 caeterae

505 4514 610 4584 supra
632 4489 805 4573 diximus,
838 4500 917 4578 post
940 4482 1112 4578 quaedam
1134 4477 1303 4550 saevitiae
1324 4477 1481 4567 exempla
1533 4492 1639 4560 nrbes
1654 4491 1692 4558 in
1708 4486 1900 4583 Campania
1917 4507 1951 4564 et
1966 4490 2108 4585 Apulia.
2157 4494 2294 4565 interea
2311 4493 2411 4565 Gotti
2426 4516 2513 4584 rege

506 4608 666 4664 mortuus
682 4603 744 4662 est.
797 4586 989 4657 Paretiam
1012 4605 1091 4653 cum
1106 4578 1256 4649 Persisa
1275 4576 1410 4647 lustino
1429 4577 1483 4645 fa·
1536 4586 1742 4670 Theodato,
1776 4592 1839 4684 qui
1862 4590 2151 4666 Amalasumham
2173 4595 2414 4681 intersecans,
2443 4597 2511 4664 de.

506 4704 641 4774 timi,
669 4680 1349 4783 quamlaffless⁰51⁰P²f⁸³evl⁰¹³ffl¹¹b
1400 4677 1482 4748 ΜΘ·
1534 4705 1626 4763 serto
1650 4703 1794 4782 propter
1815 4693 2004 4764 avariciam
2026 4711 2060 4768 et
2081 4696 2257 4787 ignaviam
2281 4719 2395 4787 regem
2411 4695 2511 4766 Viti·

505 4791 618 4859 moria
632 4790 780 4875 dignum
797 4800 832 4856 et
845 4783 913 4856 hoc
927 4797 988 4869 est,
1003 4776 1235 4852 Manichacus
1249 4793 1334 4850 tunc
1350 4777 1481 4847 inPer-
1534 4815 1612 4882 gem
1627 4806 1809 4876 crearunt,
1834 4794 1896 4887 qui
1911 4792 2134 4869 Theodamm
2156 4797 2345 4870 interfecit,
2395 4794 2509 4867 cum.

507 4892 558 4961 sia
581 4889 713 4958 deletos
737 4909 826 4969 esse,
851 4888 945 4979 quod
961 4884 1073 4954 filium
1091 4881 1182 4970 regis
1205 4882 1251 4950 ad
1272 4901 1335 4949 sua
1351 4878 1481 4947 delira·
1533 4916 1603 4987 que
1621 4894 1746 4964 urbem
1764 4891 1917 4964 Romam
1947 4889 2090 4968 Luam,
2119 4900 2202 4968 duci
2224 4897 2365 4971 Goffico
2387 4911 2511 4969 tusto.

505 5002 623 5061 menta
640 4999 890 5076 pertraxerant.
1535 4994 1702 5063 diendam
1734 4995 1963 5077 tradidisset,
1992 5000 2067 5087 ipse
2094 4996 2301 5070 Ravennam
2331 5000 2437 5084 adiit,
2468 5015 2513 5070 ut

607 5101 702 5192 Quia
721 5118 836 5175 autem
859 5103 1013 5177 lustinus
1036 5123 1142 5172 senex
1164 5114 1256 5187 erat,
1281 5111 1315 5170 et
1339 5097 1481 5168 tandem
1533 5095 1687 5165 exercitu
1709 5095 1854 5166 collecto
1885 5121 1963 5166 cum
1987 5096 2157 5169 Belisario
2186 5099 2351 5169 dimicare
2380 5113 2514 5190 posset.

505 5205 623 5279 morbi
650 5205 695 5274 ad
733 5216 905 5275 senectam
937 5206 1170 5286 accedebant,
1199 5200 1324 5268 vivens
1354 5211 1479 5290 quarto
1533 5193 1623 5267 Cum
1639 5209 1755 5267 atatem
1770 5194 1959 5267 Belisarius
1976 5200 2020 5267 ad
2034 5202 2158 5270 urbem
2176 5198 2328 5272 Romam
2344 5201 2513 5270 accessis-
2574 5206 2580 5215 '

506 5331 626 5378 mense
649 5315 731 5376 ante
762 5315 909 5374 mortem
940 5326 1039 5373 suam
1070 5305 1316 5395 imperatorem
1350 5297 1481 5368 creavit
1532 5310 1604 5381 set,
1630 5311 1663 5368 et
1677 5298 1916 5366 defensionem
1932 5298 2131 5390 desperaret
2145 5302 2324 5386 Luderus,
2374 5303 2410 5370 ui
2429 5315 2513 5370 tan·

507 5407 743 5480 fustinianum
763 5402 895 5471 suroris
910 5425 992 5472 suae
1006 5403 1119 5472 filium
1134 5397 1377 5493 praesentibus
1391 5393 1481 5487 Epi·
1533 5411 1609 5468 tum
1631 5413 1784 5492 quatuor
1805 5397 1915 5465 miliia
1931 5396 2122 5471 Gottorum
2149 5425 2265 5472 secum
2284 5397 2373 5472 habe
2420 5415 2454 5486 t,
2476 5417 2516 5474 et

506 5496 1359 5599 phanioPatriarchaetpraecipuisSenatoribus.
1390 5493 1481 5587 Epi·
1531 5497 1661 5568 civium
1696 5498 1808 5568 animi
1837 5499 1882 5565 ad
1906 5496 2116 5572 Belisarium
2150 5503 2381 5588 inclinarent,
2420 5504 2517 5574 urbs

506 5606 658 5699 phanius
675 5598 878 5679 Patriarcha
892 5598 1308 5689 Constantinopolitanus
1323 5612 1356 5669 et
1372 5597 1479 5668 lusti·
1531 5596 1646 5670 Roma
1660 5599 1738 5666 sine
1751 5597 1882 5685 praelio
1899 5604 2068 5691 patefacta
2082 5616 2132 5673 est
2146 5602 2329 5680 Belisario.
2369 5601 2518 5675 Milites

508 5709 654 5779 nianum
672 5721 705 5779 et
721 5705 946 5780 Theodoram
962 5699 1145 5791 coniugem
1161 5699 1236 5770 eius
1251 5699 1444 5773 coronavit.
1533 5697 1666 5769 Gottici
1683 5698 1806 5767 eodem
1823 5699 1880 5770 die
1897 5704 2023 5791 egressi
2040 5717 2123 5774 sunt
2139 5705 2207 5776 elia
2224 5719 2335 5797 porta.
2386 5702 2517 5777 Lude·
