<?xml version="1.0" encoding="UTF-8"?>
<!DOCTYPE html PUBLIC "-//W3C//DTD XHTML 1.0 Transitional//EN"
    "http://www.w3.org/TR/xhtml1/DTD/xhtml1-transitional.dtd">
<html xmlns="http://www.w3.org/1999/xhtml" xml:lang="en" lang="en">
 <head>
  <title>
</title>
<meta http-equiv="Content-Type" content="text/html;charset=utf-8" />
  <meta name='ocr-system' content='tesseract 3.04.00' />
  <meta name='ocr-capabilities' content='ocr_page ocr_carea ocr_par ocr_line ocrx_word'/>
</head>
<body>
  <div class='ocr_page' id='page_1' title='image "./philippimelanth12melagoog/philippimelanth12melagoog_0186.png"; bbox 0 0 6025 6775; ppageno 0'>
   <div class='ocr_carea' id='block_1_1' title="bbox 1012 497 2009 656">
    <p class='ocr_par' dir='ltr' id='par_1_1' title="bbox 1012 497 2009 656">
     <span class='ocr_line' id='line_1_1' title="bbox 1012 497 2009 656; baseline 0.009 -8"><span class='ocrx_word' id='word_1_1' title='bbox 1012 570 1180 649; x_wconf 73' lang='lat' dir='ltr'>‘DECL</span> <span class='ocrx_word' id='word_1_2' title='bbox 1222 561 1298 645; x_wconf 78' lang='lat' dir='ltr'><strong><em>uu</em></strong></span> <span class='ocrx_word' id='word_1_3' title='bbox 1331 562 1657 650; x_wconf 76' lang='lat' dir='ltr'><strong><em>uunuonto</em></strong></span> <span class='ocrx_word' id='word_1_4' title='bbox 1692 497 2009 656; x_wconf 50' lang='lat' dir='ltr'><strong><em>tonnano,</em></strong></span> 
     </span>
    </p>
   </div>
   <div class='ocr_carea' id='block_1_2' title="bbox 491 580 2521 672">
    <p class='ocr_par' dir='ltr' id='par_1_2' title="bbox 491 580 2521 672">
     <span class='ocr_line' id='line_1_2' title="bbox 491 580 2521 672; baseline -0.029 1"><span class='ocrx_word' id='word_1_5' title='bbox 491 584 564 672; x_wconf 78' lang='grc' dir='ltr'><strong><em>αι</em></strong></span> <span class='ocrx_word' id='word_1_6' title='bbox 2445 580 2521 660; x_wconf 60' lang='lat' dir='ltr'><strong><em>g,</em></strong></span> 
     </span>
    </p>
   </div>
   <div class='ocr_carea' id='block_1_3' title="bbox 491 738 2518 941">
    <p class='ocr_par' dir='ltr' id='par_1_3' title="bbox 491 738 2518 941">
     <span class='ocr_line' id='line_1_3' title="bbox 494 738 2518 850; baseline -0.007 -12"><span class='ocrx_word' id='word_1_7' title='bbox 494 767 621 838; x_wconf 75' lang='lat' dir='ltr'><strong><em>Oratio</em></strong></span> <span class='ocrx_word' id='word_1_8' title='bbox 641 758 689 832; x_wconf 85' lang='lat' dir='ltr'><strong><em>da</em></strong></span> <span class='ocrx_word' id='word_1_9' title='bbox 709 756 935 850; x_wconf 78' lang='lat' dir='ltr'><strong><em>Gregorio</em></strong></span> <span class='ocrx_word' id='word_1_10' title='bbox 957 752 1189 833; x_wconf 71' lang='lat' dir='ltr'><strong><em>Portuno,</em></strong></span> <span class='ocrx_word' id='word_1_11' title='bbox 1221 745 1335 822; x_wconf 82' lang='lat' dir='ltr'><strong><em>Dect.</em></strong></span> <span class='ocrx_word' id='word_1_12' title='bbox 1357 749 1480 833; x_wconf 76' lang='lat' dir='ltr'><strong><em>luris,</em></strong></span> <span class='ocrx_word' id='word_1_13' title='bbox 1534 741 1675 840; x_wconf 78' lang='grc' dir='ltr'><strong><em>λιτικὴν</em></strong></span> <span class='ocrx_word' id='word_1_14' title='bbox 1704 742 1769 818; x_wconf 81' lang='grc' dir='ltr'><strong><em>καὶ</em></strong></span> <span class='ocrx_word' id='word_1_15' title='bbox 1798 738 1967 839; x_wconf 76' lang='grc' dir='ltr'><strong><em>δύναμιν</em></strong></span> <span class='ocrx_word' id='word_1_16' title='bbox 1995 746 2278 844; x_wconf 73' lang='grc' dir='ltr'><strong><em>ἑρμηνευτικὴν,</em></strong></span> <span class='ocrx_word' id='word_1_17' title='bbox 2319 754 2379 824; x_wconf 89' lang='lat' dir='ltr'><strong><em>sed</em></strong></span> <span class='ocrx_word' id='word_1_18' title='bbox 2411 754 2518 825; x_wconf 86' lang='lat' dir='ltr'><strong><em>etiam</em></strong></span> 
     </span>
     <span class='ocr_line' id='line_1_4' title="bbox 491 844 2518 941; baseline -0.01 -3"><span class='ocrx_word' id='word_1_19' title='bbox 491 849 1328 939; x_wconf 72' lang='lat' dir='ltr'><strong><em>cancellarioDummSonootoetttectorum,</em></strong></span> <span class='ocrx_word' id='word_1_20' title='bbox 1348 844 1481 922; x_wconf 68' lang='lat' dir='ltr'><strong><em>tutto</em></strong></span> <span class='ocrx_word' id='word_1_21' title='bbox 1534 849 1609 918; x_wconf 87' lang='lat' dir='ltr'><strong><em>veri</em></strong></span> <span class='ocrx_word' id='word_1_22' title='bbox 1632 846 1700 917; x_wconf 88' lang='lat' dir='ltr'><strong><em>Dei</em></strong></span> <span class='ocrx_word' id='word_1_23' title='bbox 1720 850 1999 931; x_wconf 76' lang='lat' dir='ltr'><strong>invocationem,</strong></span> <span class='ocrx_word' id='word_1_24' title='bbox 2034 849 2191 923; x_wconf 87' lang='lat' dir='ltr'><strong><em>veritatis</em></strong></span> <span class='ocrx_word' id='word_1_25' title='bbox 2219 875 2399 941; x_wconf 79' lang='lat' dir='ltr'><strong><em>acuerem,</em></strong></span> <span class='ocrx_word' id='word_1_26' title='bbox 2429 877 2518 928; x_wconf 78' lang='lat' dir='ltr'><strong><em>con.</em></strong></span> 
     </span>
    </p>
   </div>
   <div class='ocr_carea' id='block_1_4' title="bbox 490 949 2518 1168">
    <p class='ocr_par' dir='ltr' id='par_1_4' title="bbox 490 949 2518 1168">
     <span class='ocr_line' id='line_1_5' title="bbox 490 949 2518 1044; baseline -0.019 -3"><span class='ocrx_word' id='word_1_27' title='bbox 490 991 516 1044; x_wconf 86' lang='grc' dir='ltr'><strong><em>α</em></strong></span> <span class='ocrx_word' id='word_1_28' title='bbox 544 970 628 1040; x_wconf 74' lang='lat' dir='ltr'><strong><em>Vno</em></strong></span> <span class='ocrx_word' id='word_1_29' title='bbox 649 955 874 1031; x_wconf 82' lang='lat' dir='ltr'><strong><em>Winslsemio</em></strong></span> <span class='ocrx_word' id='word_1_30' title='bbox 892 956 1054 1038; x_wconf 85' lang='lat' dir='ltr'><strong><em>seniore,</em></strong></span> <span class='ocrx_word' id='word_1_31' title='bbox 1078 953 1174 1021; x_wconf 82' lang='lat' dir='ltr'><strong><em>ertia</em></strong></span> <span class='ocrx_word' id='word_1_32' title='bbox 1187 949 1356 1022; x_wconf 82' lang='lat' dir='ltr'><strong><em>medicae</em></strong></span> <span class='ocrx_word' id='word_1_33' title='bbox 1370 952 1482 1022; x_wconf 86' lang='lat' dir='ltr'><strong><em>Doct.</em></strong></span> <span class='ocrx_word' id='word_1_34' title='bbox 1534 949 1700 1022; x_wconf 72' lang='lat' dir='ltr'><strong>stantiam</strong></span> <span class='ocrx_word' id='word_1_35' title='bbox 1721 949 1761 1017; x_wconf 88' lang='lat' dir='ltr'><strong><em>in</em></strong></span> <span class='ocrx_word' id='word_1_36' title='bbox 1781 949 1875 1020; x_wconf 87' lang='lat' dir='ltr'><strong><em>veris</em></strong></span> <span class='ocrx_word' id='word_1_37' title='bbox 1896 950 2097 1036; x_wconf 75' lang='lat' dir='ltr'>sententiis,</span> <span class='ocrx_word' id='word_1_38' title='bbox 2123 952 2317 1043; x_wconf 82' lang='lat' dir='ltr'><strong><em>iusticiam,</em></strong></span> <span class='ocrx_word' id='word_1_39' title='bbox 2342 954 2413 1028; x_wconf 66' lang='lat' dir='ltr'><strong><em>im</em></strong></span> <span class='ocrx_word' id='word_1_40' title='bbox 2436 981 2518 1025; x_wconf 68' lang='lat' dir='ltr'><strong><em>mo.</em></strong></span> 
     </span>
     <span class='ocr_line' id='line_1_6' title="bbox 492 1047 2518 1168; baseline -0.01 -28"><span class='ocrx_word' id='word_1_41' title='bbox 492 1079 532 1150; x_wconf 80' lang='lat' dir='ltr'><strong><em>et</em></strong></span> <span class='ocrx_word' id='word_1_42' title='bbox 548 1082 715 1168; x_wconf 72' lang='lat' dir='ltr'><strong><em>graecae</em></strong></span> <span class='ocrx_word' id='word_1_43' title='bbox 729 1060 885 1154; x_wconf 70' lang='lat' dir='ltr'><strong><em>linguae</em></strong></span> <span class='ocrx_word' id='word_1_44' title='bbox 899 1048 1082 1146; x_wconf 73' lang='lat' dir='ltr'><strong><em>Profess,</em></strong></span> <span class='ocrx_word' id='word_1_45' title='bbox 1111 1073 1198 1123; x_wconf 80' lang='lat' dir='ltr'><strong><em>ausu</em></strong></span> <span class='ocrx_word' id='word_1_46' title='bbox 1213 1050 1484 1124; x_wconf 79' lang='lat' dir='ltr'><strong><em>decerneretur</em></strong></span> <span class='ocrx_word' id='word_1_47' title='bbox 1535 1050 1777 1135; x_wconf 82' lang='lat' dir='ltr'><strong><em>demtionem,</em></strong></span> <span class='ocrx_word' id='word_1_48' title='bbox 1800 1053 2008 1138; x_wconf 73' lang='lat' dir='ltr'><strong><em>madorem,</em></strong></span> <span class='ocrx_word' id='word_1_49' title='bbox 2031 1067 2066 1124; x_wconf 91' lang='lat' dir='ltr'><strong><em>et</em></strong></span> <span class='ocrx_word' id='word_1_50' title='bbox 2081 1047 2232 1126; x_wconf 86' lang='lat' dir='ltr'><strong><em>caeteras</em></strong></span> <span class='ocrx_word' id='word_1_51' title='bbox 2248 1054 2405 1141; x_wconf 85' lang='lat' dir='ltr'><strong><em>virtutes,</em></strong></span> <span class='ocrx_word' id='word_1_52' title='bbox 2427 1051 2518 1150; x_wconf 74' lang='lat' dir='ltr'><strong><em>quae</em></strong></span> 
     </span>
    </p>
   </div>
   <div class='ocr_carea' id='block_1_5' title="bbox 494 1155 1484 1355">
    <p class='ocr_par' dir='ltr' id='par_1_5' title="bbox 494 1155 1484 1355">
     <span class='ocr_line' id='line_1_7' title="bbox 494 1155 1484 1274; baseline -0.025 -25"><span class='ocrx_word' id='word_1_53' title='bbox 494 1171 642 1274; x_wconf 67' lang='lat' dir='ltr'><strong><em>gratim</em></strong></span> <span class='ocrx_word' id='word_1_54' title='bbox 650 1164 826 1240; x_wconf 87' lang='lat' dir='ltr'><strong><em>Doctoris</em></strong></span> <span class='ocrx_word' id='word_1_55' title='bbox 840 1161 939 1231; x_wconf 83' lang='lat' dir='ltr'><strong><em>erts&#39;c</em></strong></span> <span class='ocrx_word' id='word_1_56' title='bbox 952 1155 1286 1246; x_wconf 78' lang='lat' dir='ltr'><strong><em>medicoelluspa</em></strong></span> <span class='ocrx_word' id='word_1_57' title='bbox 1296 1176 1346 1226; x_wconf 88' lang='lat' dir='ltr'><strong><em>ro</em></strong></span> <span class='ocrx_word' id='word_1_58' title='bbox 1363 1160 1484 1226; x_wconf 84' lang='lat' dir='ltr'><strong><em>Peu-</em></strong></span> 
     </span>
     <span class='ocr_line' id='line_1_8' title="bbox 667 1256 1320 1355; baseline -0.038 -15"><span class='ocrx_word' id='word_1_59' title='bbox 667 1288 795 1355; x_wconf 88' lang='lat' dir='ltr'><strong><em>cero,</em></strong></span> <span class='ocrx_word' id='word_1_60' title='bbox 828 1259 1054 1344; x_wconf 84' lang='lat' dir='ltr'><strong><em>Budissino,</em></strong></span> <span class='ocrx_word' id='word_1_61' title='bbox 1082 1256 1144 1333; x_wconf 75' lang='lat'><strong><em>30.</em></strong></span> <span class='ocrx_word' id='word_1_62' title='bbox 1160 1262 1320 1330; x_wconf 70' lang='lat' dir='ltr'><strong><em>Ianuar,</em></strong></span> 
     </span>
    </p>
   </div>
   <div class='ocr_carea' id='block_1_6' title="bbox 402 1422 1493 2855">
    <p class='ocr_par' dir='ltr' id='par_1_6' title="bbox 402 1422 1493 2855">
     <span class='ocr_line' id='line_1_9' title="bbox 498 1422 1485 1535; baseline -0.028 -17"><span class='ocrx_word' id='word_1_63' title='bbox 498 1433 566 1517; x_wconf 57' lang='grc' dir='ltr'><strong><em>ΕΓ</em></strong></span> <span class='ocrx_word' id='word_1_64' title='bbox 583 1434 827 1535; x_wconf 89' lang='lat' dir='ltr'><strong><em>providentiae</em></strong></span> <span class='ocrx_word' id='word_1_65' title='bbox 860 1429 1004 1501; x_wconf 87' lang='lat' dir='ltr'><strong><em>divinae</em></strong></span> <span class='ocrx_word' id='word_1_66' title='bbox 1034 1427 1236 1499; x_wconf 87' lang='lat' dir='ltr'><strong><em>testimonia</em></strong></span> <span class='ocrx_word' id='word_1_67' title='bbox 1263 1423 1416 1515; x_wconf 89' lang='lat' dir='ltr'><strong><em>plurima</em></strong></span> <span class='ocrx_word' id='word_1_68' title='bbox 1446 1422 1485 1490; x_wconf 92' lang='lat' dir='ltr'><strong><em>in</em></strong></span> 
     </span>
     <span class='ocr_line' id='line_1_10' title="bbox 499 1523 1486 1630; baseline -0.026 -14"><span class='ocrx_word' id='word_1_69' title='bbox 499 1541 734 1616; x_wconf 78' lang='lat' dir='ltr'><strong><em>medicatione</em></strong></span> <span class='ocrx_word' id='word_1_70' title='bbox 750 1534 909 1630; x_wconf 77' lang='lat' dir='ltr'><strong><em>quotidie</em></strong></span> <span class='ocrx_word' id='word_1_71' title='bbox 934 1531 1131 1612; x_wconf 89' lang='lat' dir='ltr'><strong><em>cernimus,</em></strong></span> <span class='ocrx_word' id='word_1_72' title='bbox 1158 1552 1238 1597; x_wconf 93' lang='lat' dir='ltr'><strong><em>cum</em></strong></span> <span class='ocrx_word' id='word_1_73' title='bbox 1262 1526 1424 1595; x_wconf 86' lang='lat' dir='ltr'><strong><em>ordinem</em></strong></span> <span class='ocrx_word' id='word_1_74' title='bbox 1446 1523 1486 1591; x_wconf 92' lang='lat' dir='ltr'><strong><em>in</em></strong></span> 
     </span>
     <span class='ocr_line' id='line_1_11' title="bbox 497 1622 1484 1729; baseline -0.027 -9"><span class='ocrx_word' id='word_1_75' title='bbox 497 1669 618 1720; x_wconf 84' lang='lat' dir='ltr'><strong><em>rerum</em></strong></span> <span class='ocrx_word' id='word_1_76' title='bbox 642 1656 787 1725; x_wconf 89' lang='lat' dir='ltr'><strong><em>natura,</em></strong></span> <span class='ocrx_word' id='word_1_77' title='bbox 814 1626 1052 1729; x_wconf 77' lang='grc' dir='ltr'><strong><em>συμπαθείας</em></strong></span> <span class='ocrx_word' id='word_1_78' title='bbox 1071 1645 1105 1701; x_wconf 89' lang='lat' dir='ltr'><strong><em>et</em></strong></span> <span class='ocrx_word' id='word_1_79' title='bbox 1127 1622 1375 1706; x_wconf 77' lang='grc' dir='ltr'><strong><em>ἀντιπαθείας</em></strong></span> <span class='ocrx_word' id='word_1_80' title='bbox 1397 1648 1484 1695; x_wconf 92' lang='lat' dir='ltr'><strong><em>con·</em></strong></span> 
     </span>
     <span class='ocr_line' id='line_1_12' title="bbox 498 1727 1484 1839; baseline -0.028 -17"><span class='ocrx_word' id='word_1_81' title='bbox 498 1746 734 1839; x_wconf 85' lang='lat' dir='ltr'><strong><em>templamur,</em></strong></span> <span class='ocrx_word' id='word_1_82' title='bbox 759 1754 794 1814; x_wconf 85' lang='lat' dir='ltr'><strong><em>et</em></strong></span> <span class='ocrx_word' id='word_1_83' title='bbox 808 1739 916 1811; x_wconf 87' lang='lat' dir='ltr'><strong><em>simul</em></strong></span> <span class='ocrx_word' id='word_1_84' title='bbox 930 1737 1110 1824; x_wconf 90' lang='lat' dir='ltr'><strong><em>ingentem</em></strong></span> <span class='ocrx_word' id='word_1_85' title='bbox 1127 1728 1314 1802; x_wconf 91' lang='lat' dir='ltr'><strong><em>bominum</em></strong></span> <span class='ocrx_word' id='word_1_86' title='bbox 1332 1727 1484 1798; x_wconf 87' lang='lat' dir='ltr'><strong><em>infirmi·</em></strong></span> 
     </span>
     <span class='ocr_line' id='line_1_13' title="bbox 499 1830 1487 1925; baseline -0.024 0"><span class='ocrx_word' id='word_1_87' title='bbox 499 1865 607 1924; x_wconf 79' lang='lat' dir='ltr'><strong><em>tatem</em></strong></span> <span class='ocrx_word' id='word_1_88' title='bbox 622 1848 662 1918; x_wconf 92' lang='lat' dir='ltr'><strong><em>in</em></strong></span> <span class='ocrx_word' id='word_1_89' title='bbox 679 1843 815 1914; x_wconf 90' lang='lat' dir='ltr'><strong><em>morbis</em></strong></span> <span class='ocrx_word' id='word_1_90' title='bbox 828 1863 902 1912; x_wconf 89' lang='lat' dir='ltr'><strong><em>uon</em></strong></span> <span class='ocrx_word' id='word_1_91' title='bbox 916 1839 992 1909; x_wconf 92' lang='lat' dir='ltr'><strong><em>sine</em></strong></span> <span class='ocrx_word' id='word_1_92' title='bbox 1008 1858 1133 1925; x_wconf 88' lang='lat' dir='ltr'><strong><em>magno</em></strong></span> <span class='ocrx_word' id='word_1_93' title='bbox 1150 1833 1273 1902; x_wconf 92' lang='lat' dir='ltr'><strong><em>dolore</em></strong></span> <span class='ocrx_word' id='word_1_94' title='bbox 1288 1830 1487 1922; x_wconf 79' lang='lat' dir='ltr'><strong><em>aspicimus.</em></strong></span> 
     </span>
     <span class='ocr_line' id='line_1_14' title="bbox 499 1929 1487 2026; baseline -0.031 1"><span class='ocrx_word' id='word_1_95' title='bbox 499 1952 602 2026; x_wconf 83' lang='lat' dir='ltr'><strong><em>Hauc</em></strong></span> <span class='ocrx_word' id='word_1_96' title='bbox 625 1946 732 2020; x_wconf 89' lang='lat' dir='ltr'><strong><em>habet</em></strong></span> <span class='ocrx_word' id='word_1_97' title='bbox 752 1944 909 2014; x_wconf 88' lang='lat' dir='ltr'><strong><em>medicus</em></strong></span> <span class='ocrx_word' id='word_1_98' title='bbox 931 1938 1108 2010; x_wconf 74' lang='lat' dir='ltr'><strong>assiduam</strong></span> <span class='ocrx_word' id='word_1_99' title='bbox 1131 1930 1288 2006; x_wconf 91' lang='lat' dir='ltr'><strong><em>scholam</em></strong></span> <span class='ocrx_word' id='word_1_100' title='bbox 1321 1929 1487 2002; x_wconf 89' lang='lat' dir='ltr'><strong><em>monitri-</em></strong></span> 
     </span>
     <span class='ocr_line' id='line_1_15' title="bbox 502 2032 1488 2127; baseline -0.029 0"><span class='ocrx_word' id='word_1_101' title='bbox 502 2075 577 2127; x_wconf 82' lang='lat' dir='ltr'><strong><em>cern</em></strong></span> <span class='ocrx_word' id='word_1_102' title='bbox 602 2054 646 2122; x_wconf 88' lang='lat' dir='ltr'><strong><em>da</em></strong></span> <span class='ocrx_word' id='word_1_103' title='bbox 673 2046 900 2118; x_wconf 90' lang='lat' dir='ltr'><strong><em>invocatione</em></strong></span> <span class='ocrx_word' id='word_1_104' title='bbox 915 2041 994 2112; x_wconf 87' lang='lat' dir='ltr'><strong><em>Dei.</em></strong></span> <span class='ocrx_word' id='word_1_105' title='bbox 1047 2037 1154 2126; x_wconf 85' lang='lat' dir='ltr'><strong><em>Quod</em></strong></span> <span class='ocrx_word' id='word_1_106' title='bbox 1179 2036 1288 2125; x_wconf 90' lang='lat' dir='ltr'><strong><em>igitur</em></strong></span> <span class='ocrx_word' id='word_1_107' title='bbox 1310 2056 1414 2124; x_wconf 88' lang='lat' dir='ltr'><strong><em>saepe</em></strong></span> <span class='ocrx_word' id='word_1_108' title='bbox 1430 2032 1488 2100; x_wconf 94' lang='lat' dir='ltr'><strong><em>in·</em></strong></span> 
     </span>
     <span class='ocr_line' id='line_1_16' title="bbox 500 2136 1488 2241; baseline -0.032 -9"><span class='ocrx_word' id='word_1_109' title='bbox 500 2173 603 2232; x_wconf 89' lang='lat' dir='ltr'><strong><em>tuens</em></strong></span> <span class='ocrx_word' id='word_1_110' title='bbox 622 2153 780 2241; x_wconf 88' lang='lat' dir='ltr'><strong><em>acgrolos</em></strong></span> <span class='ocrx_word' id='word_1_111' title='bbox 796 2147 890 2215; x_wconf 84' lang='lat' dir='ltr'><strong><em>veris</em></strong></span> <span class='ocrx_word' id='word_1_112' title='bbox 903 2141 1093 2233; x_wconf 73' lang='lat' dir='ltr'><strong>gemitibus</strong></span> <span class='ocrx_word' id='word_1_113' title='bbox 1109 2153 1208 2232; x_wconf 90' lang='lat' dir='ltr'><strong><em>pcto,</em></strong></span> <span class='ocrx_word' id='word_1_114' title='bbox 1233 2150 1274 2208; x_wconf 91' lang='lat' dir='ltr'><strong><em>ut</em></strong></span> <span class='ocrx_word' id='word_1_115' title='bbox 1288 2136 1387 2206; x_wconf 89' lang='lat' dir='ltr'><strong><em>Deus</em></strong></span> <span class='ocrx_word' id='word_1_116' title='bbox 1402 2156 1488 2203; x_wconf 89' lang='lat' dir='ltr'><strong><em>con·</em></strong></span> 
     </span>
     <span class='ocr_line' id='line_1_17' title="bbox 402 2234 1489 2344; baseline -0.029 -11"><span class='ocrx_word' id='word_1_117' title='bbox 402 2335 407 2344; x_wconf 72' lang='grc'><strong><em>,</em></strong></span> <span class='ocrx_word' id='word_1_118' title='bbox 502 2260 600 2331; x_wconf 87' lang='lat' dir='ltr'><strong><em>ditor</em></strong></span> <span class='ocrx_word' id='word_1_119' title='bbox 626 2251 765 2344; x_wconf 89' lang='lat' dir='ltr'><strong><em>generis</em></strong></span> <span class='ocrx_word' id='word_1_120' title='bbox 795 2244 944 2318; x_wconf 88' lang='lat' dir='ltr'><strong><em>humaui</em></strong></span> <span class='ocrx_word' id='word_1_121' title='bbox 975 2244 1081 2314; x_wconf 89' lang='lat' dir='ltr'><strong><em>nobis</em></strong></span> <span class='ocrx_word' id='word_1_122' title='bbox 1111 2266 1214 2334; x_wconf 89' lang='lat' dir='ltr'><strong><em>opem</em></strong></span> <span class='ocrx_word' id='word_1_123' title='bbox 1235 2240 1344 2323; x_wconf 82' lang='lat' dir='ltr'><strong><em>ierat,</em></strong></span> <span class='ocrx_word' id='word_1_124' title='bbox 1378 2234 1489 2305; x_wconf 90' lang='lat' dir='ltr'><strong><em>leniat</em></strong></span> 
     </span>
     <span class='ocr_line' id='line_1_18' title="bbox 501 2340 1489 2439; baseline -0.03 -7"><span class='ocrx_word' id='word_1_125' title='bbox 501 2379 710 2439; x_wconf 82' lang='lat' dir='ltr'><strong><em>aerumnas,</em></strong></span> <span class='ocrx_word' id='word_1_126' title='bbox 735 2366 769 2424; x_wconf 91' lang='lat' dir='ltr'><strong><em>et</em></strong></span> <span class='ocrx_word' id='word_1_127' title='bbox 786 2363 900 2422; x_wconf 85' lang='lat' dir='ltr'><strong><em>servet</em></strong></span> <span class='ocrx_word' id='word_1_128' title='bbox 914 2345 1053 2438; x_wconf 89' lang='lat' dir='ltr'><strong><em>aliquos</em></strong></span> <span class='ocrx_word' id='word_1_129' title='bbox 1069 2340 1235 2416; x_wconf 88' lang='lat' dir='ltr'><strong><em>honestos</em></strong></span> <span class='ocrx_word' id='word_1_130' title='bbox 1256 2352 1290 2408; x_wconf 92' lang='lat' dir='ltr'><strong><em>ct</em></strong></span> <span class='ocrx_word' id='word_1_131' title='bbox 1316 2340 1392 2429; x_wconf 90' lang='lat' dir='ltr'><strong><em>pios</em></strong></span> <span class='ocrx_word' id='word_1_132' title='bbox 1408 2359 1489 2407; x_wconf 90' lang='lat' dir='ltr'><strong><em>coe-</em></strong></span> 
     </span>
     <span class='ocr_line' id='line_1_19' title="bbox 502 2435 1490 2546; baseline -0.03 -11"><span class='ocrx_word' id='word_1_133' title='bbox 502 2478 580 2546; x_wconf 86' lang='lat' dir='ltr'><strong><em>tus,</em></strong></span> <span class='ocrx_word' id='word_1_134' title='bbox 605 2459 700 2528; x_wconf 91' lang='lat' dir='ltr'><strong><em>idem</em></strong></span> <span class='ocrx_word' id='word_1_135' title='bbox 725 2478 821 2524; x_wconf 91' lang='lat' dir='ltr'><strong><em>nunc</em></strong></span> <span class='ocrx_word' id='word_1_136' title='bbox 843 2471 986 2543; x_wconf 88' lang='lat' dir='ltr'><strong><em>quoque</em></strong></span> <span class='ocrx_word' id='word_1_137' title='bbox 1011 2471 1153 2538; x_wconf 90' lang='lat' dir='ltr'><strong><em>precor,</em></strong></span> <span class='ocrx_word' id='word_1_138' title='bbox 1177 2459 1218 2517; x_wconf 89' lang='lat' dir='ltr'><strong><em>ut</em></strong></span> <span class='ocrx_word' id='word_1_139' title='bbox 1241 2438 1332 2512; x_wconf 87' lang='lat' dir='ltr'><strong><em>hanc</em></strong></span> <span class='ocrx_word' id='word_1_140' title='bbox 1351 2435 1490 2508; x_wconf 89' lang='lat' dir='ltr'><strong><em>Acade-</em></strong></span> 
     </span>
     <span class='ocr_line' id='line_1_20' title="bbox 503 2540 1491 2651; baseline -0.025 -17"><span class='ocrx_word' id='word_1_141' title='bbox 503 2565 630 2645; x_wconf 90' lang='lat' dir='ltr'><strong><em>miam,</em></strong></span> <span class='ocrx_word' id='word_1_142' title='bbox 657 2580 747 2651; x_wconf 90' lang='lat' dir='ltr'><strong><em>quae</em></strong></span> <span class='ocrx_word' id='word_1_143' title='bbox 771 2579 790 2624; x_wconf 92' lang='lat' dir='ltr'><strong><em>a</em></strong></span> <span class='ocrx_word' id='word_1_144' title='bbox 814 2554 930 2643; x_wconf 89' lang='lat' dir='ltr'><strong><em>palam</em></strong></span> <span class='ocrx_word' id='word_1_145' title='bbox 957 2543 1089 2633; x_wconf 91' lang='lat' dir='ltr'><strong><em>atheis,</em></strong></span> <span class='ocrx_word' id='word_1_146' title='bbox 1113 2563 1148 2622; x_wconf 91' lang='lat' dir='ltr'><strong><em>et</em></strong></span> <span class='ocrx_word' id='word_1_147' title='bbox 1171 2572 1191 2620; x_wconf 87' lang='lat' dir='ltr'><strong><em>a</em></strong></span> <span class='ocrx_word' id='word_1_148' title='bbox 1212 2540 1373 2614; x_wconf 78' lang='lat' dir='ltr'><strong>fanaticis</strong></span> <span class='ocrx_word' id='word_1_149' title='bbox 1394 2541 1491 2610; x_wconf 89' lang='lat' dir='ltr'><strong><em>varie</em></strong></span> 
     </span>
     <span class='ocr_line' id='line_1_21' title="bbox 503 2653 1493 2756; baseline -0.026 -21"><span class='ocrx_word' id='word_1_150' title='bbox 503 2674 751 2756; x_wconf 88' lang='lat' dir='ltr'><strong><em>oppugnatur,</em></strong></span> <span class='ocrx_word' id='word_1_151' title='bbox 783 2655 974 2724; x_wconf 90' lang='lat' dir='ltr'><strong><em>clementer</em></strong></span> <span class='ocrx_word' id='word_1_152' title='bbox 996 2653 1168 2740; x_wconf 81' lang='lat' dir='ltr'><strong><em>gubernet</em></strong></span> <span class='ocrx_word' id='word_1_153' title='bbox 1190 2660 1224 2716; x_wconf 89' lang='lat' dir='ltr'><strong><em>et</em></strong></span> <span class='ocrx_word' id='word_1_154' title='bbox 1246 2655 1422 2737; x_wconf 88' lang='lat' dir='ltr'><strong><em>protegat,</em></strong></span> <span class='ocrx_word' id='word_1_155' title='bbox 1457 2653 1493 2709; x_wconf 90' lang='lat' dir='ltr'><strong><em>et</em></strong></span> 
     </span>
     <span class='ocr_line' id='line_1_22' title="bbox 504 2737 1493 2855; baseline -0.028 -17"><span class='ocrx_word' id='word_1_156' title='bbox 504 2764 581 2838; x_wconf 88' lang='lat' dir='ltr'><strong><em>Deo</em></strong></span> <span class='ocrx_word' id='word_1_157' title='bbox 604 2761 734 2855; x_wconf 87' lang='lat' dir='ltr'><strong><em>gratias</em></strong></span> <span class='ocrx_word' id='word_1_158' title='bbox 753 2777 836 2848; x_wconf 90' lang='lat' dir='ltr'><strong><em>ago,</em></strong></span> <span class='ocrx_word' id='word_1_159' title='bbox 869 2756 966 2848; x_wconf 93' lang='lat' dir='ltr'><strong><em>quod</em></strong></span> <span class='ocrx_word' id='word_1_160' title='bbox 987 2748 1156 2821; x_wconf 85' lang='lat' dir='ltr'><strong><em>hactenus</em></strong></span> <span class='ocrx_word' id='word_1_161' title='bbox 1178 2769 1253 2818; x_wconf 86' lang='lat' dir='ltr'><strong><em>eam</em></strong></span> <span class='ocrx_word' id='word_1_162' title='bbox 1277 2757 1402 2815; x_wconf 90' lang='lat' dir='ltr'><strong><em>contra</em></strong></span> <span class='ocrx_word' id='word_1_163' title='bbox 1424 2737 1493 2811; x_wconf 89' lang='lat' dir='ltr'><strong><em>ho·</em></strong></span> 
     </span>
    </p>
   </div>
   <div class='ocr_carea' id='block_1_7' title="bbox 505 2856 952 2938">
    <p class='ocr_par' dir='ltr' id='par_1_7' title="bbox 505 2856 952 2938">
     <span class='ocr_line' id='line_1_23' title="bbox 505 2856 952 2938; baseline -0.036 1"><span class='ocrx_word' id='word_1_164' title='bbox 505 2867 615 2938; x_wconf 87' lang='lat' dir='ltr'><strong><em>stium</em></strong></span> <span class='ocrx_word' id='word_1_165' title='bbox 633 2860 765 2936; x_wconf 87' lang='lat' dir='ltr'><strong><em>rabiem</em></strong></span> <span class='ocrx_word' id='word_1_166' title='bbox 780 2856 952 2928; x_wconf 79' lang='lat' dir='ltr'><strong><em>defendit.</em></strong></span> 
     </span>
    </p>
   </div>
   <div class='ocr_carea' id='block_1_8' title="bbox 506 2963 1495 3487">
    <p class='ocr_par' dir='ltr' id='par_1_8' title="bbox 506 2963 1495 3487">
     <span class='ocr_line' id='line_1_24' title="bbox 607 2963 1493 3054; baseline -0.024 -1"><span class='ocrx_word' id='word_1_167' title='bbox 607 2978 698 3052; x_wconf 87' lang='lat' dir='ltr'><strong><em>Cum</em></strong></span> <span class='ocrx_word' id='word_1_168' title='bbox 733 2989 848 3047; x_wconf 89' lang='lat' dir='ltr'><strong><em>autem</em></strong></span> <span class='ocrx_word' id='word_1_169' title='bbox 882 2973 1040 3045; x_wconf 86' lang='lat' dir='ltr'><strong><em>dicturus</em></strong></span> <span class='ocrx_word' id='word_1_170' title='bbox 1064 2969 1103 3038; x_wconf 91' lang='lat' dir='ltr'><strong><em>in</em></strong></span> <span class='ocrx_word' id='word_1_171' title='bbox 1125 2963 1194 3042; x_wconf 89' lang='lat' dir='ltr'><strong><em>boc</em></strong></span> <span class='ocrx_word' id='word_1_172' title='bbox 1215 2970 1293 3040; x_wconf 92' lang='lat' dir='ltr'><strong><em>loco</em></strong></span> <span class='ocrx_word' id='word_1_173' title='bbox 1323 2968 1368 3036; x_wconf 91' lang='lat' dir='ltr'><strong><em>de</em></strong></span> <span class='ocrx_word' id='word_1_174' title='bbox 1388 2987 1493 3054; x_wconf 89' lang='lat' dir='ltr'><strong><em>argu-</em></strong></span> 
     </span>
     <span class='ocr_line' id='line_1_25' title="bbox 508 3066 1491 3165; baseline -0.028 -5"><span class='ocrx_word' id='word_1_175' title='bbox 508 3100 628 3160; x_wconf 82' lang='lat' dir='ltr'><strong><em>mento</em></strong></span> <span class='ocrx_word' id='word_1_176' title='bbox 645 3082 899 3162; x_wconf 82' lang='lat' dir='ltr'><strong><em>deliberarem,</em></strong></span> <span class='ocrx_word' id='word_1_177' title='bbox 924 3088 959 3145; x_wconf 90' lang='lat' dir='ltr'><strong><em>et</em></strong></span> <span class='ocrx_word' id='word_1_178' title='bbox 974 3068 1042 3143; x_wconf 88' lang='lat' dir='ltr'><strong><em>hoc</em></strong></span> <span class='ocrx_word' id='word_1_179' title='bbox 1061 3073 1139 3165; x_wconf 91' lang='lat' dir='ltr'><strong><em>ipso</em></strong></span> <span class='ocrx_word' id='word_1_180' title='bbox 1158 3088 1314 3162; x_wconf 89' lang='lat' dir='ltr'><strong><em>tempore</em></strong></span> <span class='ocrx_word' id='word_1_181' title='bbox 1331 3090 1433 3157; x_wconf 89' lang='lat' dir='ltr'><strong><em>saepe</em></strong></span> <span class='ocrx_word' id='word_1_182' title='bbox 1448 3066 1491 3133; x_wconf 91' lang='lat' dir='ltr'><strong><em>ad</em></strong></span> 
     </span>
     <span class='ocr_line' id='line_1_26' title="bbox 506 3165 1494 3260; baseline -0.027 0"><span class='ocrx_word' id='word_1_183' title='bbox 506 3189 764 3260; x_wconf 80' lang='lat' dir='ltr'><strong><em>adolescentem</em></strong></span> <span class='ocrx_word' id='word_1_184' title='bbox 789 3182 901 3250; x_wconf 89' lang='lat' dir='ltr'><strong><em>tilium</em></strong></span> <span class='ocrx_word' id='word_1_185' title='bbox 928 3178 997 3245; x_wconf 87' lang='lat' dir='ltr'><strong><em>viri</em></strong></span> <span class='ocrx_word' id='word_1_186' title='bbox 1011 3175 1195 3245; x_wconf 78' lang='lat' dir='ltr'><strong><em>clarissimi</em></strong></span> <span class='ocrx_word' id='word_1_187' title='bbox 1215 3168 1381 3260; x_wconf 84' lang='lat' dir='ltr'><strong><em>Gregorii</em></strong></span> <span class='ocrx_word' id='word_1_188' title='bbox 1396 3165 1494 3236; x_wconf 89' lang='lat' dir='ltr'><strong><em>Pon·</em></strong></span> 
     </span>
     <span class='ocr_line' id='line_1_27' title="bbox 509 3268 1495 3366; baseline -0.029 -4"><span class='ocrx_word' id='word_1_189' title='bbox 509 3290 585 3363; x_wconf 91' lang='lat' dir='ltr'><strong><em>tani</em></strong></span> <span class='ocrx_word' id='word_1_190' title='bbox 602 3280 850 3356; x_wconf 82' lang='lat' dir='ltr'><strong><em>medicationis</em></strong></span> <span class='ocrx_word' id='word_1_191' title='bbox 865 3302 968 3349; x_wconf 89' lang='lat' dir='ltr'><strong><em>causa</em></strong></span> <span class='ocrx_word' id='word_1_192' title='bbox 983 3280 1195 3358; x_wconf 83' lang='lat' dir='ltr'><strong><em>accederem,</em></strong></span> <span class='ocrx_word' id='word_1_193' title='bbox 1220 3273 1303 3366; x_wconf 90' lang='lat' dir='ltr'><strong><em>quia</em></strong></span> <span class='ocrx_word' id='word_1_194' title='bbox 1323 3270 1435 3342; x_wconf 90' lang='lat' dir='ltr'><strong><em>multa</em></strong></span> <span class='ocrx_word' id='word_1_195' title='bbox 1450 3268 1495 3335; x_wconf 91' lang='lat' dir='ltr'><strong><em>de</em></strong></span> 
     </span>
     <span class='ocr_line' id='line_1_28' title="bbox 508 3372 1494 3487; baseline -0.027 -22"><span class='ocrx_word' id='word_1_196' title='bbox 508 3392 619 3487; x_wconf 90' lang='lat' dir='ltr'><strong><em>patris</em></strong></span> <span class='ocrx_word' id='word_1_197' title='bbox 638 3389 769 3458; x_wconf 88' lang='lat' dir='ltr'><strong><em>virtute</em></strong></span> <span class='ocrx_word' id='word_1_198' title='bbox 784 3396 820 3453; x_wconf 90' lang='lat' dir='ltr'><strong><em>et</em></strong></span> <span class='ocrx_word' id='word_1_199' title='bbox 835 3379 971 3450; x_wconf 89' lang='lat' dir='ltr'><strong><em>meritis</em></strong></span> <span class='ocrx_word' id='word_1_200' title='bbox 986 3377 1202 3466; x_wconf 83' lang='lat' dir='ltr'><strong><em>cogitabam,</em></strong></span> <span class='ocrx_word' id='word_1_201' title='bbox 1228 3400 1301 3445; x_wconf 91' lang='lat' dir='ltr'><strong><em>non</em></strong></span> <span class='ocrx_word' id='word_1_202' title='bbox 1318 3372 1417 3443; x_wconf 90' lang='lat' dir='ltr'><strong><em>aliud</em></strong></span> <span class='ocrx_word' id='word_1_203' title='bbox 1432 3393 1494 3439; x_wconf 87' lang='lat' dir='ltr'><strong><em>at-</em></strong></span> 
     </span>
    </p>
   </div>
   <div class='ocr_carea' id='block_1_9' title="bbox 1536 1152 2529 3477">
    <p class='ocr_par' dir='ltr' id='par_1_9' title="bbox 1536 1152 2521 1649">
     <span class='ocr_line' id='line_1_29' title="bbox 1536 1152 2519 1248; baseline 0.002 -23"><span class='ocrx_word' id='word_1_204' title='bbox 1536 1168 1617 1225; x_wconf 92' lang='lat' dir='ltr'><strong><em>sunt</em></strong></span> <span class='ocrx_word' id='word_1_205' title='bbox 1636 1152 1839 1224; x_wconf 86' lang='lat' dir='ltr'><strong><em>testimonia</em></strong></span> <span class='ocrx_word' id='word_1_206' title='bbox 1853 1155 2069 1245; x_wconf 85' lang='lat' dir='ltr'><strong><em>praesentiae</em></strong></span> <span class='ocrx_word' id='word_1_207' title='bbox 2085 1155 2174 1239; x_wconf 89' lang='lat' dir='ltr'><strong><em>Dei,</em></strong></span> <span class='ocrx_word' id='word_1_208' title='bbox 2195 1170 2230 1227; x_wconf 91' lang='lat' dir='ltr'><strong><em>ct</em></strong></span> <span class='ocrx_word' id='word_1_209' title='bbox 2251 1156 2382 1248; x_wconf 90' lang='lat' dir='ltr'><strong><em>quibus</em></strong></span> <span class='ocrx_word' id='word_1_210' title='bbox 2396 1179 2519 1227; x_wconf 82' lang='lat' dir='ltr'><strong><em>secun·</em></strong></span> 
     </span>
     <span class='ocr_line' id='line_1_30' title="bbox 1536 1252 2519 1329; baseline 0.004 -4"><span class='ocrx_word' id='word_1_211' title='bbox 1536 1260 1601 1325; x_wconf 92' lang='lat' dir='ltr'><strong><em>dos</em></strong></span> <span class='ocrx_word' id='word_1_212' title='bbox 1615 1267 1762 1324; x_wconf 86' lang='lat' dir='ltr'><strong><em>eventus</em></strong></span> <span class='ocrx_word' id='word_1_213' title='bbox 1776 1256 1902 1325; x_wconf 90' lang='lat' dir='ltr'><strong><em>tribuit</em></strong></span> <span class='ocrx_word' id='word_1_214' title='bbox 1912 1252 2020 1328; x_wconf 88' lang='lat' dir='ltr'><strong><em>Deus.</em></strong></span> <span class='ocrx_word' id='word_1_215' title='bbox 2073 1255 2234 1327; x_wconf 91' lang='lat' dir='ltr'><strong><em>Primum</em></strong></span> <span class='ocrx_word' id='word_1_216' title='bbox 2251 1270 2369 1328; x_wconf 89' lang='lat' dir='ltr'><strong><em>autem</em></strong></span> <span class='ocrx_word' id='word_1_217' title='bbox 2385 1259 2429 1329; x_wconf 90' lang='lat' dir='ltr'><strong><em>de</em></strong></span> <span class='ocrx_word' id='word_1_218' title='bbox 2443 1270 2519 1329; x_wconf 86' lang='lat' dir='ltr'><strong><em>stu·</em></strong></span> 
     </span>
     <span class='ocr_line' id='line_1_31' title="bbox 1536 1356 2520 1452; baseline 0.003 -26"><span class='ocrx_word' id='word_1_219' title='bbox 1536 1358 1606 1426; x_wconf 91' lang='lat' dir='ltr'><strong><em>diis</em></strong></span> <span class='ocrx_word' id='word_1_220' title='bbox 1620 1370 1654 1426; x_wconf 90' lang='lat' dir='ltr'><strong><em>et</em></strong></span> <span class='ocrx_word' id='word_1_221' title='bbox 1670 1356 1845 1449; x_wconf 89' lang='lat' dir='ltr'><strong><em>tyrocinio</em></strong></span> <span class='ocrx_word' id='word_1_222' title='bbox 1863 1357 1938 1426; x_wconf 89' lang='lat' dir='ltr'><strong><em>eius</em></strong></span> <span class='ocrx_word' id='word_1_223' title='bbox 1952 1357 2087 1443; x_wconf 90' lang='lat' dir='ltr'><strong><em>dicam,</em></strong></span> <span class='ocrx_word' id='word_1_224' title='bbox 2112 1359 2196 1452; x_wconf 90' lang='lat' dir='ltr'><strong><em>quia</em></strong></span> <span class='ocrx_word' id='word_1_225' title='bbox 2218 1381 2359 1428; x_wconf 87' lang='lat' dir='ltr'><strong><em>neccsse</em></strong></span> <span class='ocrx_word' id='word_1_226' title='bbox 2378 1372 2429 1429; x_wconf 89' lang='lat' dir='ltr'><strong><em>est</em></strong></span> <span class='ocrx_word' id='word_1_227' title='bbox 2453 1361 2520 1429; x_wconf 84' lang='lat' dir='ltr'><strong><em>do·</em></strong></span> 
     </span>
     <span class='ocr_line' id='line_1_32' title="bbox 1537 1457 2521 1554; baseline 0.001 -26"><span class='ocrx_word' id='word_1_228' title='bbox 1537 1457 1650 1531; x_wconf 86' lang='lat' dir='ltr'><strong><em>ctrina</em></strong></span> <span class='ocrx_word' id='word_1_229' title='bbox 1667 1459 1823 1528; x_wconf 79' lang='lat' dir='ltr'><strong><em>excultos</em></strong></span> <span class='ocrx_word' id='word_1_230' title='bbox 1839 1481 1913 1529; x_wconf 88' lang='lat' dir='ltr'><strong><em>esse</em></strong></span> <span class='ocrx_word' id='word_1_231' title='bbox 1927 1482 2005 1544; x_wconf 93' lang='lat' dir='ltr'><strong><em>eos,</em></strong></span> <span class='ocrx_word' id='word_1_232' title='bbox 2029 1460 2091 1554; x_wconf 93' lang='lat' dir='ltr'><strong><em>qui</em></strong></span> <span class='ocrx_word' id='word_1_233' title='bbox 2109 1460 2256 1530; x_wconf 88' lang='lat' dir='ltr'><strong><em>consilia</em></strong></span> <span class='ocrx_word' id='word_1_234' title='bbox 2279 1460 2319 1528; x_wconf 91' lang='lat' dir='ltr'><strong><em>in</em></strong></span> <span class='ocrx_word' id='word_1_235' title='bbox 2334 1460 2413 1529; x_wconf 87' lang='lat' dir='ltr'><strong><em>foro</em></strong></span> <span class='ocrx_word' id='word_1_236' title='bbox 2428 1473 2464 1530; x_wconf 91' lang='lat' dir='ltr'><strong><em>et</em></strong></span> <span class='ocrx_word' id='word_1_237' title='bbox 2480 1460 2521 1529; x_wconf 90' lang='lat' dir='ltr'><strong><em>in</em></strong></span> 
     </span>
     <span class='ocr_line' id='line_1_33' title="bbox 1537 1559 1867 1649; baseline 0.009 -19"><span class='ocrx_word' id='word_1_238' title='bbox 1537 1559 1636 1632; x_wconf 88' lang='lat' dir='ltr'><strong><em>curia</em></strong></span> <span class='ocrx_word' id='word_1_239' title='bbox 1656 1560 1867 1649; x_wconf 84' lang='lat' dir='ltr'><strong><em>gubernant.</em></strong></span> 
     </span>
    </p>

    <p class='ocr_par' dir='ltr' id='par_1_10' title="bbox 1538 1654 2529 3477">
     <span class='ocr_line' id='line_1_34' title="bbox 1638 1654 2520 1752; baseline 0.002 -23"><span class='ocrx_word' id='word_1_240' title='bbox 1638 1659 1749 1730; x_wconf 86' lang='lat' dir='ltr'><strong><em>Natus</em></strong></span> <span class='ocrx_word' id='word_1_241' title='bbox 1777 1675 1829 1731; x_wconf 92' lang='lat' dir='ltr'><strong><em>est</em></strong></span> <span class='ocrx_word' id='word_1_242' title='bbox 1853 1659 2050 1752; x_wconf 82' lang='lat' dir='ltr'><strong><em>Gregorius</em></strong></span> <span class='ocrx_word' id='word_1_243' title='bbox 2080 1660 2262 1732; x_wconf 88' lang='lat' dir='ltr'><strong><em>Pontanus</em></strong></span> <span class='ocrx_word' id='word_1_244' title='bbox 2292 1684 2333 1730; x_wconf 85' lang='lat' dir='ltr'><strong><em>ex</em></strong></span> <span class='ocrx_word' id='word_1_245' title='bbox 2360 1654 2520 1734; x_wconf 84' lang='lat' dir='ltr'><strong><em>honestis</em></strong></span> 
     </span>
     <span class='ocr_line' id='line_1_35' title="bbox 1539 1760 2520 1855; baseline -0.001 -23"><span class='ocrx_word' id='word_1_246' title='bbox 1539 1760 1742 1854; x_wconf 85' lang='lat' dir='ltr'><strong><em>parentibus</em></strong></span> <span class='ocrx_word' id='word_1_247' title='bbox 1765 1761 1804 1834; x_wconf 90' lang='lat' dir='ltr'><strong><em>iu</em></strong></span> <span class='ocrx_word' id='word_1_248' title='bbox 1835 1764 1968 1855; x_wconf 93' lang='lat' dir='ltr'><strong><em>oppido</em></strong></span> <span class='ocrx_word' id='word_1_249' title='bbox 1992 1764 2112 1834; x_wconf 88' lang='lat' dir='ltr'><strong><em>vicino</em></strong></span> <span class='ocrx_word' id='word_1_250' title='bbox 2134 1762 2386 1852; x_wconf 87' lang='lat' dir='ltr'><strong><em>Witebergse,</em></strong></span> <span class='ocrx_word' id='word_1_251' title='bbox 2418 1764 2476 1831; x_wconf 85' lang='lat' dir='ltr'><strong><em>cui</em></strong></span> <span class='ocrx_word' id='word_1_252' title='bbox 2500 1787 2520 1831; x_wconf 91' lang='lat' dir='ltr'><strong><em>a</em></strong></span> 
     </span>
     <span class='ocr_line' id='line_1_36' title="bbox 1538 1864 2522 1957; baseline -0.004 -21"><span class='ocrx_word' id='word_1_253' title='bbox 1538 1864 1650 1936; x_wconf 90' lang='lat' dir='ltr'><strong><em>Ponte</em></strong></span> <span class='ocrx_word' id='word_1_254' title='bbox 1674 1885 1805 1932; x_wconf 87' lang='lat' dir='ltr'><strong><em>nomen</em></strong></span> <span class='ocrx_word' id='word_1_255' title='bbox 1832 1878 1902 1950; x_wconf 90' lang='lat' dir='ltr'><strong><em>est,</em></strong></span> <span class='ocrx_word' id='word_1_256' title='bbox 1924 1866 1988 1936; x_wconf 91' lang='lat' dir='ltr'><strong><em>ubi</em></strong></span> <span class='ocrx_word' id='word_1_257' title='bbox 2016 1880 2051 1937; x_wconf 86' lang='lat' dir='ltr'><strong><em>ct</em></strong></span> <span class='ocrx_word' id='word_1_258' title='bbox 2072 1879 2171 1957; x_wconf 89' lang='lat' dir='ltr'><strong><em>pater</em></strong></span> <span class='ocrx_word' id='word_1_259' title='bbox 2200 1866 2262 1934; x_wconf 92' lang='lat' dir='ltr'><strong><em>diu</em></strong></span> <span class='ocrx_word' id='word_1_260' title='bbox 2291 1864 2522 1955; x_wconf 88' lang='lat' dir='ltr'><strong><em>praecipuum</em></strong></span> 
     </span>
     <span class='ocr_line' id='line_1_37' title="bbox 1539 1960 2522 2061; baseline 0.001 -27"><span class='ocrx_word' id='word_1_261' title='bbox 1539 1965 1779 2051; x_wconf 85' lang='lat' dir='ltr'><strong><em>magistratum</em></strong></span> <span class='ocrx_word' id='word_1_262' title='bbox 1803 1968 1924 2053; x_wconf 86' lang='lat' dir='ltr'><strong><em>gessit,</em></strong></span> <span class='ocrx_word' id='word_1_263' title='bbox 1958 1968 2020 2061; x_wconf 93' lang='lat' dir='ltr'><strong><em>qui</em></strong></span> <span class='ocrx_word' id='word_1_264' title='bbox 2042 1981 2163 2059; x_wconf 91' lang='lat' dir='ltr'><strong><em>postea</em></strong></span> <span class='ocrx_word' id='word_1_265' title='bbox 2189 1980 2306 2038; x_wconf 89' lang='lat' dir='ltr'><strong><em>tamen</em></strong></span> <span class='ocrx_word' id='word_1_266' title='bbox 2328 1988 2435 2035; x_wconf 83' lang='lat' dir='ltr'><strong><em>senex</em></strong></span> <span class='ocrx_word' id='word_1_267' title='bbox 2462 1960 2522 2036; x_wconf 86' lang='lat' dir='ltr'><strong><em>hic</em></strong></span> 
     </span>
     <span class='ocr_line' id='line_1_38' title="bbox 1539 2060 2523 2168; baseline -0.001 -33"><span class='ocrx_word' id='word_1_268' title='bbox 1539 2060 1699 2135; x_wconf 85' lang='lat' dir='ltr'><strong><em>habitare</em></strong></span> <span class='ocrx_word' id='word_1_269' title='bbox 1715 2067 1851 2151; x_wconf 90' lang='lat' dir='ltr'><strong><em>maluit,</em></strong></span> <span class='ocrx_word' id='word_1_270' title='bbox 1874 2084 1912 2140; x_wconf 93' lang='lat' dir='ltr'><strong><em>ut</em></strong></span> <span class='ocrx_word' id='word_1_271' title='bbox 1929 2083 2018 2139; x_wconf 88' lang='lat' dir='ltr'><strong><em>essct</em></strong></span> <span class='ocrx_word' id='word_1_272' title='bbox 2034 2070 2197 2139; x_wconf 90' lang='lat' dir='ltr'><strong><em>assiduus</em></strong></span> <span class='ocrx_word' id='word_1_273' title='bbox 2210 2061 2523 2168; x_wconf 79' lang='lat' dir='ltr'><strong><em>auditorLutheri,</em></strong></span> 
     </span>
     <span class='ocr_line' id='line_1_39' title="bbox 1539 2166 2521 2256; baseline 0.002 -21"><span class='ocrx_word' id='word_1_274' title='bbox 1539 2180 1574 2237; x_wconf 91' lang='lat' dir='ltr'><strong><em>et</em></strong></span> <span class='ocrx_word' id='word_1_275' title='bbox 1598 2167 1808 2256; x_wconf 88' lang='lat' dir='ltr'><strong><em>cogitatione</em></strong></span> <span class='ocrx_word' id='word_1_276' title='bbox 1830 2170 2054 2239; x_wconf 88' lang='lat' dir='ltr'><strong><em>dulcissimae</em></strong></span> <span class='ocrx_word' id='word_1_277' title='bbox 2079 2171 2263 2240; x_wconf 87' lang='lat' dir='ltr'><strong><em>doctrinae</em></strong></span> <span class='ocrx_word' id='word_1_278' title='bbox 2292 2173 2336 2239; x_wconf 92' lang='lat' dir='ltr'><strong><em>de</em></strong></span> <span class='ocrx_word' id='word_1_279' title='bbox 2357 2167 2429 2237; x_wconf 87' lang='lat' dir='ltr'><strong><em>lilio</em></strong></span> <span class='ocrx_word' id='word_1_280' title='bbox 2452 2166 2521 2238; x_wconf 89' lang='lat' dir='ltr'><strong><em>Dei</em></strong></span> 
     </span>
     <span class='ocr_line' id='line_1_40' title="bbox 1541 2269 2522 2355; baseline 0.004 -18"><span class='ocrx_word' id='word_1_281' title='bbox 1541 2291 1614 2338; x_wconf 91' lang='lat' dir='ltr'><strong><em>sese</em></strong></span> <span class='ocrx_word' id='word_1_282' title='bbox 1637 2269 1894 2355; x_wconf 80' lang='lat' dir='ltr'><strong><em>consolaretur,</em></strong></span> <span class='ocrx_word' id='word_1_283' title='bbox 1920 2284 1954 2342; x_wconf 89' lang='lat' dir='ltr'><strong><em>et</em></strong></span> <span class='ocrx_word' id='word_1_284' title='bbox 1980 2272 2024 2339; x_wconf 89' lang='lat' dir='ltr'><strong><em>ad</em></strong></span> <span class='ocrx_word' id='word_1_285' title='bbox 2051 2294 2172 2341; x_wconf 87' lang='lat' dir='ltr'><strong><em>veram</em></strong></span> <span class='ocrx_word' id='word_1_286' title='bbox 2202 2269 2463 2341; x_wconf 87' lang='lat' dir='ltr'><strong><em>invocationem</em></strong></span> <span class='ocrx_word' id='word_1_287' title='bbox 2485 2285 2522 2342; x_wconf 89' lang='lat' dir='ltr'><strong><em>et</em></strong></span> 
     </span>
     <span class='ocr_line' id='line_1_41' title="bbox 1541 2369 2522 2465; baseline 0.003 -26"><span class='ocrx_word' id='word_1_288' title='bbox 1541 2370 1812 2442; x_wconf 79' lang='lat' dir='ltr'><strong><em>celebrationem</em></strong></span> <span class='ocrx_word' id='word_1_289' title='bbox 1829 2371 1893 2442; x_wconf 89' lang='lat' dir='ltr'><strong><em>Dei</em></strong></span> <span class='ocrx_word' id='word_1_290' title='bbox 1908 2372 2122 2442; x_wconf 85' lang='lat' dir='ltr'><strong><em>accenderet.</em></strong></span> <span class='ocrx_word' id='word_1_291' title='bbox 2176 2369 2391 2465; x_wconf 86' lang='lat' dir='ltr'><strong><em>Quanquam</em></strong></span> <span class='ocrx_word' id='word_1_292' title='bbox 2413 2371 2522 2459; x_wconf 88' lang='lat' dir='ltr'><strong><em>igitur</em></strong></span> 
     </span>
     <span class='ocr_line' id='line_1_42' title="bbox 1541 2472 2522 2563; baseline 0.002 -24"><span class='ocrx_word' id='word_1_293' title='bbox 1541 2488 1574 2543; x_wconf 93' lang='lat' dir='ltr'><strong><em>et</em></strong></span> <span class='ocrx_word' id='word_1_294' title='bbox 1596 2485 1735 2542; x_wconf 89' lang='lat' dir='ltr'><strong><em>senecta</em></strong></span> <span class='ocrx_word' id='word_1_295' title='bbox 1762 2485 1796 2541; x_wconf 89' lang='lat' dir='ltr'><strong><em>et</em></strong></span> <span class='ocrx_word' id='word_1_296' title='bbox 1818 2472 1951 2542; x_wconf 88' lang='lat' dir='ltr'><strong><em>morbis</em></strong></span> <span class='ocrx_word' id='word_1_297' title='bbox 1974 2472 2251 2563; x_wconf 84' lang='lat' dir='ltr'><strong><em>impediebatur,</em></strong></span> <span class='ocrx_word' id='word_1_298' title='bbox 2279 2487 2396 2542; x_wconf 91' lang='lat' dir='ltr'><strong><em>tamen</em></strong></span> <span class='ocrx_word' id='word_1_299' title='bbox 2420 2496 2522 2563; x_wconf 86' lang='lat' dir='ltr'><strong><em>saepe</em></strong></span> 
     </span>
     <span class='ocr_line' id='line_1_43' title="bbox 1542 2568 2523 2662; baseline 0.002 -21"><span class='ocrx_word' id='word_1_300' title='bbox 1542 2568 1611 2643; x_wconf 90' lang='lat' dir='ltr'><strong><em>hoc</em></strong></span> <span class='ocrx_word' id='word_1_301' title='bbox 1644 2574 1789 2662; x_wconf 88' lang='lat' dir='ltr'><strong><em>longum</em></strong></span> <span class='ocrx_word' id='word_1_302' title='bbox 1812 2574 1881 2643; x_wconf 88' lang='lat' dir='ltr'><strong><em>iter</em></strong></span> <span class='ocrx_word' id='word_1_303' title='bbox 1902 2597 1922 2643; x_wconf 91' lang='lat' dir='ltr'><strong><em>a</em></strong></span> <span class='ocrx_word' id='word_1_304' title='bbox 1947 2574 2021 2642; x_wconf 91' lang='lat' dir='ltr'><strong><em>suis</em></strong></span> <span class='ocrx_word' id='word_1_305' title='bbox 2050 2574 2198 2644; x_wconf 90' lang='lat' dir='ltr'><strong><em>aedibus</em></strong></span> <span class='ocrx_word' id='word_1_306' title='bbox 2227 2576 2271 2642; x_wconf 92' lang='lat' dir='ltr'><strong><em>ad</em></strong></span> <span class='ocrx_word' id='word_1_307' title='bbox 2304 2573 2523 2644; x_wconf 85' lang='lat' dir='ltr'><strong><em>auditorium</em></strong></span> 
     </span>
     <span class='ocr_line' id='line_1_44' title="bbox 1541 2672 2524 2767; baseline 0.003 -24"><span class='ocrx_word' id='word_1_308' title='bbox 1541 2697 1653 2767; x_wconf 89' lang='lat' dir='ltr'><strong><em>usque</em></strong></span> <span class='ocrx_word' id='word_1_309' title='bbox 1677 2673 1869 2764; x_wconf 88' lang='lat' dir='ltr'><strong><em>cupiditate</em></strong></span> <span class='ocrx_word' id='word_1_310' title='bbox 1891 2674 2062 2746; x_wconf 91' lang='lat' dir='ltr'><strong><em>audiendi</em></strong></span> <span class='ocrx_word' id='word_1_311' title='bbox 2084 2672 2304 2745; x_wconf 86' lang='lat' dir='ltr'><strong><em>Psalmorum</em></strong></span> <span class='ocrx_word' id='word_1_312' title='bbox 2327 2676 2524 2746; x_wconf 90' lang='lat' dir='ltr'><strong><em>enarratio·</em></strong></span> 
     </span>
     <span class='ocr_line' id='line_1_45' title="bbox 1543 2774 2525 2865; baseline -0.001 -19"><span class='ocrx_word' id='word_1_313' title='bbox 1543 2799 1624 2846; x_wconf 90' lang='lat' dir='ltr'><strong><em>nem</em></strong></span> <span class='ocrx_word' id='word_1_314' title='bbox 1639 2775 1880 2846; x_wconf 91' lang='lat' dir='ltr'><strong><em>emetiebatur.</em></strong></span> <span class='ocrx_word' id='word_1_315' title='bbox 1934 2774 2029 2863; x_wconf 88' lang='lat' dir='ltr'><strong><em>Quia</em></strong></span> <span class='ocrx_word' id='word_1_316' title='bbox 2047 2797 2130 2844; x_wconf 85' lang='lat' dir='ltr'><strong><em>vero</em></strong></span> <span class='ocrx_word' id='word_1_317' title='bbox 2145 2777 2266 2865; x_wconf 86' lang='lat' dir='ltr'><strong><em>etipse</em></strong></span> <span class='ocrx_word' id='word_1_318' title='bbox 2290 2775 2430 2846; x_wconf 90' lang='lat' dir='ltr'><strong><em>iuvenis</em></strong></span> <span class='ocrx_word' id='word_1_319' title='bbox 2448 2800 2525 2845; x_wconf 77' lang='grc' dir='ltr'><strong><em>ωα-</em></strong></span> 
     </span>
     <span class='ocr_line' id='line_1_46' title="bbox 1544 2875 2527 2960; baseline 0 -13"><span class='ocrx_word' id='word_1_320' title='bbox 1544 2877 1712 2947; x_wconf 89' lang='lat' dir='ltr'><strong><em>diocriter</em></strong></span> <span class='ocrx_word' id='word_1_321' title='bbox 1725 2876 1897 2946; x_wconf 78' lang='lat' dir='ltr'><strong><em>didicerat</em></strong></span> <span class='ocrx_word' id='word_1_322' title='bbox 1913 2876 2015 2947; x_wconf 89' lang='lat' dir='ltr'><strong><em>initia</em></strong></span> <span class='ocrx_word' id='word_1_323' title='bbox 2034 2875 2287 2960; x_wconf 83' lang='lat' dir='ltr'><strong><em>doctrinarum,</em></strong></span> <span class='ocrx_word' id='word_1_324' title='bbox 2306 2878 2446 2947; x_wconf 87' lang='lat' dir='ltr'><strong><em>amabat</em></strong></span> <span class='ocrx_word' id='word_1_325' title='bbox 2459 2880 2527 2947; x_wconf 91' lang='lat' dir='ltr'><strong><em>do-</em></strong></span> 
     </span>
     <span class='ocr_line' id='line_1_47' title="bbox 1544 2973 2529 3066; baseline 0.001 -19"><span class='ocrx_word' id='word_1_326' title='bbox 1544 2979 1693 3061; x_wconf 91' lang='lat' dir='ltr'><strong><em>ctrinas,</em></strong></span> <span class='ocrx_word' id='word_1_327' title='bbox 1719 2993 1754 3049; x_wconf 88' lang='lat' dir='ltr'><strong><em>ct</em></strong></span> <span class='ocrx_word' id='word_1_328' title='bbox 1777 3002 1858 3047; x_wconf 89' lang='lat' dir='ltr'><strong><em>cum</em></strong></span> <span class='ocrx_word' id='word_1_329' title='bbox 1879 3001 1954 3045; x_wconf 89' lang='lat' dir='ltr'><strong><em>rem</em></strong></span> <span class='ocrx_word' id='word_1_330' title='bbox 1969 2977 2183 3047; x_wconf 78' lang='lat' dir='ltr'><strong><em>familiarem</em></strong></span> <span class='ocrx_word' id='word_1_331' title='bbox 2199 2978 2351 3066; x_wconf 85' lang='lat' dir='ltr'><strong><em>amplam</em></strong></span> <span class='ocrx_word' id='word_1_332' title='bbox 2368 2973 2529 3062; x_wconf 84' lang='lat' dir='ltr'><strong><em>haberet,</em></strong></span> 
     </span>
     <span class='ocr_line' id='line_1_48' title="bbox 1543 3075 2528 3162; baseline -0.001 -13"><span class='ocrx_word' id='word_1_333' title='bbox 1543 3080 1659 3149; x_wconf 89' lang='lat' dir='ltr'><strong><em>tribus</em></strong></span> <span class='ocrx_word' id='word_1_334' title='bbox 1681 3080 1764 3148; x_wconf 89' lang='lat' dir='ltr'><strong><em>liliis</em></strong></span> <span class='ocrx_word' id='word_1_335' title='bbox 1786 3081 1902 3149; x_wconf 90' lang='lat' dir='ltr'><strong><em>studia</em></strong></span> <span class='ocrx_word' id='word_1_336' title='bbox 1926 3075 2126 3162; x_wconf 91' lang='lat' dir='ltr'><strong><em>distribuit,</em></strong></span> <span class='ocrx_word' id='word_1_337' title='bbox 2152 3078 2199 3147; x_wconf 92' lang='lat' dir='ltr'><strong><em>ita</em></strong></span> <span class='ocrx_word' id='word_1_338' title='bbox 2225 3089 2262 3146; x_wconf 91' lang='lat' dir='ltr'><strong><em>ut</em></strong></span> <span class='ocrx_word' id='word_1_339' title='bbox 2286 3101 2397 3147; x_wconf 90' lang='lat' dir='ltr'><strong><em>unum</em></strong></span> <span class='ocrx_word' id='word_1_340' title='bbox 2418 3080 2528 3149; x_wconf 90' lang='lat' dir='ltr'><strong><em>vellet</em></strong></span> 
     </span>
     <span class='ocr_line' id='line_1_49' title="bbox 1545 3176 2529 3272; baseline -0.001 -23"><span class='ocrx_word' id='word_1_341' title='bbox 1545 3183 1732 3272; x_wconf 89' lang='lat' dir='ltr'><strong><em>procedere</em></strong></span> <span class='ocrx_word' id='word_1_342' title='bbox 1749 3182 1788 3249; x_wconf 91' lang='lat' dir='ltr'><strong><em>in</em></strong></span> <span class='ocrx_word' id='word_1_343' title='bbox 1801 3181 1961 3252; x_wconf 89' lang='lat' dir='ltr'><strong><em>doctrina</em></strong></span> <span class='ocrx_word' id='word_1_344' title='bbox 1973 3176 2162 3263; x_wconf 86' lang='lat' dir='ltr'><strong><em>Ecclesiae,</em></strong></span> <span class='ocrx_word' id='word_1_345' title='bbox 2177 3180 2372 3248; x_wconf 86' lang='lat' dir='ltr'><strong><em>secuudum</em></strong></span> <span class='ocrx_word' id='word_1_346' title='bbox 2386 3180 2426 3247; x_wconf 93' lang='lat' dir='ltr'><strong><em>in</em></strong></span> <span class='ocrx_word' id='word_1_347' title='bbox 2439 3179 2529 3263; x_wconf 86' lang='lat' dir='ltr'><strong><em>iure,</em></strong></span> 
     </span>
     <span class='ocr_line' id='line_1_50' title="bbox 1544 3279 2529 3356; baseline -0.003 -2"><span class='ocrx_word' id='word_1_348' title='bbox 1544 3282 1689 3354; x_wconf 88' lang='lat' dir='ltr'><strong><em>tertium</em></strong></span> <span class='ocrx_word' id='word_1_349' title='bbox 1713 3283 1849 3356; x_wconf 84' lang='lat' dir='ltr'><strong><em>inacte</em></strong></span> <span class='ocrx_word' id='word_1_350' title='bbox 1873 3282 2020 3353; x_wconf 87' lang='lat' dir='ltr'><strong><em>medica.</em></strong></span> <span class='ocrx_word' id='word_1_351' title='bbox 2070 3279 2212 3350; x_wconf 89' lang='lat' dir='ltr'><strong><em>Horum</em></strong></span> <span class='ocrx_word' id='word_1_352' title='bbox 2234 3280 2529 3351; x_wconf 86' lang='lat' dir='ltr'><strong><em>filiorumstudia</em></strong></span> 
     </span>
     <span class='ocr_line' id='line_1_51' title="bbox 1545 3383 2528 3477; baseline -0.002 -23"><span class='ocrx_word' id='word_1_353' title='bbox 1545 3384 1753 3477; x_wconf 89' lang='lat' dir='ltr'><strong><em>aliquandiu</em></strong></span> <span class='ocrx_word' id='word_1_354' title='bbox 1783 3385 1860 3456; x_wconf 88' lang='lat' dir='ltr'><strong><em>seui</em></strong></span> <span class='ocrx_word' id='word_1_355' title='bbox 1890 3383 2064 3476; x_wconf 88' lang='lat' dir='ltr'><strong><em>voluptati</em></strong></span> <span class='ocrx_word' id='word_1_356' title='bbox 2094 3383 2258 3461; x_wconf 89' lang='lat' dir='ltr'><strong><em>suerunt,</em></strong></span> <span class='ocrx_word' id='word_1_357' title='bbox 2299 3383 2359 3453; x_wconf 91' lang='lat' dir='ltr'><strong><em>sed</em></strong></span> <span class='ocrx_word' id='word_1_358' title='bbox 2390 3384 2528 3457; x_wconf 88' lang='lat' dir='ltr'><strong><em>duobus</em></strong></span> 
     </span>
    </p>
   </div>
   <div class='ocr_carea' id='block_1_10' title="bbox 410 3474 2539 5708">
    <p class='ocr_par' dir='ltr' id='par_1_11' title="bbox 410 3474 2532 4603">
     <span class='ocr_line' id='line_1_52' title="bbox 509 3474 2525 3586; baseline -0.014 -24"><span class='ocrx_word' id='word_1_359' title='bbox 509 3504 716 3586; x_wconf 87' lang='lat' dir='ltr'><strong><em>gumentum</em></strong></span> <span class='ocrx_word' id='word_1_360' title='bbox 731 3486 843 3578; x_wconf 91' lang='lat' dir='ltr'><strong><em>ipsius</em></strong></span> <span class='ocrx_word' id='word_1_361' title='bbox 859 3479 1027 3552; x_wconf 86' lang='lat' dir='ltr'><strong><em>historiae</em></strong></span> <span class='ocrx_word' id='word_1_362' title='bbox 1041 3478 1307 3549; x_wconf 81' lang='lat' dir='ltr'><strong><em>anteferendum</em></strong></span> <span class='ocrx_word' id='word_1_363' title='bbox 1325 3499 1397 3544; x_wconf 90' lang='lat' dir='ltr'><strong><em>esse</em></strong></span> <span class='ocrx_word' id='word_1_364' title='bbox 1413 3494 1496 3540; x_wconf 90' lang='lat' dir='ltr'><strong><em>cen·</em></strong></span> <span class='ocrx_word' id='word_1_365' title='bbox 1545 3474 1733 3569; x_wconf 59' lang='lat' dir='ltr'><strong>,uinctis‚&#39;</strong></span> <span class='ocrx_word' id='word_1_366' title='bbox 1749 3485 1964 3577; x_wconf 41' lang='lat' dir='ltr'>Gregoriu„</span> <span class='ocrx_word' id='word_1_367' title='bbox 1989 3485 2050 3578; x_wconf 70' lang='lat' dir='ltr'><strong><em>qui</em></strong></span> <span class='ocrx_word' id='word_1_368' title='bbox 2066 3485 2122 3555; x_wconf 68' lang='lat' dir='ltr'><strong><em>iu,</em></strong></span> <span class='ocrx_word' id='word_1_369' title='bbox 2139 3484 2244 3553; x_wconf 60' lang='lat' dir='ltr'><strong><em>civile</em></strong></span> <span class='ocrx_word' id='word_1_370' title='bbox 2265 3483 2440 3569; x_wconf 54' lang='lat' dir='ltr'><strong><em>distem,</em></strong></span> <span class='ocrx_word' id='word_1_371' title='bbox 2456 3494 2525 3553; x_wconf 64' lang='lat' dir='ltr'><strong><em>gu.</em></strong></span> 
     </span>
     <span class='ocr_line' id='line_1_53' title="bbox 508 3577 2530 3678; baseline -0.014 -12"><span class='ocrx_word' id='word_1_372' title='bbox 508 3596 575 3667; x_wconf 74' lang='lat' dir='ltr'><strong><em>sui.</em></strong></span> <span class='ocrx_word' id='word_1_373' title='bbox 628 3588 780 3660; x_wconf 66' lang='lat' dir='ltr'>PFOdCSt</span> <span class='ocrx_word' id='word_1_374' title='bbox 795 3584 891 3654; x_wconf 76' lang='lat' dir='ltr'><strong><em>enim</em></strong></span> <span class='ocrx_word' id='word_1_375' title='bbox 904 3578 1058 3675; x_wconf 68' lang='lat' dir='ltr'><strong><em>publice,</em></strong></span> <span class='ocrx_word' id='word_1_376' title='bbox 1081 3579 1266 3659; x_wconf 55' lang='lat' dir='ltr'><strong><em>imiimi,</em></strong></span> <span class='ocrx_word' id='word_1_377' title='bbox 1291 3577 1392 3644; x_wconf 78' lang='lat' dir='ltr'><strong><em>cuius</em></strong></span> <span class='ocrx_word' id='word_1_378' title='bbox 1408 3597 1495 3641; x_wconf 75' lang='lat' dir='ltr'>COR·</span> <span class='ocrx_word' id='word_1_379' title='bbox 1546 3601 1677 3678; x_wconf 54' lang='lat' dir='ltr'><strong><em>persnas</em></strong></span> <span class='ocrx_word' id='word_1_380' title='bbox 1702 3587 1780 3660; x_wconf 56' lang='lat' dir='ltr'><strong><em>suit·</em></strong></span> <span class='ocrx_word' id='word_1_381' title='bbox 1832 3587 1900 3659; x_wconf 69' lang='lat' dir='ltr'><strong><em>Hic</em></strong></span> <span class='ocrx_word' id='word_1_382' title='bbox 1923 3587 2078 3677; x_wconf 71' lang='lat' dir='ltr'><strong><em>primum</em></strong></span> <span class='ocrx_word' id='word_1_383' title='bbox 2099 3586 2138 3653; x_wconf 81' lang='lat' dir='ltr'><strong><em>lss</em></strong></span> <span class='ocrx_word' id='word_1_384' title='bbox 2159 3580 2351 3654; x_wconf 56' lang='lat' dir='ltr'><strong><em>Academia</em></strong></span> <span class='ocrx_word' id='word_1_385' title='bbox 2373 3583 2530 3656; x_wconf 72' lang='lat' dir='ltr'><strong><em>leco·</em></strong></span> 
     </span>
     <span class='ocr_line' id='line_1_54' title="bbox 509 3673 2529 3779; baseline -0.007 -9"><span class='ocrx_word' id='word_1_386' title='bbox 509 3697 594 3769; x_wconf 87' lang='lat' dir='ltr'><strong><em>silio</em></strong></span> <span class='ocrx_word' id='word_1_387' title='bbox 612 3688 876 3768; x_wconf 53' lang='lat' dir='ltr'><strong><em>rosmarinum</em></strong></span> <span class='ocrx_word' id='word_1_388' title='bbox 899 3681 1042 3779; x_wconf 67' lang='lat' dir='ltr'><strong><em>qutelss</em></strong></span> <span class='ocrx_word' id='word_1_389' title='bbox 1066 3691 1223 3747; x_wconf 65' lang='lat' dir='ltr'><strong><em>¹¹⁰³lr³m</em></strong></span> <span class='ocrx_word' id='word_1_390' title='bbox 1241 3673 1496 3745; x_wconf 62' lang='grc' dir='ltr'><strong><em>θθῑὸῑθῐῦἱῦΰῖ·</em></strong></span> <span class='ocrx_word' id='word_1_391' title='bbox 1545 3688 1708 3756; x_wconf 85' lang='lat' dir='ltr'><strong><em>fordiana</em></strong></span> <span class='ocrx_word' id='word_1_392' title='bbox 1740 3689 1856 3755; x_wconf 90' lang='lat' dir='ltr'><strong><em>virum</em></strong></span> <span class='ocrx_word' id='word_1_393' title='bbox 1892 3688 2117 3756; x_wconf 87' lang='lat' dir='ltr'><strong><em>excellentem</em></strong></span> <span class='ocrx_word' id='word_1_394' title='bbox 2153 3687 2355 3757; x_wconf 90' lang='lat' dir='ltr'><strong><em>eruditione</em></strong></span> <span class='ocrx_word' id='word_1_395' title='bbox 2389 3701 2423 3761; x_wconf 86' lang='lat' dir='ltr'><strong><em>et</em></strong></span> <span class='ocrx_word' id='word_1_396' title='bbox 2456 3688 2529 3757; x_wconf 78' lang='lat' dir='ltr'><strong><em>elo-</em></strong></span> 
     </span>
     <span class='ocr_line' id='line_1_55' title="bbox 507 3769 2529 3881; baseline -0.012 2"><span class='ocrx_word' id='word_1_397' title='bbox 507 3803 659 3880; x_wconf 67' lang='lat' dir='ltr'><strong><em>dssfflssls</em></strong></span> <span class='ocrx_word' id='word_1_398' title='bbox 685 3793 1018 3881; x_wconf 57' lang='lat' dir='ltr'><strong><em>Bubtfflalaefflflls</em></strong></span> <span class='ocrx_word' id='word_1_399' title='bbox 1045 3778 1201 3869; x_wconf 63' lang='grc' dir='ltr'><strong>θῑθωΡῙὸ</strong></span> <span class='ocrx_word' id='word_1_400' title='bbox 1218 3791 1301 3846; x_wconf 66' lang='grc' dir='ltr'><strong><em>Πθίθ</em></strong></span> <span class='ocrx_word' id='word_1_401' title='bbox 1317 3797 1403 3846; x_wconf 70' lang='lat'><strong>²⁵⁵⁸·</strong></span> <span class='ocrx_word' id='word_1_402' title='bbox 1448 3769 1496 3842; x_wconf 73' lang='lat' dir='ltr'><strong><em>Ei</em></strong></span> <span class='ocrx_word' id='word_1_403' title='bbox 1547 3787 1690 3879; x_wconf 88' lang='lat' dir='ltr'><strong><em>quentia</em></strong></span> <span class='ocrx_word' id='word_1_404' title='bbox 1713 3786 1903 3859; x_wconf 83' lang='lat' dir='ltr'><strong><em>Ductorem</em></strong></span> <span class='ocrx_word' id='word_1_405' title='bbox 1926 3785 2223 3875; x_wconf 88' lang='lat' dir='ltr'><strong><em>Plankebergium</em></strong></span> <span class='ocrx_word' id='word_1_406' title='bbox 2257 3789 2415 3873; x_wconf 85' lang='lat' dir='ltr'><strong><em>audivit,</em></strong></span> <span class='ocrx_word' id='word_1_407' title='bbox 2458 3813 2529 3880; x_wconf 92' lang='lat' dir='ltr'><strong><em>quo</em></strong></span> 
     </span>
     <span class='ocr_line' id='line_1_56' title="bbox 512 3871 2530 3977; baseline -0.008 -3"><span class='ocrx_word' id='word_1_408' title='bbox 512 3923 593 3972; x_wconf 87' lang='lat' dir='ltr'><strong><em>cum</em></strong></span> <span class='ocrx_word' id='word_1_409' title='bbox 615 3919 691 3967; x_wconf 78' lang='lat' dir='ltr'><strong><em>non</em></strong></span> <span class='ocrx_word' id='word_1_410' title='bbox 717 3893 831 3962; x_wconf 68' lang='lat' dir='ltr'><strong><em>tolum</em></strong></span> <span class='ocrx_word' id='word_1_411' title='bbox 852 3883 959 3955; x_wconf 67' lang='lat' dir='ltr'><strong><em>h⁰l¹¹⁸</em></strong></span> <span class='ocrx_word' id='word_1_412' title='bbox 981 3881 1126 3971; x_wconf 67' lang='lat' dir='ltr'><strong><em>0l’l‘lffls</em></strong></span> <span class='ocrx_word' id='word_1_413' title='bbox 1149 3879 1360 3948; x_wconf 63' lang='lat' dir='ltr'><strong><em>Actdflmfte</em></strong></span> <span class='ocrx_word' id='word_1_414' title='bbox 1376 3887 1409 3944; x_wconf 68' lang='grc' dir='ltr'><strong><em>θῑ</em></strong></span> <span class='ocrx_word' id='word_1_415' title='bbox 1426 3871 1496 3944; x_wconf 63' lang='lat' dir='ltr'><strong><em>Ec·</em></strong></span> <span class='ocrx_word' id='word_1_416' title='bbox 1548 3903 1724 3977; x_wconf 89' lang='lat' dir='ltr'><strong><em>tempore,</em></strong></span> <span class='ocrx_word' id='word_1_417' title='bbox 1749 3912 1830 3961; x_wconf 90' lang='lat' dir='ltr'><strong><em>cum</em></strong></span> <span class='ocrx_word' id='word_1_418' title='bbox 1851 3887 2122 3961; x_wconf 83' lang='lat' dir='ltr'><strong><em>Francoiordiae</em></strong></span> <span class='ocrx_word' id='word_1_419' title='bbox 2137 3890 2330 3959; x_wconf 87' lang='lat' dir='ltr'><strong><em>mediocria</em></strong></span> <span class='ocrx_word' id='word_1_420' title='bbox 2343 3888 2457 3958; x_wconf 88' lang='lat' dir='ltr'><strong><em>studia</em></strong></span> <span class='ocrx_word' id='word_1_421' title='bbox 2474 3910 2530 3958; x_wconf 83' lang='lat' dir='ltr'><strong><em>cs·</em></strong></span> 
     </span>
     <span class='ocr_line' id='line_1_57' title="bbox 509 3969 2530 4084; baseline -0.02 -11"><span class='ocrx_word' id='word_1_422' title='bbox 509 3988 882 4073; x_wconf 86' lang='lat' dir='ltr'><strong><em>clesiaeeivisfuerit,</em></strong></span> <span class='ocrx_word' id='word_1_423' title='bbox 903 3983 1087 4054; x_wconf 89' lang='lat' dir='ltr'><strong><em>sedetiam</em></strong></span> <span class='ocrx_word' id='word_1_424' title='bbox 1104 3981 1214 4051; x_wconf 90' lang='lat' dir='ltr'><strong><em>multa</em></strong></span> <span class='ocrx_word' id='word_1_425' title='bbox 1231 3976 1399 4048; x_wconf 85' lang='lat' dir='ltr'><strong><em>beneficia</em></strong></span> <span class='ocrx_word' id='word_1_426' title='bbox 1413 3969 1498 4043; x_wconf 88' lang='lat' dir='ltr'><strong><em>huic</em></strong></span> <span class='ocrx_word' id='word_1_427' title='bbox 1547 4004 1626 4061; x_wconf 57' lang='lat'><strong><em>,0112</em></strong></span> <span class='ocrx_word' id='word_1_428' title='bbox 1643 3982 1960 4079; x_wconf 58' lang='lat' dir='ltr'><strong><em>tinguaefflfinae&#39;‚</em></strong></span> <span class='ocrx_word' id='word_1_429' title='bbox 1994 3991 2069 4080; x_wconf 62' lang='lat' dir='ltr'><strong><em>ip„</em></strong></span> <span class='ocrx_word' id='word_1_430' title='bbox 2090 4015 2232 4084; x_wconf 61' lang='lat' dir='ltr'><strong><em>quoque</em></strong></span> <span class='ocrx_word' id='word_1_431' title='bbox 2254 3995 2295 4061; x_wconf 62' lang='lat' dir='ltr'><strong><em>,d</em></strong></span> <span class='ocrx_word' id='word_1_432' title='bbox 2320 3986 2405 4059; x_wconf 58' lang='grc' dir='ltr'><strong><em>ἰωὴ</em></strong></span> <span class='ocrx_word' id='word_1_433' title='bbox 2425 3986 2530 4059; x_wconf 59' lang='lat' dir='ltr'><strong><em>iniq,</em></strong></span> 
     </span>
     <span class='ocr_line' id='line_1_58' title="bbox 509 4079 2529 4195; baseline -0.013 -11"><span class='ocrx_word' id='word_1_434' title='bbox 509 4103 664 4195; x_wconf 70' lang='lat' dir='ltr'><strong><em>oppid⁰s</em></strong></span> <span class='ocrx_word' id='word_1_435' title='bbox 688 4086 899 4165; x_wconf 68' lang='lat' dir='ltr'><strong><em>A⁰³d0ml³²</em></strong></span> <span class='ocrx_word' id='word_1_436' title='bbox 915 4099 950 4157; x_wconf 65' lang='lat' dir='ltr'><strong><em>‘l</em></strong></span> <span class='ocrx_word' id='word_1_437' title='bbox 964 4082 1141 4155; x_wconf 59' lang='lat' dir='ltr'><strong><em>Ecclffiiae</em></strong></span> <span class='ocrx_word' id='word_1_438' title='bbox 1155 4081 1339 4164; x_wconf 88' lang='lat' dir='ltr'><strong><em>tribuerit,</em></strong></span> <span class='ocrx_word' id='word_1_439' title='bbox 1365 4079 1497 4148; x_wconf 53' lang='lat' dir='ltr'><strong><em>lustum</em></strong></span> <span class='ocrx_word' id='word_1_440' title='bbox 1548 4091 1708 4161; x_wconf 81' lang='lat' dir='ltr'><strong><em>adiunxit</em></strong></span> <span class='ocrx_word' id='word_1_441' title='bbox 1723 4093 1884 4165; x_wconf 80' lang='lat' dir='ltr'><strong><em>exercitia</em></strong></span> <span class='ocrx_word' id='word_1_442' title='bbox 1898 4093 1993 4184; x_wconf 87' lang='lat' dir='ltr'><strong><em>styli,</em></strong></span> <span class='ocrx_word' id='word_1_443' title='bbox 2015 4082 2312 4182; x_wconf 49' lang='lat' dir='ltr'><strong><em>scripsit&#39;carmcn</em></strong></span> <span class='ocrx_word' id='word_1_444' title='bbox 2326 4101 2359 4159; x_wconf 87' lang='lat' dir='ltr'><strong><em>et</em></strong></span> <span class='ocrx_word' id='word_1_445' title='bbox 2374 4088 2529 4159; x_wconf 81' lang='lat' dir='ltr'><strong><em>solutam</em></strong></span> 
     </span>
     <span class='ocr_line' id='line_1_59' title="bbox 511 4180 2532 4291; baseline -0.008 -16"><span class='ocrx_word' id='word_1_446' title='bbox 511 4220 580 4290; x_wconf 89' lang='lat' dir='ltr'><strong><em>cst,</em></strong></span> <span class='ocrx_word' id='word_1_447' title='bbox 607 4210 741 4291; x_wconf 88' lang='lat' dir='ltr'><strong><em>gratam</em></strong></span> <span class='ocrx_word' id='word_1_448' title='bbox 756 4192 801 4258; x_wconf 92' lang='lat' dir='ltr'><strong><em>de</em></strong></span> <span class='ocrx_word' id='word_1_449' title='bbox 822 4188 899 4280; x_wconf 90' lang='lat' dir='ltr'><strong><em>ipso</em></strong></span> <span class='ocrx_word' id='word_1_450' title='bbox 917 4185 1285 4258; x_wconf 87' lang='lat' dir='ltr'><strong><em>commemorationem</em></strong></span> <span class='ocrx_word' id='word_1_451' title='bbox 1307 4180 1448 4272; x_wconf 64' lang='lat' dir='ltr'><strong><em>publice</em></strong></span> <span class='ocrx_word' id='word_1_452' title='bbox 1464 4192 1500 4248; x_wconf 69' lang='lat' dir='ltr'><strong><em>fil</em></strong></span> <span class='ocrx_word' id='word_1_453' title='bbox 1549 4193 1765 4277; x_wconf 87' lang='lat' dir='ltr'><strong><em>orationem,</em></strong></span> <span class='ocrx_word' id='word_1_454' title='bbox 1791 4194 1873 4284; x_wconf 90' lang='lat' dir='ltr'><strong><em>quia</em></strong></span> <span class='ocrx_word' id='word_1_455' title='bbox 1897 4206 2024 4262; x_wconf 90' lang='lat' dir='ltr'><strong><em>natura</em></strong></span> <span class='ocrx_word' id='word_1_456' title='bbox 2044 4196 2089 4263; x_wconf 91' lang='lat' dir='ltr'><strong><em>ad</em></strong></span> <span class='ocrx_word' id='word_1_457' title='bbox 2108 4190 2342 4285; x_wconf 82' lang='lat' dir='ltr'><strong><em>eloquentiam</em></strong></span> <span class='ocrx_word' id='word_1_458' title='bbox 2358 4190 2532 4283; x_wconf 83' lang='lat' dir='ltr'><strong><em>etsplen·</em></strong></span> 
     </span>
     <span class='ocr_line' id='line_1_60' title="bbox 511 4279 2532 4401; baseline -0.01 -20"><span class='ocrx_word' id='word_1_459' title='bbox 511 4302 677 4401; x_wconf 71' lang='lat' dir='ltr'><strong><em>privatim</em></strong></span> <span class='ocrx_word' id='word_1_460' title='bbox 699 4297 822 4363; x_wconf 59' lang='lat' dir='ltr'><strong>facere·</strong></span> <span class='ocrx_word' id='word_1_461' title='bbox 873 4287 1035 4382; x_wconf 62' lang='lat' dir='ltr'><strong><em>Cumque</em></strong></span> <span class='ocrx_word' id='word_1_462' title='bbox 1061 4287 1234 4375; x_wconf 67' lang='lat' dir='ltr'><strong><em>⁸5⁰8¹¹¹²fl</em></strong></span> <span class='ocrx_word' id='word_1_463' title='bbox 1256 4279 1498 4355; x_wconf 68' lang='lat' dir='ltr'><strong><em>b0⁰⁸V0lfflll³</em></strong></span> <span class='ocrx_word' id='word_1_464' title='bbox 1541 4296 1670 4363; x_wconf 88' lang='lat' dir='ltr'><strong><em>dorem</em></strong></span> <span class='ocrx_word' id='word_1_465' title='bbox 1694 4293 1730 4360; x_wconf 93' lang='lat' dir='ltr'><strong><em>in</em></strong></span> <span class='ocrx_word' id='word_1_466' title='bbox 1752 4294 1903 4363; x_wconf 90' lang='lat' dir='ltr'><strong><em>dicendo</em></strong></span> <span class='ocrx_word' id='word_1_467' title='bbox 1927 4294 2089 4379; x_wconf 87' lang='lat' dir='ltr'><strong><em>incitata,</em></strong></span> <span class='ocrx_word' id='word_1_468' title='bbox 2115 4293 2264 4365; x_wconf 87' lang='lat' dir='ltr'><strong><em>lectione</em></strong></span> <span class='ocrx_word' id='word_1_469' title='bbox 2282 4302 2317 4360; x_wconf 90' lang='lat' dir='ltr'><strong><em>et</em></strong></span> <span class='ocrx_word' id='word_1_470' title='bbox 2332 4290 2532 4361; x_wconf 86' lang='lat' dir='ltr'><strong><em>imitatione</em></strong></span> 
     </span>
     <span class='ocr_line' id='line_1_61' title="bbox 410 4380 2531 4489; baseline -0.007 -9"><span class='ocrx_word' id='word_1_471' title='bbox 410 4474 414 4489; x_wconf 75' lang='lat'><strong><em>,</em></strong></span> <span class='ocrx_word' id='word_1_472' title='bbox 509 4408 645 4477; x_wconf 90' lang='lat' dir='ltr'><strong><em>multos</em></strong></span> <span class='ocrx_word' id='word_1_473' title='bbox 660 4420 700 4466; x_wconf 84' lang='lat' dir='ltr'><strong><em>ex</em></strong></span> <span class='ocrx_word' id='word_1_474' title='bbox 716 4394 822 4465; x_wconf 91' lang='lat' dir='ltr'><strong><em>nobis</em></strong></span> <span class='ocrx_word' id='word_1_475' title='bbox 837 4392 1000 4485; x_wconf 88' lang='lat' dir='ltr'><strong><em>privatim</em></strong></span> <span class='ocrx_word' id='word_1_476' title='bbox 1015 4390 1217 4479; x_wconf 74' lang='lat' dir='ltr'><strong><em>complexus</em></strong></span> <span class='ocrx_word' id='word_1_477' title='bbox 1236 4388 1300 4468; x_wconf 70' lang='lat' dir='ltr'><strong><em>sil,</em></strong></span> <span class='ocrx_word' id='word_1_478' title='bbox 1326 4380 1393 4452; x_wconf 67' lang='lat' dir='ltr'><strong><em>hoc</em></strong></span> <span class='ocrx_word' id='word_1_479' title='bbox 1407 4405 1498 4474; x_wconf 78' lang='lat'>‘1¹¹⁰&#39;</span> <span class='ocrx_word' id='word_1_480' title='bbox 1551 4394 1733 4462; x_wconf 87' lang='lat' dir='ltr'><strong><em>Ciceronis</em></strong></span> <span class='ocrx_word' id='word_1_481' title='bbox 1758 4409 1793 4465; x_wconf 91' lang='lat' dir='ltr'><strong><em>et</em></strong></span> <span class='ocrx_word' id='word_1_482' title='bbox 1813 4395 1955 4485; x_wconf 86' lang='lat' dir='ltr'><strong><em>Virgilii</em></strong></span> <span class='ocrx_word' id='word_1_483' title='bbox 1977 4396 2224 4465; x_wconf 82' lang='lat' dir='ltr'><strong><em>delectabatur.</em></strong></span> <span class='ocrx_word' id='word_1_484' title='bbox 2285 4390 2401 4462; x_wconf 83' lang='lat' dir='ltr'><strong><em>Senex</em></strong></span> <span class='ocrx_word' id='word_1_485' title='bbox 2425 4393 2531 4465; x_wconf 85' lang='lat' dir='ltr'><strong><em>ctiam</em></strong></span> 
     </span>
     <span class='ocr_line' id='line_1_62' title="bbox 508 4489 2532 4603; baseline -0.002 -36"><span class='ocrx_word' id='word_1_486' title='bbox 508 4530 578 4603; x_wconf 71' lang='lat' dir='ltr'><strong><em>que</em></strong></span> <span class='ocrx_word' id='word_1_487' title='bbox 604 4506 718 4585; x_wconf 87' lang='lat' dir='ltr'><strong><em>decet,</em></strong></span> <span class='ocrx_word' id='word_1_488' title='bbox 740 4496 993 4588; x_wconf 81' lang='lat' dir='ltr'><strong><em>gratitudinem</em></strong></span> <span class='ocrx_word' id='word_1_489' title='bbox 1011 4490 1167 4560; x_wconf 78' lang='lat' dir='ltr'><strong><em>suoloco</em></strong></span> <span class='ocrx_word' id='word_1_490' title='bbox 1187 4489 1384 4558; x_wconf 68' lang='lat' dir='ltr'><strong><em>ostendere·</em></strong></span> <span class='ocrx_word' id='word_1_491' title='bbox 1551 4495 1706 4578; x_wconf 88' lang='lat' dir='ltr'><strong><em>dicebat,</em></strong></span> <span class='ocrx_word' id='word_1_492' title='bbox 1744 4521 1780 4564; x_wconf 92' lang='lat' dir='ltr'><strong><em>se</em></strong></span> <span class='ocrx_word' id='word_1_493' title='bbox 1809 4497 1992 4569; x_wconf 89' lang='lat' dir='ltr'><strong><em>interdum</em></strong></span> <span class='ocrx_word' id='word_1_494' title='bbox 2017 4492 2156 4582; x_wconf 82' lang='lat' dir='ltr'><strong><em>Virgilii</em></strong></span> <span class='ocrx_word' id='word_1_495' title='bbox 2183 4515 2327 4562; x_wconf 90' lang='lat' dir='ltr'><strong><em>carmen</em></strong></span> <span class='ocrx_word' id='word_1_496' title='bbox 2357 4494 2532 4583; x_wconf 88' lang='lat' dir='ltr'><strong><em>legentem</em></strong></span> 
     </span>
    </p>

    <p class='ocr_par' dir='ltr' id='par_1_12' title="bbox 495 4590 2539 5708">
     <span class='ocr_line' id='line_1_63' title="bbox 613 4590 2532 4709; baseline -0.013 -21"><span class='ocrx_word' id='word_1_497' title='bbox 613 4615 689 4709; x_wconf 79' lang='lat' dir='ltr'><strong><em>Ego</em></strong></span> <span class='ocrx_word' id='word_1_498' title='bbox 704 4641 803 4690; x_wconf 91' lang='lat' dir='ltr'><strong><em>nunc</em></strong></span> <span class='ocrx_word' id='word_1_499' title='bbox 817 4611 1002 4684; x_wconf 86' lang='lat' dir='ltr'><strong><em>historiam</em></strong></span> <span class='ocrx_word' id='word_1_500' title='bbox 1019 4609 1096 4679; x_wconf 91' lang='lat' dir='ltr'><strong><em>eius</em></strong></span> <span class='ocrx_word' id='word_1_501' title='bbox 1118 4605 1292 4689; x_wconf 90' lang='lat' dir='ltr'><strong><em>recitabo,</em></strong></span> <span class='ocrx_word' id='word_1_502' title='bbox 1316 4608 1423 4693; x_wconf 84' lang='lat' dir='ltr'><strong><em>quam</em></strong></span> <span class='ocrx_word' id='word_1_503' title='bbox 1440 4622 1500 4667; x_wconf 81' lang='lat' dir='ltr'><strong><em>ex·</em></strong></span> <span class='ocrx_word' id='word_1_504' title='bbox 1551 4621 1625 4665; x_wconf 81' lang='lat' dir='ltr'><strong><em>cion</em></strong></span> <span class='ocrx_word' id='word_1_505' title='bbox 1641 4598 1717 4667; x_wconf 89' lang='lat' dir='ltr'><strong><em>sine</em></strong></span> <span class='ocrx_word' id='word_1_506' title='bbox 1735 4599 1915 4690; x_wconf 85' lang='lat' dir='ltr'><strong><em>voluptate</em></strong></span> <span class='ocrx_word' id='word_1_507' title='bbox 1931 4599 2098 4686; x_wconf 83' lang='lat' dir='ltr'><strong><em>imagines</em></strong></span> <span class='ocrx_word' id='word_1_508' title='bbox 2112 4590 2322 4686; x_wconf 86' lang='lat' dir='ltr'><strong><em>Principum</em></strong></span> <span class='ocrx_word' id='word_1_509' title='bbox 2344 4610 2379 4667; x_wconf 91' lang='lat' dir='ltr'><strong><em>et</em></strong></span> <span class='ocrx_word' id='word_1_510' title='bbox 2402 4595 2532 4667; x_wconf 85' lang='lat' dir='ltr'><strong><em>veteris</em></strong></span> 
     </span>
     <span class='ocr_line' id='line_1_64' title="bbox 495 4694 2535 4806; baseline -0.014 -11"><span class='ocrx_word' id='word_1_511' title='bbox 495 4706 588 4795; x_wconf 27' lang='lat' dir='ltr'><strong><em>&#39;tare</em></strong></span> <span class='ocrx_word' id='word_1_512' title='bbox 606 4723 650 4792; x_wconf 88' lang='lat' dir='ltr'><strong><em>ad</em></strong></span> <span class='ocrx_word' id='word_1_513' title='bbox 668 4742 809 4790; x_wconf 90' lang='lat' dir='ltr'><strong><em>omnem</em></strong></span> <span class='ocrx_word' id='word_1_514' title='bbox 827 4706 1066 4806; x_wconf 88' lang='lat' dir='ltr'><strong><em>posteritatem</em></strong></span> <span class='ocrx_word' id='word_1_515' title='bbox 1082 4707 1169 4776; x_wconf 90' lang='lat' dir='ltr'><strong><em>utile</em></strong></span> <span class='ocrx_word' id='word_1_516' title='bbox 1192 4719 1264 4788; x_wconf 89' lang='lat' dir='ltr'><strong><em>est,</em></strong></span> <span class='ocrx_word' id='word_1_517' title='bbox 1290 4726 1371 4786; x_wconf 90' lang='lat' dir='ltr'><strong><em>nec,</em></strong></span> <span class='ocrx_word' id='word_1_518' title='bbox 1396 4713 1436 4770; x_wconf 92' lang='lat' dir='ltr'><strong><em>ut</em></strong></span> <span class='ocrx_word' id='word_1_519' title='bbox 1460 4700 1500 4771; x_wconf 87' lang='lat' dir='ltr'><strong><em>lit</em></strong></span> <span class='ocrx_word' id='word_1_520' title='bbox 1551 4699 1692 4789; x_wconf 93' lang='lat' dir='ltr'><strong><em>imperii</em></strong></span> <span class='ocrx_word' id='word_1_521' title='bbox 1713 4699 1863 4771; x_wconf 80' lang='lat' dir='ltr'><strong><em>formam</em></strong></span> <span class='ocrx_word' id='word_1_522' title='bbox 1887 4703 1927 4777; x_wconf 88' lang='lat' dir='ltr'><strong><em>iu</em></strong></span> <span class='ocrx_word' id='word_1_523' title='bbox 1950 4724 1990 4771; x_wconf 85' lang='lat' dir='ltr'><strong><em>co</em></strong></span> <span class='ocrx_word' id='word_1_524' title='bbox 2012 4694 2257 4784; x_wconf 88' lang='lat' dir='ltr'><strong><em>contemplari.</em></strong></span> <span class='ocrx_word' id='word_1_525' title='bbox 2315 4694 2394 4767; x_wconf 83' lang='lat' dir='ltr'><strong><em>Etsi</em></strong></span> <span class='ocrx_word' id='word_1_526' title='bbox 2415 4711 2535 4767; x_wconf 89' lang='lat' dir='ltr'><strong><em>autem</em></strong></span> 
     </span>
     <span class='ocr_line' id='line_1_65' title="bbox 516 4797 2536 4916; baseline -0.011 -22"><span class='ocrx_word' id='word_1_527' title='bbox 516 4828 553 4894; x_wconf 94' lang='lat' dir='ltr'><strong><em>in</em></strong></span> <span class='ocrx_word' id='word_1_528' title='bbox 570 4821 807 4916; x_wconf 85' lang='lat' dir='ltr'><strong><em>Panegyricis,</em></strong></span> <span class='ocrx_word' id='word_1_529' title='bbox 824 4815 982 4887; x_wconf 90' lang='lat' dir='ltr'><strong><em>attollam</em></strong></span> <span class='ocrx_word' id='word_1_530' title='bbox 999 4832 1052 4880; x_wconf 89' lang='lat' dir='ltr'><strong><em>res</em></strong></span> <span class='ocrx_word' id='word_1_531' title='bbox 1069 4829 1194 4899; x_wconf 89' lang='lat' dir='ltr'><strong><em>parvas</em></strong></span> <span class='ocrx_word' id='word_1_532' title='bbox 1209 4806 1248 4873; x_wconf 92' lang='lat' dir='ltr'><strong><em>in</em></strong></span> <span class='ocrx_word' id='word_1_533' title='bbox 1263 4803 1388 4887; x_wconf 92' lang='lat' dir='ltr'><strong><em>maius,</em></strong></span> <span class='ocrx_word' id='word_1_534' title='bbox 1403 4803 1499 4896; x_wconf 91' lang='lat' dir='ltr'><strong><em>quod</em></strong></span> <span class='ocrx_word' id='word_1_535' title='bbox 1551 4799 1845 4891; x_wconf 79' lang='lat' dir='ltr'><strong><em>Planlsebergium</em></strong></span> <span class='ocrx_word' id='word_1_536' title='bbox 1860 4813 2000 4893; x_wconf 88' lang='lat' dir='ltr'><strong><em>propter</em></strong></span> <span class='ocrx_word' id='word_1_537' title='bbox 2013 4797 2250 4888; x_wconf 90' lang='lat' dir='ltr'><strong><em>eloquentiam</em></strong></span> <span class='ocrx_word' id='word_1_538' title='bbox 2268 4798 2451 4887; x_wconf 87' lang='lat' dir='ltr'><strong><em>diligebat:</em></strong></span> <span class='ocrx_word' id='word_1_539' title='bbox 2480 4814 2536 4871; x_wconf 81' lang='lat' dir='ltr'><strong><em>ta·</em></strong></span> 
     </span>
     <span class='ocr_line' id='line_1_66' title="bbox 513 4896 2534 5019; baseline -0.013 -22"><span class='ocrx_word' id='word_1_540' title='bbox 513 4939 659 5019; x_wconf 89' lang='lat' dir='ltr'><strong><em>propter</em></strong></span> <span class='ocrx_word' id='word_1_541' title='bbox 681 4918 817 5011; x_wconf 91' lang='lat' dir='ltr'><strong><em>ingenii</em></strong></span> <span class='ocrx_word' id='word_1_542' title='bbox 837 4912 1112 4985; x_wconf 88' lang='lat' dir='ltr'><strong><em>imbecillitatem</em></strong></span> <span class='ocrx_word' id='word_1_543' title='bbox 1144 4931 1217 4976; x_wconf 92' lang='lat' dir='ltr'><strong><em>non</em></strong></span> <span class='ocrx_word' id='word_1_544' title='bbox 1248 4927 1407 4997; x_wconf 89' lang='lat' dir='ltr'><strong><em>possum,</em></strong></span> <span class='ocrx_word' id='word_1_545' title='bbox 1438 4904 1498 4972; x_wconf 92' lang='lat' dir='ltr'><strong><em>sed</em></strong></span> <span class='ocrx_word' id='word_1_546' title='bbox 1551 4926 1633 4971; x_wconf 88' lang='lat' dir='ltr'><strong><em>meu</em></strong></span> <span class='ocrx_word' id='word_1_547' title='bbox 1649 4926 1728 4972; x_wconf 90' lang='lat' dir='ltr'><strong><em>cum</em></strong></span> <span class='ocrx_word' id='word_1_548' title='bbox 1743 4897 1813 4973; x_wconf 90' lang='lat' dir='ltr'><strong><em>huc</em></strong></span> <span class='ocrx_word' id='word_1_549' title='bbox 1835 4927 1875 4973; x_wconf 80' lang='lat' dir='ltr'><strong><em>cs</em></strong></span> <span class='ocrx_word' id='word_1_550' title='bbox 1890 4898 2056 4971; x_wconf 80' lang='lat' dir='ltr'><strong><em>Eriordia</em></strong></span> <span class='ocrx_word' id='word_1_551' title='bbox 2081 4899 2264 4988; x_wconf 86' lang='lat' dir='ltr'><strong><em>migrasset</em></strong></span> <span class='ocrx_word' id='word_1_552' title='bbox 2280 4899 2415 4970; x_wconf 89' lang='lat' dir='ltr'><strong><em>Doctor</em></strong></span> <span class='ocrx_word' id='word_1_553' title='bbox 2429 4896 2534 4971; x_wconf 87' lang='lat' dir='ltr'><strong><em>Hen-</em></strong></span> 
     </span>
     <span class='ocr_line' id='line_1_67' title="bbox 514 5001 2535 5118; baseline -0.013 -20"><span class='ocrx_word' id='word_1_554' title='bbox 514 5050 570 5098; x_wconf 89' lang='lat' dir='ltr'><strong><em>res</em></strong></span> <span class='ocrx_word' id='word_1_555' title='bbox 588 5028 700 5118; x_wconf 88' lang='lat' dir='ltr'><strong><em>ipsas,</em></strong></span> <span class='ocrx_word' id='word_1_556' title='bbox 724 5042 874 5115; x_wconf 90' lang='lat' dir='ltr'><strong><em>quarum</em></strong></span> <span class='ocrx_word' id='word_1_557' title='bbox 901 5012 1097 5103; x_wconf 87' lang='lat' dir='ltr'><strong><em>amplitudo</em></strong></span> <span class='ocrx_word' id='word_1_558' title='bbox 1114 5023 1149 5080; x_wconf 87' lang='lat' dir='ltr'><strong><em>et</em></strong></span> <span class='ocrx_word' id='word_1_559' title='bbox 1168 5009 1338 5099; x_wconf 88' lang='lat' dir='ltr'><strong><em>splendor</em></strong></span> <span class='ocrx_word' id='word_1_560' title='bbox 1359 5020 1501 5095; x_wconf 90' lang='lat' dir='ltr'><strong><em>superat</em></strong></span> <span class='ocrx_word' id='word_1_561' title='bbox 1552 5004 1699 5092; x_wconf 89' lang='lat' dir='ltr'><strong><em>ningus,</em></strong></span> <span class='ocrx_word' id='word_1_562' title='bbox 1724 5005 1816 5075; x_wconf 82' lang='lat' dir='ltr'><strong><em>sama</em></strong></span> <span class='ocrx_word' id='word_1_563' title='bbox 1832 5001 2092 5086; x_wconf 85' lang='lat' dir='ltr'><strong><em>iurisconsulti,</em></strong></span> <span class='ocrx_word' id='word_1_564' title='bbox 2117 5003 2161 5070; x_wconf 90' lang='lat' dir='ltr'><strong><em>ad</em></strong></span> <span class='ocrx_word' id='word_1_565' title='bbox 2177 5026 2280 5093; x_wconf 92' lang='lat' dir='ltr'><strong><em>quem</em></strong></span> <span class='ocrx_word' id='word_1_566' title='bbox 2299 5002 2535 5095; x_wconf 68' lang='lat' dir='ltr'><strong><em>omues-diffig·</em></strong></span> 
     </span>
     <span class='ocr_line' id='line_1_68' title="bbox 515 5098 2535 5217; baseline -0.013 -18"><span class='ocrx_word' id='word_1_567' title='bbox 515 5129 621 5199; x_wconf 63' lang='grc' dir='ltr'><strong><em>αίίαω</em></strong></span> <span class='ocrx_word' id='word_1_568' title='bbox 645 5120 888 5217; x_wconf 91' lang='lat' dir='ltr'><strong><em>eloquentium</em></strong></span> <span class='ocrx_word' id='word_1_569' title='bbox 909 5114 1129 5191; x_wconf 86' lang='lat' dir='ltr'><strong><em>facultatem,</em></strong></span> <span class='ocrx_word' id='word_1_570' title='bbox 1162 5110 1275 5180; x_wconf 88' lang='lat' dir='ltr'><strong><em>nudas</em></strong></span> <span class='ocrx_word' id='word_1_571' title='bbox 1298 5107 1500 5183; x_wconf 86' lang='lat' dir='ltr'><strong><em>etbrcviter</em></strong></span> <span class='ocrx_word' id='word_1_572' title='bbox 1552 5099 1707 5175; x_wconf 84' lang='lat' dir='ltr'><strong><em>cillimae</em></strong></span> <span class='ocrx_word' id='word_1_573' title='bbox 1728 5127 1852 5174; x_wconf 86' lang='lat' dir='ltr'><strong><em>causae</em></strong></span> <span class='ocrx_word' id='word_1_574' title='bbox 1873 5105 1946 5173; x_wconf 85' lang='lat' dir='ltr'><strong><em>fere</em></strong></span> <span class='ocrx_word' id='word_1_575' title='bbox 1969 5103 2078 5174; x_wconf 90' lang='lat' dir='ltr'><strong><em>totius</em></strong></span> <span class='ocrx_word' id='word_1_576' title='bbox 2096 5098 2310 5173; x_wconf 88' lang='lat' dir='ltr'><strong><em>Germaniae</em></strong></span> <span class='ocrx_word' id='word_1_577' title='bbox 2327 5103 2535 5175; x_wconf 82' lang='lat' dir='ltr'><strong><em>defereban—</em></strong></span> 
     </span>
     <span class='ocr_line' id='line_1_69' title="bbox 516 5200 2536 5319; baseline -0.012 -19"><span class='ocrx_word' id='word_1_578' title='bbox 516 5253 700 5319; x_wconf 88' lang='lat' dir='ltr'><strong><em>exponam.</em></strong></span> <span class='ocrx_word' id='word_1_579' title='bbox 750 5221 841 5293; x_wconf 89' lang='lat' dir='ltr'><strong><em>Nam</em></strong></span> <span class='ocrx_word' id='word_1_580' title='bbox 865 5232 898 5288; x_wconf 93' lang='lat' dir='ltr'><strong><em>et</em></strong></span> <span class='ocrx_word' id='word_1_581' title='bbox 922 5214 1008 5286; x_wconf 89' lang='lat' dir='ltr'><strong><em>haee</em></strong></span> <span class='ocrx_word' id='word_1_582' title='bbox 1043 5211 1297 5306; x_wconf 90' lang='lat' dir='ltr'><strong><em>qualiscunque</em></strong></span> <span class='ocrx_word' id='word_1_583' title='bbox 1328 5209 1500 5301; x_wconf 86' lang='lat' dir='ltr'><strong><em>expositio</em></strong></span> <span class='ocrx_word' id='word_1_584' title='bbox 1550 5221 1626 5289; x_wconf 90' lang='lat' dir='ltr'><strong><em>tur,</em></strong></span> <span class='ocrx_word' id='word_1_585' title='bbox 1659 5221 1776 5277; x_wconf 90' lang='lat' dir='ltr'><strong><em>motus</em></strong></span> <span class='ocrx_word' id='word_1_586' title='bbox 1796 5200 2070 5281; x_wconf 75' lang='lat' dir='ltr'><strong><em>Pantanushuc</em></strong></span> <span class='ocrx_word' id='word_1_587' title='bbox 2095 5204 2215 5284; x_wconf 89' lang='lat' dir='ltr'><strong><em>venit,</em></strong></span> <span class='ocrx_word' id='word_1_588' title='bbox 2253 5228 2329 5275; x_wconf 89' lang='lat' dir='ltr'><strong><em>non</em></strong></span> <span class='ocrx_word' id='word_1_589' title='bbox 2352 5203 2467 5274; x_wconf 89' lang='lat' dir='ltr'><strong><em>solum</em></strong></span> <span class='ocrx_word' id='word_1_590' title='bbox 2493 5217 2536 5275; x_wconf 93' lang='lat' dir='ltr'><strong><em>ut</em></strong></span> 
     </span>
     <span class='ocr_line' id='line_1_70' title="bbox 515 5305 2539 5409; baseline -0.014 -8"><span class='ocrx_word' id='word_1_591' title='bbox 515 5331 671 5401; x_wconf 90' lang='lat' dir='ltr'><strong><em>ostendit</em></strong></span> <span class='ocrx_word' id='word_1_592' title='bbox 692 5349 772 5396; x_wconf 90' lang='lat' dir='ltr'><strong><em>eum</em></strong></span> <span class='ocrx_word' id='word_1_593' title='bbox 794 5324 899 5393; x_wconf 84' lang='lat' dir='ltr'><strong><em>luisse</em></strong></span> <span class='ocrx_word' id='word_1_594' title='bbox 923 5321 1194 5409; x_wconf 89' lang='lat' dir='ltr'><strong><em>gubernatorem</em></strong></span> <span class='ocrx_word' id='word_1_595' title='bbox 1215 5313 1404 5381; x_wconf 86' lang='lat' dir='ltr'><strong><em>salutarem</em></strong></span> <span class='ocrx_word' id='word_1_596' title='bbox 1427 5306 1500 5379; x_wconf 86' lang='lat' dir='ltr'><strong><em>Ec·</em></strong></span> <span class='ocrx_word' id='word_1_597' title='bbox 1551 5309 1693 5399; x_wconf 91' lang='lat' dir='ltr'><strong><em>publice</em></strong></span> <span class='ocrx_word' id='word_1_598' title='bbox 1715 5311 1899 5380; x_wconf 86' lang='lat' dir='ltr'><strong><em>docentem</em></strong></span> <span class='ocrx_word' id='word_1_599' title='bbox 1920 5308 2079 5391; x_wconf 86' lang='lat' dir='ltr'><strong><em>audiret,</em></strong></span> <span class='ocrx_word' id='word_1_600' title='bbox 2114 5309 2176 5377; x_wconf 90' lang='lat' dir='ltr'><strong><em>sed</em></strong></span> <span class='ocrx_word' id='word_1_601' title='bbox 2191 5307 2428 5396; x_wconf 86' lang='lat' dir='ltr'><strong><em>multomagis</em></strong></span> <span class='ocrx_word' id='word_1_602' title='bbox 2439 5305 2539 5378; x_wconf 87' lang='lat' dir='ltr'><strong><em>utin</em></strong></span> 
     </span>
     <span class='ocr_line' id='line_1_71' title="bbox 513 5407 2537 5518; baseline -0.013 -14"><span class='ocrx_word' id='word_1_603' title='bbox 513 5432 638 5505; x_wconf 75' lang='lat' dir='ltr'><strong><em>etesiae</em></strong></span> <span class='ocrx_word' id='word_1_604' title='bbox 654 5443 686 5500; x_wconf 89' lang='lat' dir='ltr'><strong><em>et</em></strong></span> <span class='ocrx_word' id='word_1_605' title='bbox 703 5425 850 5518; x_wconf 84' lang='lat' dir='ltr'><strong><em>patriae,</em></strong></span> <span class='ocrx_word' id='word_1_606' title='bbox 875 5418 1079 5507; x_wconf 87' lang='lat' dir='ltr'><strong><em>donecipse</em></strong></span> <span class='ocrx_word' id='word_1_607' title='bbox 1090 5412 1235 5505; x_wconf 85' lang='lat' dir='ltr'><strong><em>quidem</em></strong></span> <span class='ocrx_word' id='word_1_608' title='bbox 1250 5411 1400 5486; x_wconf 82' lang='lat' dir='ltr'><strong><em>velutin</em></strong></span> <span class='ocrx_word' id='word_1_609' title='bbox 1418 5413 1501 5480; x_wconf 89' lang='lat' dir='ltr'><strong><em>navi</em></strong></span> <span class='ocrx_word' id='word_1_610' title='bbox 1552 5410 1627 5481; x_wconf 89' lang='lat' dir='ltr'><strong><em>eius</em></strong></span> <span class='ocrx_word' id='word_1_611' title='bbox 1643 5409 1880 5481; x_wconf 83' lang='lat' dir='ltr'><strong><em>familiaritate</em></strong></span> <span class='ocrx_word' id='word_1_612' title='bbox 1894 5421 2120 5502; x_wconf 88' lang='lat' dir='ltr'><strong><em>cognosceret</em></strong></span> <span class='ocrx_word' id='word_1_613' title='bbox 2133 5407 2243 5499; x_wconf 87' lang='lat' dir='ltr'><strong><em>ipsius</em></strong></span> <span class='ocrx_word' id='word_1_614' title='bbox 2256 5409 2408 5493; x_wconf 91' lang='lat' dir='ltr'><strong><em>iudicia,</em></strong></span> <span class='ocrx_word' id='word_1_615' title='bbox 2429 5421 2467 5480; x_wconf 90' lang='lat' dir='ltr'><strong><em>et</em></strong></span> <span class='ocrx_word' id='word_1_616' title='bbox 2480 5407 2537 5481; x_wconf 87' lang='lat' dir='ltr'><strong><em>le-</em></strong></span> 
     </span>
     <span class='ocr_line' id='line_1_72' title="bbox 515 5507 2536 5606; baseline -0.014 -1"><span class='ocrx_word' id='word_1_617' title='bbox 515 5536 653 5605; x_wconf 85' lang='lat' dir='ltr'><strong><em>clavum</em></strong></span> <span class='ocrx_word' id='word_1_618' title='bbox 670 5528 796 5601; x_wconf 85' lang='lat' dir='ltr'><strong><em>tenuit,</em></strong></span> <span class='ocrx_word' id='word_1_619' title='bbox 846 5517 904 5594; x_wconf 87' lang='lat' dir='ltr'><strong><em>Ad</em></strong></span> <span class='ocrx_word' id='word_1_620' title='bbox 919 5516 987 5588; x_wconf 92' lang='lat' dir='ltr'><strong><em>hoc</em></strong></span> <span class='ocrx_word' id='word_1_621' title='bbox 1004 5537 1093 5606; x_wconf 91' lang='lat' dir='ltr'><strong><em>opus</em></strong></span> <span class='ocrx_word' id='word_1_622' title='bbox 1107 5512 1334 5606; x_wconf 89' lang='lat' dir='ltr'><strong><em>praecipuum</em></strong></span> <span class='ocrx_word' id='word_1_623' title='bbox 1350 5512 1388 5579; x_wconf 91' lang='lat' dir='ltr'><strong><em>in</em></strong></span> <span class='ocrx_word' id='word_1_624' title='bbox 1404 5535 1502 5581; x_wconf 89' lang='lat' dir='ltr'><strong><em>com·</em></strong></span> <span class='ocrx_word' id='word_1_625' title='bbox 1549 5532 1633 5598; x_wconf 89' lang='lat' dir='ltr'><strong><em>gum</em></strong></span> <span class='ocrx_word' id='word_1_626' title='bbox 1663 5509 1928 5598; x_wconf 87' lang='lat' dir='ltr'><strong><em>applicationes.</em></strong></span> <span class='ocrx_word' id='word_1_627' title='bbox 1980 5511 2149 5584; x_wconf 89' lang='lat' dir='ltr'><strong><em>Libenter</em></strong></span> <span class='ocrx_word' id='word_1_628' title='bbox 2181 5507 2409 5597; x_wconf 89' lang='lat' dir='ltr'><strong><em>Henningus,</em></strong></span> <span class='ocrx_word' id='word_1_629' title='bbox 2454 5533 2536 5581; x_wconf 86' lang='lat' dir='ltr'><strong><em>cum</em></strong></span> 
     </span>
     <span class='ocr_line' id='line_1_73' title="bbox 515 5610 2539 5708; baseline -0.012 -1"><span class='ocrx_word' id='word_1_630' title='bbox 515 5634 619 5708; x_wconf 91' lang='lat' dir='ltr'><strong><em>muni</em></strong></span> <span class='ocrx_word' id='word_1_631' title='bbox 641 5631 808 5703; x_wconf 88' lang='lat' dir='ltr'><strong><em>socictate</em></strong></span> <span class='ocrx_word' id='word_1_632' title='bbox 829 5618 956 5693; x_wconf 88' lang='lat' dir='ltr'><strong><em>babuit</em></strong></span> <span class='ocrx_word' id='word_1_633' title='bbox 976 5616 1159 5687; x_wconf 86' lang='lat' dir='ltr'><strong><em>Pontanus</em></strong></span> <span class='ocrx_word' id='word_1_634' title='bbox 1181 5637 1255 5683; x_wconf 90' lang='lat' dir='ltr'><strong><em>non</em></strong></span> <span class='ocrx_word' id='word_1_635' title='bbox 1277 5614 1339 5683; x_wconf 92' lang='lat' dir='ltr'><strong><em>illa</em></strong></span> <span class='ocrx_word' id='word_1_636' title='bbox 1362 5623 1500 5683; x_wconf 89' lang='lat' dir='ltr'><strong><em>tantum</em></strong></span> <span class='ocrx_word' id='word_1_637' title='bbox 1552 5610 1747 5697; x_wconf 91' lang='lat' dir='ltr'><strong><em>ingenium,</em></strong></span> <span class='ocrx_word' id='word_1_638' title='bbox 1772 5612 1977 5685; x_wconf 87' lang='lat' dir='ltr'><strong><em>aviditatem</em></strong></span> <span class='ocrx_word' id='word_1_639' title='bbox 1993 5616 2033 5683; x_wconf 88' lang='lat' dir='ltr'><strong><em>in</em></strong></span> <span class='ocrx_word' id='word_1_640' title='bbox 2047 5613 2226 5695; x_wconf 88' lang='lat' dir='ltr'><strong><em>discendo,</em></strong></span> <span class='ocrx_word' id='word_1_641' title='bbox 2247 5625 2282 5681; x_wconf 89' lang='lat' dir='ltr'><strong><em>ct</em></strong></span> <span class='ocrx_word' id='word_1_642' title='bbox 2296 5610 2539 5703; x_wconf 85' lang='lat' dir='ltr'><strong><em>eloquentiam</em></strong></span> 
     </span>
    </p>
   </div>
   <div class='ocr_carea' id='block_1_11' title="bbox 517 5708 2541 5823">
    <p class='ocr_par' dir='ltr' id='par_1_13' title="bbox 517 5708 2541 5823">
     <span class='ocr_line' id='line_1_74' title="bbox 517 5708 2541 5823; baseline -0.011 -16"><span class='ocrx_word' id='word_1_643' title='bbox 517 5740 775 5819; x_wconf 85' lang='lat' dir='ltr'><strong><em>instrumenta,</em></strong></span> <span class='ocrx_word' id='word_1_644' title='bbox 797 5748 887 5823; x_wconf 90' lang='lat' dir='ltr'><strong><em>quae</em></strong></span> <span class='ocrx_word' id='word_1_645' title='bbox 901 5718 1056 5795; x_wconf 86' lang='lat' dir='ltr'><strong><em>Pericles</em></strong></span> <span class='ocrx_word' id='word_1_646' title='bbox 1070 5714 1243 5811; x_wconf 86' lang='lat' dir='ltr'><strong><em>requirit,</em></strong></span> <span class='ocrx_word' id='word_1_647' title='bbox 1268 5708 1419 5789; x_wconf 71' lang='grc' dir='ltr'><em>σύνεσιν</em></span> <span class='ocrx_word' id='word_1_648' title='bbox 1434 5737 1501 5786; x_wconf 81' lang='grc' dir='ltr'><strong><em>πο-</em></strong></span> <span class='ocrx_word' id='word_1_649' title='bbox 1552 5711 1592 5785; x_wconf 88' lang='lat' dir='ltr'><strong><em>in</em></strong></span> <span class='ocrx_word' id='word_1_650' title='bbox 1608 5734 1650 5787; x_wconf 80' lang='lat' dir='ltr'><strong><em>so</em></strong></span> <span class='ocrx_word' id='word_1_651' title='bbox 1666 5712 1930 5800; x_wconf 85' lang='lat' dir='ltr'><strong><em>considerasset,</em></strong></span> <span class='ocrx_word' id='word_1_652' title='bbox 1944 5713 2087 5798; x_wconf 86' lang='lat' dir='ltr'><strong><em>admisit</em></strong></span> <span class='ocrx_word' id='word_1_653' title='bbox 2099 5735 2181 5783; x_wconf 89' lang='lat' dir='ltr'><strong><em>eum</em></strong></span> <span class='ocrx_word' id='word_1_654' title='bbox 2195 5712 2233 5781; x_wconf 92' lang='lat' dir='ltr'><strong><em>in</em></strong></span> <span class='ocrx_word' id='word_1_655' title='bbox 2251 5712 2541 5798; x_wconf 71' lang='lat' dir='ltr'><strong><em>familiaritatem,</em></strong></span> 
     </span>
    </p>
   </div>
   <div class='ocr_carea' id='block_1_12' title="bbox 0 0 3045 6772">
    <p class='ocr_par' dir='ltr' id='par_1_14' title="bbox 0 0 3045 6772">
     <span class='ocr_line' id='line_1_75' title="bbox 0 0 3045 6772; baseline 0 0"><span class='ocrx_word' id='word_1_656' title='bbox 0 0 3045 6772; x_wconf 95' lang='lat' dir='ltr'><strong><em> </em></strong></span> 
     </span>
    </p>
   </div>
  </div>
 </body>
</html>
