6025 6775
489 511 564 587 aot

492 680 644 753 fassione
666 685 809 746 externa
834 692 957 741 vocem
981 668 1163 738 doctrinae
1183 670 1331 739 eandem
1348 690 1480 740 sonan·

494 799 545 854 tes
570 802 650 851 cum
668 774 809 846 sanctis.

597 879 760 969 Cumque
784 875 932 941 nomino
954 870 1204 961 amplectentes
1233 867 1478 962 incorruptam

444 1023 449 1030 ·
494 979 683 1070 Evangelii
716 974 933 1056 doctrinam,
968 972 1183 1060 complector
1213 982 1263 1039 et.
1282 969 1478 1058 legitimum

495 1105 601 1155 usum
618 1100 740 1149 eorum
756 1076 889 1144 rituum
914 1095 1003 1163 quos
1019 1070 1117 1141 Deus
1138 1071 1299 1164 quolibet
1323 1084 1481 1161 tempore

496 1181 669 1262 instituit,
700 1189 735 1247 et
756 1174 903 1243 excludo
926 1174 1023 1243 idola
1044 1186 1077 1245 et
1103 1172 1335 1265 pertinaciam
1358 1175 1482 1242 defen-

405 1341 410 1357 ,
496 1283 606 1358 sionis
622 1279 811 1349 idolorum.

581 1381 655 1453 Nec
672 1374 893 1445 cavillatione
910 1375 1094 1446 turbemur
1107 1377 1152 1444 de
1167 1376 1341 1446 vocabulo
1355 1367 1479 1443 Evan-

497 1485 595 1578 gelii:
620 1476 847 1568 Complector
872 1471 941 1545 hoc
963 1476 1110 1544 nomine
1134 1478 1333 1546 doctrinam
1354 1474 1481 1566 poeni-

497 1584 626 1657 tentiae
645 1594 677 1649 et
693 1591 854 1648 aeternae
870 1577 1135 1668 promissionis,
1160 1578 1233 1648 imo
1252 1592 1286 1648 et
1306 1575 1419 1665 capita
1440 1576 1479 1642 in

497 1680 670 1780 symbolis
713 1679 875 1763 collecta,
917 1679 1007 1749 sicut
1041 1674 1203 1767 Apostoli
1245 1676 1480 1768 appellatione

495 1781 682 1872 Evangelii
698 1793 861 1864 utuntur,
887 1780 931 1848 de
948 1792 1020 1849 tota
1032 1777 1221 1849 ministerii
1237 1778 1292 1847 sui
1306 1777 1479 1845 doctrina.

498 1884 592 1975 Quia
617 1882 647 1951 si
669 1882 755 1969 legis
779 1880 1052 1972 adpellationem
1069 1879 1257 1948 insererem
1273 1876 1408 1968 prolixa
1424 1877 1479 1945 di-

498 1985 640 2057 stinctio
662 1982 817 2072 partium
841 1981 928 2069 legis
949 1982 1111 2048 addenda
1135 1993 1234 2049 esset.
1294 1976 1481 2067 Sapienter

499 2090 624 2157 dicunt
642 2080 897 2164 Iurisconsulti,
924 2079 1139 2171 periculosas
1156 2102 1229 2147 esse
1247 2078 1480 2167 definitiones,

498 2190 582 2285 quia
599 2209 672 2255 non
690 2197 740 2252 est
755 2181 951 2250 remedium
977 2193 1099 2248 contra
1122 2176 1359 2273 sycophantae
1382 2204 1480 2249 mor·

500 2314 600 2370 sum,
631 2283 793 2355 invenire
815 2281 916 2351 facile
940 2296 1088 2371 possunt
1109 2294 1346 2364 monstrosae,
1378 2280 1478 2350 viru·

501 2385 616 2458 lentae
642 2399 674 2454 et
698 2382 980 2453 calumniatrices
1002 2394 1165 2466 naturae,
1190 2383 1481 2473 quodarrodaut.

500 2484 573 2560 Nec
598 2483 752 2556 ahlnsis
774 2481 834 2551 illa
866 2482 1157 2570 depravationum
1185 2482 1350 2566 artificia,
1378 2484 1480 2551 seda

501 2584 661 2680 Sphinge
677 2586 855 2655 oriuntur.
905 2582 960 2650 sit
977 2584 1111 2650 candor
1128 2583 1165 2650 in
1181 2583 1481 2673 interpretatione,

500 2691 564 2759 ubi
584 2713 664 2756 vere
687 2684 871 2777 explicatio
895 2682 1060 2752 adiuncta
1083 2695 1152 2768 est,
1177 2707 1266 2775 quac
1288 2684 1481 2752 calumnias

407 2833 409 2838 ,
503 2777 687 2883 perspicue
710 2787 858 2867 refutat,
892 2796 926 2852 et
942 2784 1050 2851 simus
1081 2806 1253 2852 memores
1276 2779 1483 2853 honestissi-

503 2914 581 2959 mae
602 2887 697 2956 vocis
718 2880 988 2978 Thucydideae:
1015 2878 1196 2975 διαβολὰς
1217 2878 1307 2976 μὲν,
1337 2880 1381 2955 oti
1407 2888 1481 2954 uoi-

501 3012 602 3086 φρον
624 2985 708 3059 οὔτε
729 2980 845 3081 λέγειν
868 3008 972 3063 τινας
999 2981 1034 3061 ἐς
1052 2977 1256 3077 ἀλλήλους,
1289 2982 1373 3056 οὔτε
1395 2980 1484 3063 τούς

503 3083 709 3166 ἀκούοντας
723 3079 987 3175 ἀποδέχεσθαι.
1020 3079 1073 3153 Αε
1088 3085 1191 3175 plane
1207 3085 1376 3169 adfirmo,
1403 3097 1482 3154 tau·

502 3213 608 3286 quam
623 3186 972 3269 demonstrationem,
993 3209 1081 3278 quae
1097 3186 1246 3255 iudicari
1264 3186 1401 3254 ratione
1419 3207 1483 3275 po-

501 3304 582 3377 test,
599 3290 787 3361 tenendam
802 3310 874 3356 csso
890 3282 981 3354 banc
997 3286 1225 3356 seutentiam:
1251 3284 1482 3379 Nequaquam

503 3417 577 3466 esse
599 3390 666 3461 Dei
693 3387 886 3459 Ecclesiam
918 3409 976 3454 eos
1007 3399 1143 3471 coetus,
1177 3388 1240 3479 qui
1271 3388 1484 3457 contrariam

503 3492 700 3565 doctrinam
716 3488 784 3576 legi
800 3487 927 3554 morali
944 3486 1150 3558 defendunt.
1190 3487 1240 3558 Ut
1253 3483 1485 3556 Ecbnicinn·

504 3594 633 3686 gebant
655 3588 794 3660 turbam
809 3582 983 3656 Deorum:
1017 3588 1122 3658 multi
1146 3588 1290 3657 fanatici
1311 3589 1485 3677 probave-

505 3705 590 3766 runt
613 3689 805 3759 libidinum
828 3686 1071 3756 confusiones:
1098 3687 1277 3757 Pontificii
1301 3701 1333 3757 ct
1351 3683 1483 3756 Maho-

506 3792 627 3865 metici
651 3790 743 3876 leges
765 3787 920 3874 coniugii
944 3788 1074 3861 delent.
1125 3781 1396 3878 Comprebeudo
1419 3786 1485 3876 igi-

507 3911 566 3965 tur
586 3894 625 3962 in
642 3889 848 3960 delinitione
864 3886 1042 3957 Ecclesiae
1069 3902 1102 3958 et
1119 3889 1229 3976 legem
1245 3888 1413 3956 moralem
1428 3911 1486 3956 re·

508 4009 560 4066 cte
577 3992 801 4063 intellectam.
852 3986 930 4059 Etsi
956 4003 1072 4058 autem
1090 3985 1246 4058 Ecclesia
1272 4012 1345 4056 uon
1370 3988 1485 4057 cerni-

982 437 984 442 *
1064 494 1224 572 nucu
1256 494 1332 570 nu
1363 467 1942 577 nocuusra'onursrr.

2439 499 2521 585 888,

1530 672 1562 740 si
1584 672 1767 744 distinctio
1790 695 1905 765 neque
1928 670 2041 741 oculis
2062 664 2178 765 neque
2192 665 2515 769 auribusagnosci-

1531 775 1614 843 turi
1644 772 1735 843 Cum
1761 783 1951 862 regnarent
1972 773 2012 839 in
2030 769 2158 843 ludaea
2178 769 2355 860 Herodes,
2380 774 2515 849 Phari-

1531 874 1603 942 saei
1626 887 1660 942 et
1679 872 1874 956 sadducei,
1897 871 1960 963 qui
1987 873 2206 943 ordinariam
2222 879 2512 965 gubernationem

1532 975 1719 1059 tenebant,
1753 968 1883 1043 borum
1908 985 2000 1043 certe
2023 975 2332 1068 conspiciebantur
2349 981 2510 1049 satellitio

1532 1086 1564 1142 et
1580 1074 1702 1163 gladii.
1749 1072 1824 1141 Nec
1840 1074 2023 1143 distinctio
2039 1076 2140 1145 nulla
2157 1076 2252 1147 inter
2265 1071 2329 1146 hos
2346 1092 2379 1148 ct
2392 1104 2510 1149 veram

1530 1171 1724 1243 Ecclesiam
1739 1175 1900 1243 sensibus
1925 1175 2171 1264 accipiebatur.

1632 1270 1858 1343 Erant-vcta
1880 1272 1947 1343 Dei
1970 1271 2126 1345 Ecclesia
2146 1275 2356 1365 Zacharias,
2393 1274 2514 1349 Elias·

1531 1370 1636 1454 beth,
1668 1373 1794 1458 Anna,
1824 1370 1967 1465 loseph,
1999 1374 2133 1456 Maria,
2166 1400 2268 1455 soror
2290 1379 2446 1464 Mariae,
2478 1395 2514 1451 et

1530 1476 1592 1544 alii
1610 1476 1725 1559 multi,
1740 1475 1801 1567 qui
1817 1470 1944 1545 horum
1964 1477 2162 1546 doctrinam
2177 1481 2377 1565 audiebant,
2402 1502 2513 1569 quam

1531 1601 1610 1646 cum
1620 1571 1801 1643 Pharisaei
1814 1591 1847 1645 et
1857 1575 2033 1645 Sadducei
2048 1578 2232 1650 dissentire
2248 1604 2267 1651 a
2282 1582 2354 1650 suis
2368 1582 2514 1672 opinio·

1530 1679 1638 1745 nibus
1651 1677 1906 1766 intelligerent,
1932 1674 2141 1770 Zachariam
2155 1681 2387 1767 interficiunt,
2413 1684 2513 1773 quod

1530 1782 1644 1848 facere
1660 1802 1734 1845 non
1747 1778 1958 1868 potuissent,
1985 1780 2014 1846 si
2031 1780 2213 1851 distinctio
2237 1783 2333 1853 nulla
2350 1786 2512 1853 sensibus
2539 1815 2544 1824 ·

1531 1880 1758 1968 acciperetur.
1810 1878 1891 1949 Non
1907 1893 2054 1968 vagatur
2068 1877 2223 1952 Ecclesia
2237 1883 2510 1955 interAndaha·

1532 1997 1584 2052 tas
1599 1982 1636 2048 in
1652 1980 1821 2064 tenebris,
1846 1983 1905 2049 sed
1924 1995 1971 2051 est
1991 1994 2030 2051 ut
2046 1979 2180 2054 Paulus
2194 1985 2321 2077 inquit,
2346 1982 2513 2075 θέατρον

1533 2077 1599 2150 boc
1622 2094 1673 2149 est
1697 2081 1933 2171 spectaculum
1956 2083 2112 2166 mundo,
2144 2087 2278 2174 angelis
2298 2099 2331 2155 et
2354 2081 2512 2153 bomini·

1531 2185 1615 2266 bus,
1641 2204 1702 2251 seu
1725 2195 1765 2250 ut
1785 2179 1954 2250 Salomon
1978 2183 2109 2273 inquit:
2143 2183 2249 2255 Acies
2266 2188 2311 2255 ad
2333 2186 2509 2275 praelian-

1532 2285 1617 2351 dum
1635 2282 1821 2363 instructa,
1845 2276 1977 2349 habens
1992 2304 2055 2350 sna
2079 2286 2251 2374 quaedam
2267 2287 2386 2375 signa,
2412 2309 2510 2355 arma

1532 2399 1565 2453 et
1580 2384 1734 2455 classica.
1782 2380 2010 2451 Manifestum
2028 2395 2079 2451 est
2100 2384 2170 2452 dici
2191 2386 2290 2473 sigua
2307 2400 2512 2455 monstran-

1535 2486 1581 2554 tia
1607 2480 1821 2551 Ecclesiam:
1853 2479 1983 2549 Vocem
2013 2483 2200 2553 ministcrii
2231 2488 2425 2576 evangelici
2454 2489 2511 2555 in-

1532 2598 1745 2671 corruptam,
1771 2595 1804 2650 et
1823 2582 1913 2651 ritus
1927 2581 2098 2653 divinitus
2112 2586 2270 2671 traditos,
2296 2587 2410 2679 quiin
2427 2575 2512 2658 ocu-

1534 2686 1587 2754 los
1613 2684 1820 2760 incurrunt,
1857 2683 2114 2751 confessionem
2146 2700 2180 2755 ct
2200 2689 2461 2757 invocationem
2490 2714 2511 2757 a

1534 2784 1677 2854 caeteris
1701 2782 1863 2869 gentibus
1890 2783 2104 2857 distinctam.
2162 2781 2240 2870 An,
2270 2812 2350 2858 cum
2378 2786 2511 2857 luliani

1534 2886 1663 2953 milites
1677 2881 1738 2950 alii
1754 2881 1988 2951 sacrificarent
2004 2882 2122 2961 idolis,
2145 2883 2207 2953 alii
2222 2889 2411 2957 sacrificare
2429 2890 2512 2958 nol-

1535 2988 1628 3068 lent,
1653 2983 1835 3053 distinctio
1850 2982 1949 3050 nulla
1968 2982 2276 3071 conspiciebatur?
2299 2987 2368 3057 Sed
2395 2991 2511 3059 nube-

1534 3087 1668 3167 culam,
1700 3083 1759 3153 cui
1781 3083 1970 3151 involvunt
1994 3079 2208 3169 Ecclesiam,
2248 3086 2422 3159 obiiciunt
2445 3114 2513 3180 po·

1534 3187 1620 3277 pulo
1637 3183 1695 3252 isti
1710 3182 1897 3255 Platonici.
1949 3180 2056 3270 Quod
2072 3185 2228 3256 creditur
2242 3188 2423 3280 inquiunt,
2439 3214 2516 3259 nou

1535 3288 1692 3356 videtur:
1715 3279 1909 3353 Ecclesiam
1926 3305 1999 3351 esse
2016 3284 2180 3354 creditur.
2231 3286 2314 3358 Nou
2338 3289 2446 3377 igitur
2460 3291 2515 3357 vi-

1536 3392 1650 3459 detur.
1675 3383 1754 3455 Hoc
1770 3385 1907 3453 vafrum
1926 3382 2150 3455 involucrum
2168 3389 2381 3459 evolvamus.
2412 3387 2515 3460 Muf-

1536 3504 1592 3559 tae
1617 3500 1699 3558 sunt
1725 3485 2004 3577 propositiones,
2044 3510 2193 3576 quarum
2224 3492 2288 3560 etsi
2319 3505 2513 3560 cernuntur

1535 3588 1707 3667 subiecta,
1732 3601 1848 3657 tamen
1866 3585 2062 3676 praedicata
2077 3586 2146 3654 fide
2164 3589 2355 3674 adduntur,
2378 3602 2513 3661 utcum

1538 3690 1703 3758 dicimus:
1729 3685 1793 3755 Sol
1807 3699 1890 3754 esta
1907 3683 1981 3753 Deo
2000 3698 2156 3768 creatus,
2183 3683 2269 3760 haec
2290 3704 2410 3760 nostra
2434 3716 2515 3761 cor-

1537 3812 1622 3879 pora
1642 3787 1903 3854 revocabuntur
1922 3784 1961 3855 in
1987 3785 2106 3860 vitam.
2157 3786 2227 3858 Hic
2251 3789 2336 3859 fides
2358 3794 2514 3861 assensio

1537 3901 1605 3968 est,
1648 3908 1716 3978 qua
1745 3886 1916 3973 integram
1949 3888 2225 3976 propositionem
2257 3889 2513 3976 amplectimur.

1538 3988 1589 4059 lta
1605 3987 1759 4057 subiecta
1775 3988 1812 4054 iu
1830 3981 1884 4055 his
1899 3989 2199 4078 propositionibus
2218 3988 2329 4081 accipi
2351 3991 2514 4061 sensibus

505 4112 566 4170 tur
589 4107 629 4169 ut
651 4114 797 4181 regnum
822 4089 1062 4180 pontificium,
1083 4088 1121 4156 in
1144 4113 1215 4180 qno
1237 4088 1424 4158 incurrunt
1446 4089 1485 4155 iu
1538 4090 1704 4157 dicimus:
1731 4084 1904 4156 Homines
1917 4103 2082 4158 sonantes
2096 4114 2215 4159 vocem
2230 4082 2414 4181 Evangelii
2431 4107 2516 4164 sunt

508 4197 650 4279 oculos,
670 4191 884 4262 Pontificum
903 4189 1092 4280 splendor,
1118 4188 1328 4277 dignitatum
1346 4191 1486 4278 gradus,
1519 4187 1693 4259 Ecclesia
1709 4186 1793 4268 Dei,
1814 4209 1875 4257 seu
1893 4201 2028 4273 coetus,
2054 4191 2179 4284 inquo
2197 4205 2281 4263 sunt
2304 4193 2417 4265 electi.
2466 4191 2518 4264 Et

505 4322 614 4391 opum
641 4293 848 4388 ostentatio,
888 4314 1085 4381 purpurae,
1116 4290 1298 4371 satellitio,
1333 4290 1486 4382 denique
1537 4304 1653 4360 tamen
1668 4288 1736 4356 fide
1751 4289 1987 4377 praedicatum
2008 4292 2166 4364 additur.
2219 4294 2517 4366 Distiuctiointer

505 4398 626 4471 omnia
644 4396 705 4465 illa
720 4391 945 4488 quaeDaniel
960 4390 1214 4480 complectitur,
1231 4415 1310 4460 cum
1324 4393 1388 4461 ait:
1414 4390 1486 4460 Co·
1537 4413 1662 4479 agmen
1679 4401 1875 4482 martyrum
1897 4403 1932 4477 et
1953 4403 2124 4484 tyrannos
2145 4393 2258 4463 oculis
2281 4395 2429 4464 iudicari
2451 4408 2521 4487 po·'

505 4504 580 4572 lcut
602 4497 719 4577 Deum
747 4494 921 4578 Maozim,
963 4514 1051 4561 auro
1082 4504 1116 4562 ct
1143 4506 1299 4580 argento.
1349 4491 1485 4560 Tamen
1537 4507 1618 4563 test:
1651 4490 1815 4559 audimus
1838 4491 2092 4562 confessionem
2108 4507 2141 4563 et
2164 4494 2423 4565 invocationem
2439 4497 2518 4588 pio·

506 4598 724 4690 conspicitur
743 4593 919 4678 Ecclesia,
941 4606 981 4663 ut
996 4586 1142 4661 honesta
1167 4592 1400 4674 aristocratia,
1425 4613 1488 4661 seu
1539 4614 1638 4673 rum,
1658 4591 1819 4660 videmus
1842 4615 1966 4661 eorum
1986 4615 2131 4683 corpora
2153 4592 2301 4663 lacerari
2323 4597 2434 4682 ferro,
2459 4596 2517 4666 uri

507 4702 587 4792 pius
601 4712 720 4768 coetus
737 4695 940 4766 docentium
963 4706 998 4765 et
1020 4692 1230 4763 discentium
1246 4687 1486 4762 Christianam
1538 4690 1690 4760 flammis
1704 4704 1739 4762 et
1753 4692 1876 4763 multis
1891 4695 2008 4763 modis
2020 4691 2179 4765 cruciari.
2232 4692 2301 4764 Hic
2316 4696 2401 4764 fides
2416 4698 2518 4768 addit

506 4789 719 4890 κατήχησιν,
747 4796 809 4886 qui
824 4793 963 4863 tametsi
987 4817 1060 4863 non
1083 4792 1206 4862 iisdem
1222 4792 1414 4884 parictibus
1429 4793 1488 4860 in·
1522 4790 1758 4885 praedicata:
1780 4790 1887 4864 Tales
1900 4794 2040 4885 placent
2048 4789 2137 4879 Deo,
2154 4793 2240 4863 tales
2255 4809 2430 4885 praestant
2438 4793 2517 4867 Deo

507 4902 625 4971 clusus
640 4908 703 4978 est,
729 4896 788 4963 sed
806 4894 994 4982 dispersus,
1009 4893 1155 4961 eandem
1171 4905 1288 4963 tamen
1305 4917 1406 4965 verae
1421 4894 1490 4963 do·
1538 4904 1654 4984 gratos
1669 4892 1803 4978 cultus,
1828 4896 1914 4966 tales
1928 4905 2014 4965 sunt
2032 4887 2198 4964 haeredes
2220 4895 2379 4966 coelestis
2393 4892 2520 4967 Eccle-

448 5000 452 5007 ’
507 4999 640 5072 ctrinae
662 5011 695 5067 et
719 4994 797 5085 piae
820 4991 1053 5065 invocationis
1074 5018 1196 5064 vocem
1219 5009 1329 5066 sonat.
1379 4992 1487 5065 Hunc
1538 4995 1621 5068 siae.
1672 4991 1750 5064 Hac
1771 4989 2001 5086 responsione
2020 4995 2204 5088 perspicue
2225 4997 2366 5069 evoluta
2387 5000 2519 5075 estob-

508 5113 644 5172 coetum
661 5097 775 5169 oculis
790 5109 825 5168 et
840 5092 986 5165 auribus
1002 5093 1173 5185 distingui
1193 5118 1295 5188 posse
1308 5096 1354 5166 ab
1370 5095 1488 5165 omni·
1539 5094 1642 5169 iectio
1666 5095 1831 5180 illorum,
1855 5091 1919 5188 qui
1932 5089 2126 5166 Ecclesiam
2148 5097 2288 5187 fingunt
2310 5123 2385 5169 esse
2398 5098 2517 5166 Plato·

507 5194 687 5293 bus,'qui
713 5200 818 5269 aliam
842 5219 962 5265 vocem
986 5210 1134 5281 sonant,
1171 5193 1401 5268 'manifestum
1426 5209 1487 5266 est.
1538 5197 1654 5268 nicam
1669 5195 1798 5266 ideam.

460 5370 462 5375 ,
506 5301 639 5373 Paulus
680 5301 812 5392 iuquit:
865 5293 922 5368 ὅτι
959 5292 1124 5387 θέατρον
1165 5290 1395 5394 ἐγενήθημεν
1431 5303 1487 5393 aqi
1636 5295 1827 5388 Postquam
1850 5316 1935 5363 vero
1955 5295 2187 5367 coustitutum
2219 5311 2330 5370 estet
2361 5296 2517 5386 conspici

507 5402 637 5497 κόσμῳ
652 5395 715 5471 καὶ
730 5395 898 5495 ἀγγέλοις
912 5393 976 5467 καὶ
988 5390 1218 5489 ἀνθρώποις.
1271 5398 1386 5486 Quale
1408 5420 1487 5490 spe·
1540 5397 1733 5469 Ecclesiam
1750 5395 1789 5462 in
1804 5389 1870 5464 boc
1883 5395 1973 5479 vita,
1997 5411 2033 5468 et
2050 5421 2140 5490 quae
2153 5399 2224 5468 sint
2239 5398 2337 5485 signa
2359 5419 2430 5464 non
2450 5399 2517 5466 fal·

508 5503 679 5576 ctaedlum
704 5495 862 5569 Ecclesia
885 5517 959 5565 esse
980 5509 1114 5584 potest,
1157 5495 1186 5563 si
1210 5520 1282 5573 non
1305 5500 1488 5570 cernitur?
1539 5497 1664 5569 lentia:
1682 5495 2382 5569 iamaddendaest-necessariadoctrina.
2408 5495 2518 5567 Man.

509 5604 700 5695 Qubmodo
721 5591 915 5692 praebendi
936 5617 1084 5684 corpora
1107 5608 1140 5666 et
1162 5595 1313 5669 interfici
1329 5614 1487 5692 possunt,
1539 5603 1661 5673 datum
1677 5596 1745 5670 Dei
1757 5620 1830 5670 esse
1844 5597 1951 5680 scias,
1974 5613 2013 5674 ut
2030 5621 2132 5671 verae
2147 5594 2322 5668 Ecclesiae
2338 5608 2371 5664 te
2388 5599 2520 5669 adiun-
