6025 6775
529 743 606 820 4⁶9
678 787 680 793 .
1296 719 1785 806 urseursrtouns
2472 746 2552 822 eoo

637 909 675 988 6.
714 905 890 1003 Quintum
905 910 1061 973 sumtum
1076 907 1129 969 est
1144 916 1187 967 ex
1199 892 1347 989 proprio
1361 897 1449 989 legis
1464 898 1519 968 el·
1674 899 1734 972 12.
1772 895 1871 971 Haec
1895 909 2013 973 autern
2034 901 2122 975 tides
2141 903 2343 1002 concipitur
2363 909 2404 983 in
2427 918 2552 1007 poeni·

478 1017 482 1026 -
532 1019 639 1090 seem·
1570 1000 1696 1087 tentia,
1730 1000 1812 1071 ideo
1833 1000 1955 1093 impii,
1986 1025 2102 1097 neque
2124 1009 2284 1100 qnidsit
2304 1013 2410 1105 fides,
2441 1037 2553 1112 neque

635 1114 709 1185 Lex
731 1131 867 1202 semper
886 1112 1026 1176 accusat
1045 1097 1295 1186 conscientias,
1329 1099 1431 1172 etad
1455 1101 1519 1171 de·
1570 1125 1661 1196 quae
1676 1101 1723 1177 sit
1736 1101 2113 1197 fideivisintelligunt.

535 1214 771 1313 sperationem
785 1206 905 1296 adigit.
943 1201 1056 1294 Igitur
1069 1201 1126 1271 les
1138 1223 1213 1271 non
1228 1197 1413 1287 iustificat,
1435 1201 1520 1294 quia
1910 1209 1921 1236 ¹

536 1316 750 1393 conscientia
770 1312 959 1400 desperans
978 1302 1071 1393 sugit
1091 1314 1126 1375 et
1148 1302 1228 1374 odit
1246 1300 1419 1372 iudicium
1440 1298 1521 1389 Dei,
1659 1329 1784 1426 (xpp.)
1824 1334 1931 1410 App„
1962 1331 2251 1430 aunuum
2291 1341 2341 1415 ge
2357 1346 2466 1421 pide·

535 1442 612 1492 non
625 1410 924 1587 (blegefleullrlnbst
935 1504 1099 1600 repetitio
1112 1505 1249 1599 quarti,
1274 1517 1311 1577 et
1324 1503 1521 1598 explicatio,
1571 1488 1699 1575 Etiam
1724 1526 1805 1574 curn
1828 1504 1915 1575 lides
1936 1476 2093 1596 expectat
2110 1504 2358 1583 liberationem
2385 1536 2558 1605 corpora.

536 1644 578 1693 ac
602 1630 767 1687 naturam
784 1610 884 1697 ¹fidei
910 1607 1025 1679 multo
1047 1607 1178 1678 clarius
1201 1606 1376 1691 ostendit,
1409 1619 1445 1677 et
1470 1617 1523 1675 est
1571 1604 1661 1686 lem,
1695 1617 1737 1676 ut
1756 1605 1842 1675 fides
1862 1601 1959 1676 Mosi
1982 1607 2028 1677 ad
2050 1629 2148 1677 mare
2174 1610 2344 1698 rubrum,
2380 1627 2441 1685 sut
2467 1616 2557 1685 fides

535 1717 645 1792 buius
658 1713 768 1787 totius
783 1708 1043 1782 controversiae
1062 1700 1240 1799 σύνεχον,
1267 1731 1339 1799 qno
1364 1728 1439 1775 non
1462 1706 1522 1776 in·
1571 1700 1687 1790 Noae,
1712 1718 1776 1778 aut
1789 1701 1956 1776 Abrabae
1972 1706 2195 1798 expectantis-
2208 1712 2463 1801 posteritatem:
2500 1730 2555 1787 ts·

537 1821 696 1904 tellecto,
726 1828 803 1884 non
822 1823 937 1903 potest
948 1807 1053 1880 Pauli
1077 1808 1249 1879 sententia
1275 1805 1400 1881 teneri.
1450 1805 1523 1878 Su-
1572 1827 1655 1874 men
1669 1801 1756 1876 haec
1771 1806 1858 1876 fides
1872 1806 2019 1878 existere
2034 1829 2110 1877 non
2123 1821 2260 1900 potest,
2283 1811 2457 1886 nisisdsit
2470 1815 2554 1885 fides

536 1921 649 1993 mitur
663 1928 782 1988 autem
794 1909 863 1984 boc
876 1923 1123 2001 argumentum
1138 1931 1180 1979 cx
1195 1931 1298 1979 causa
1315 1906 1523 2000 promissio-
1553 1981 1555 1986 ,
1573 1906 1717 1976 credens
1734 1907 1977 1978 remissionem
1995 1923 2236 2001 peccatorum.

536 2022 614 2108 nis,
644 2017 825 2087 videlicet:
860 2009 988 2084 Utrum
1018 2022 1139 2082 nostra
1166 2010 1293 2080 merita
1319 2009 1392 2081 sint
1420 2031 1522 2080 causa
1672 2008 1712 2079 2.
1744 2005 1829 2078 Ideo
1845 2006 1978 2080 Paulus
1997 2022 2091 2081 recte
2111 2014 2355 2088 accommodat
2367 2016 2558 2088 aasentias

536 2116 802 2219 promissionis,
823 2137 870 2183 an
883 2113 958 2183 sola
968 2112 1042 2184 Dei
1056 2110 1310 2184 misericordia.
1573 2107 1715 2193 citatas,
1737 2122 1797 2195 nt,
1822 2110 1973 2181 credidit
1985 2102 2171 2181 Abrabam
2186 2108 2264 2186 n..
2280 2129 2346 2188 ese.
2392 2111 2441 2189 Et
2462 2130 2556 2195 mse

613 2220 651 2298 7.
671 2218 712 2291 si
722 2214 908 2310 promissio
922 2213 1093 2305 penderet
1105 2236 1147 2282 ex
1161 2209 1367 2282 conditione
1381 2223 1525 2282 nostro-
1572 2207 1661 2278 dicit
1686 2205 1978 2284 1.Corintb.10.:
2010 2206 2152 2282 Omnes
2167 2235 2233 2306 per
2249 2213 2380 2288 Mosen
2390 2216 2555 2309 baptizati

538 2346 621 2396 rum
636 2319 856 2400 meritorum,
880 2326 970 2384 esset
983 2313 1119 2385 incerta
1133 2326 1168 2384 et
1182 2310 1294 2384 irrita.
1328 2309 1522 2405 Nunquam
1573 2308 1711 2380 suntin
1727 2312 1823 2381 nube
1838 2324 1871 2381 et
1884 2312 1986 2388 mari,

539 2424 635 2495 enim
660 2416 831 2489 babemus
855 2412 1064 2484 sufficientia
1087 2412 1235 2497 merita,
1267 2424 1412 2505 propter
1433 2410 1523 2505 quae
1677 2410 1711 2481 8.
1743 2409 1866 2503 Itaque
1880 2435 1956 2481 non
1971 2411 2273 2510 intelliguntqnid
2294 2415 2343 2488 sit
2362 2417 2468 2503 tides,
2493 2417 2557 2511 qui

540 2519 756 2597 conscientia
785 2529 939 2586 statuere
963 2514 1093 2605 possit,
1135 2535 1202 2582 nos
1223 2513 1348 2603 dignos
1369 2534 1442 2583 esse
1466 2536 1524 2582 re-
1574 2510 1698 2583 dicunt
1712 2508 1865 2582 Paulum
1883 2513 2035 2585 abusum
2050 2516 2360 2591 esseteatimoniis.
2460 2537 2464 2548 ·

539 2623 709 2697 missione
722 2629 964 2710 pcccatorum,
986 2614 1114 2704 dignos
1135 2634 1229 2699 esse,
1254 2610 1451 2707 quosDeus
1467 2637 1525 2683 re-

539 2737 642 2819 putet
661 2723 770 2792 iustos
789 2730 824 2785 et
844 2728 1018 2807 acceptos:
1064 2715 1169 2799 item,
1206 2713 1334 2804 dignos
1355 2736 1429 2787 esse
1451 2713 1525 2785 vita
1574 2744 1719 2842 (xm.)
1757 2747 1862 2819 ‘ma
1896 2744 2191 2841 gpppupappm
2237 2749 2282 2825 po
2301 2759 2493 2827 mmm
2516 2762 2556 2824 et

540 2839 695 2946 aeterna.
756 2817 868 2908 Igitur
891 2826 1120 2907 necessust,
1154 2815 1424 2934 promissionem
1443 2838 1525 2908 gra·
1576 2846 1917 2949 mppmmmm
1928 2852 2053 2925 Pam·
2106 2856 2210 2941 (οΡΡο
2224 2854 2392 2925 ΜΠ
2418 2881 2450 2944 P·
2465 2859 2557 2940 330.)

539 2938 666 3000 tortam
685 2942 776 3005 esse,
801 2929 836 2987 et
850 2940 925 2987 non
940 2916 1093 3007 pendere
1110 2940 1152 2984 ex
1166 2918 1371 2988 condrtrone
1383 2931 1526 2989 nostro-
1859 2971 1868 2988 ,

539 3050 623 3098 rum
638 3022 869 3104 meritorum,
894 3017 1029 3110 alioqui
1041 3016 1137 3086 enim
1161 3017 1229 3088 erit
1252 3018 1386 3089 incerta
1408 3032 1444 3089 et
1466 3018 1526 3087 in·-
1576 3004 1688 3108 Quod
1710 3010 1884 3105 Origenes
1912 3026 1947 3083 et
1978 3014 2040 3083 alii
2071 3014 2369 3106 interpretantur,
2405 3015 2558 3089 Paulum

538 3126 652 3199 utilis.
703 3120 822 3192 Iamsi
837 3119 966 3212 pendet
987 3118 1163 3210 reputatio
1185 3118 1364 3202 iusticiae,
1388 3140 1463 3187 non
1483 3142 1525 3188 ex
1575 3121 1745 3207 abrogare
1760 3115 1976 3186 ceremonias
1985 3111 2179 3197 Mosaicas‚
2203 3139 2286 3187 cnm
2299 3117 2474 3210 disputat,
2493 3141 2559 3188 ne-

541 3227 748 3301 oonditione
770 3235 974 3292 nostrorum
998 3242 1167 3309 operum,
1199 3219 1261 3288 sed
1281 3240 1323 3287 ex
1343 3218 1418 3289 sola
1440 3242 1525 3311 pro·
1577 3219 1709 3288 minem
1724 3239 1842 3289 coram
1850 3212 1928 3285 Deo
1942 3215 2073 3288 iustum
2088 3237 2163 3288 esse
2175 3230 2323 3311 propter
2335 3219 2463 3310 legem,
2488 3242 2564 3292 non

540 3328 728 3409 missione,
748 3322 907 3417 sequitur
928 3319 1142 3405 necessario,
1166 3315 1340 3390 Homines
1365 3343 1526 3412 pronun·
1575 3320 1760 3392 falluntur.

542 3429 630 3499 cieri
643 3429 773 3506 iustos,
797 3422 872 3492 sola
889 3420 976 3503 fide,
999 3420 1192 3511 accipiente
1207 3419 1307 3488 illam
1320 3421 1527 3510 promissio-
1676 3423 1714 3496 2.
1749 3418 1821 3492 Sed
1840 3414 1974 3491 Paulus
1993 3418 2105 3509 magis
2127 3419 2359 3514 belligeratur
2380 3444 2462 3494 cnm
2481 3424 2561 3513 opi-

541 3548 646 3605 nem,
670 3544 746 3590 non
760 3531 905 3611 propter
918 3531 1055 3588 nostras
1067 3519 1216 3589 virtutes
1230 3533 1291 3591 aut
1307 3543 1425 3611 opera.
1577 3520 1704 3602 niune,
1730 3543 1837 3615 quam
1857 3522 1902 3591 de
1921 3522 1997 3610 lege
2018 3515 2200 3595 habebam
2221 3522 2430 3605 advmsarii,
2453 3545 2560 3618 qnam

644 3619 725 3692 Hoc
753 3632 805 3690 est
830 3618 927 3712 quod
951 3617 1069 3710 inquit
1092 3615 1239 3687 Paulus:
1291 3619 1377 3692 Ideo
1398 3644 1439 3692 ex
1459 3623 1527 3691 lide
1578 3646 1660 3695 cum
1682 3622 1769 3715 ipsis
1790 3621 2019 3707 ceremoniis,
2046 3634 2084 3693 et
2108 3645 2247 3695 cansam
2270 3626 2457 3716 abrogatae
2475 3622 2561 3715 legis

542 3724 674 3818 gratis,
704 3733 745 3792 ut
760 3721 807 3791 sit
820 3719 922 3789 firma
938 3716 1138 3808 promissio.
1186 3717 1294 3788 Item:
1328 3718 1369 3789 Si
1391 3722 1529 3809 exlege
1579 3721 1733 3816 quaerit,
1770 3722 1867 3815 qnod
1896 3721 2059 3792 videlicet
2080 3722 2160 3793 ideo
2182 3722 2317 3796 reiiciat
2337 3725 2563 3806 ceremonias,

542 3844 840 3918 consequeremur
861 3816 1134 3904 haereditatem,
1158 3818 1297 3892 sublata
1320 3832 1408 3891 esset
1430 3821 1530 3909 fides,
1579 3823 1663 3917 quis
1680 3844 1786 3893 nemo
1804 3820 1851 3891 sit
1862 3819 1977 3894 iustus
1991 3845 2109 3893 coram
2122 3818 2199 3893 Deo
2214 3834 2360 3916 propter
2372 3825 2497 3913 legem.

542 3942 579 4001 et
592 3925 694 3997 irrita
706 3921 905 4015 promissio.
1158 3968 1160 3972 ι
1681 3921 1717 3995 8.
1749 3920 1892 4016 Itaque,
1931 3924 2029 4017 quod
2052 3917 2228 4013 Origenes
2256 3922 2387 3993 interea
2406 3923 2558 4014 affingit,

547 4070 552 4077 -
644 4026 758 4118 Impia
778 4018 957 4094 calumnia
972 4031 1042 4107 est,
1066 4020 1225 4093 cavillari
1237 4019 1406 4095 Paulum:
1432 4022 1531 4117 quod
1580 4019 1741 4094 homines
1757 4023 1870 4094 iustos
1885 4045 1959 4094 esse
1972 4035 2118 4118 propter
2132 4046 2239 4117 opera
2254 4021 2414 4107 moralia,
2437 4024 2559 4096 obruit

433 4147 435 4151 ’
543 4133 711 4206 abutatur
743 4123 946 4217 Scripturas
979 4121 1211 4212 testimoniis,
1253 4137 1290 4195 et
1325 4120 1531 4219 hyperbolis
1580 4123 1789 4195 beneficium
1804 4118 1963 4212 Christi,
1987 4136 2023 4197 et
2035 4121 2264 4198 comcientias
2276 4122 2420 4196 adducit
2437 4124 2477 4196 in
2491 4126 2562 4198 du-

543 4228 759 4328 qnibusdam
774 4228 880 4298 lidern
896 4224 1084 4294 immodice
1104 4239 1228 4313 omct‚
1252 4239 1294 4297 ut
1314 4225 1413 4298 inre
1437 4249 1532 4299 nova
1581 4224 1803 4298 bitationsn.

544 4335 684 4408 facilius
698 4329 831 4403 alliciat
844 4324 1007 4399 homines
1020 4328 1066 4395 ad
1080 4321 1328 4417 Evangelium.
1683 4323 1720 4400 4.
1761 4321 1946 4401 Dubitatio
1976 4341 2030 4402 est
2053 4341 2251 4422 peecatum,
2286 4351 2397 4423 quare
2421 4349 2562 4400 necesse

647 4432 685 4509 8.
718 4431 842 4526 ltaque
857 4428 1030 4509 delendo,
1053 4438 1092 4513 et
1106 4427 1307 4496 testimonia
1322 4423 1463 4496 aPaulo
1479 4427 1533 4494 ci·
1582 4441 1644 4514 est,
1668 4425 1919 4499 conscientiam
1934 4442 2031 4504 certo
2045 4443 2207 4518 statuere,
2231 4432 2327 4525 qnod
2341 4431 2453 4503 simus
2466 4429 2564 4516 iusti,

546 4548 617 4608 tata
632 4548 713 4627 apte
727 4535 903 4628 quadrare
917 4528 960 4597 ad
977 4522 1069 4596 banc
1088 4547 1249 4610 causam,
1271 4539 1307 4595 et
1320 4525 1432 4617 ipsam
1448 4547 1532 4596 can·
1581 4524 1649 4601 hoc
1663 4541 1732 4614 est,
1755 4530 1888 4623 accepti
1900 4526 2017 4603 Deo.¹
2112 4618 2115 4623 Ι

423 4623 427 4632 ’
546 4656 623 4706 sam
640 4630 698 4703 his
712 4629 927 4723 argumentis
941 4626 1025 4700 satis
1038 4625 1213 4698 munitam
1227 4637 1332 4718 atque
1345 4626 1533 4697 confirma·
1684 4627 1722 4703 ὅ.
1759 4627 1827 4700 Illa
1850 4630 2025 4705 certitudo
2046 4630 2148 4705 nullo
2170 4632 2280 4703 modo
2299 4633 2414 4706 teneri
2436 4647 2563 4726 potest,

545 4749 621 4808 tam
634 4754 718 4807 esse„
1581 4729 1613 4799 si
1626 4730 1757 4819 pendet
1770 4729 1971 4804 iustificatio
1994 4756 2037 4804 ex
2057 4730 2263 4807 conditione
2282 4749 2425 4808 nostrae
2444 4733 2565 4826 digni-

650 4831 688 4907 9.
725 4827 888 4924 Delendo
910 4827 998 4899 item
1020 4827 1173 4900 Paulum
1193 4824 1390 4917 intelligere
1414 4827 1533 4913 lidcm,
1581 4829 1664 4903 tatis
1677 4853 1740 4902 seu
1753 4854 1900 4922 operum
1913 4832 2113 4906 moralium.

547 4933 715 5008 fiduciam
738 4928 1018 5014 misericordiae,
1057 4950 1133 4998 non
1159 4927 1329 5002 noticiam
1351 4923 1533 5011 historiae,
1686 4931 1723 5007 6.
1762 4929 1995 5007 Defendimus
2013 4933 2125 5025 igitur
2144 4930 2238 5008 hanc
2260 4958 2335 5010 esse
2355 4933 2462 5009 Pauli
2485 4927 2567 5010 seri·

547 5051 609 5111 aut
626 5049 904 5131 praeceptorum.
1118 5098 1123 5110 ,
1582 5032 1748 5107 tentiam:
1770 5031 1879 5125 Quod
1899 5034 2178 5129 pronuntiamur
2190 5039 2274 5111 iusti
2288 5062 2353 5132 per
2367 5038 2566 5111 misericor·

551 5180 596 5199 -.
651 5141 711 5212 10.
741 5134 904 5208 Defendo
924 5146 960 5206 et
981 5129 1069 5217 boc,
1103 5135 1198 5229 quod
1221 5126 1384 5205 detrabat
1406 5130 1534 5203 iustiti·
1582 5134 1696 5222 diam,
1728 5159 1804 5207 non
1824 5149 1969 5230 propter
1989 5151 2110 5211 nostra
2135 5162 2258 5230 opera,
2287 5154 2353 5213 ant
2373 5139 2563 5213 novitatem

549 5242 722 5317 sationem
750 5259 826 5306 non
858 5249 998 5307 tantum
1023 5235 1250 5315 ceremoniis,
1282 5236 1344 5305 sed
1366 5232 1535 5305 omnibus
1583 5251 1760 5325 nostram,
1786 5240 1848 5310 sed
1872 5238 1998 5330 matis,
2027 5253 2064 5313 et
2085 5253 2202 5313 tamen
2224 5242 2298 5321 lide¹
2313 5237 2562 5334 hanejmiscri-

548 5342 742 5416 virtutibus
770 5358 811 5405 ac
836 5337 1004 5424 operibus
1031 5335 1247 5419 moralibus,
1285 5348 1321 5404 et
1348 5334 1535 5405 transferat
1584 5339 1741 5409 cordiam
1755 5339 1868 5430 accipi
1885 5354 2039 5435 oportet.

549 5470 627 5520 narn
642 5444 686 5515 ad
700 5434 990 5514 misericordiam,
1014 5456 1193 5526 qusenon
1209 5444 1261 5502 est
1274 5433 1421 5521 incerta,
1437 5448 1479 5506 ut
1493 5435 1534 5508 in
1595 5469 1597 5475 ·
1683 5441 1720 5512 7.
1763 5436 1871 5510 Fides
1897 5443 2073 5534 significat
2098 5428 2566 5525 lidnciam'misericdrdiae,

549 5546 684 5623 indicio
698 5538 874 5623 humano,
898 5532 961 5605 sed
976 5545 1071 5603 certs
1086 5534 1182 5605 iuxta
1196 5533 1479 5623 promissionem.
1527 5590 1530 5597 .
1582 5535 1782 5610 iustificatio
1805 5538 2020 5634 intelligitur
2038 5544 2203 5634 relative,
2233 5570 2298 5639 pro
2318 5542 2568 5636 acceptatione,

574 5656 579 5663 '
646 5648 715 5723 tt,
760 5637 859 5713 Ilaec
891 5631 1081 5720 doctrina„
1115 5655 1223 5728 quam
1253 5632 1300 5704 sit
1328 5637 1534 5718 necessaria,
1582 5660 1658 5707 non
1670 5661 1735 5731 pro
1750 5637 1929 5714 infusione
1941 5642 2097 5723 habitus,
2135 5645 2278 5720 Iusticis
2292 5642 2351 5719 hic
2365 5668 2441 5718 non
2455 5643 2569 5735 gigni.

549 5748 775 5845 qnam'plena
788 5734 1057 5823 consolationis,
1077 5734 1126 5809 ita
1148 5747 1242 5809 recte
1263 5733 1415 5807 iudicari
1434 5750 1535 5829 pote-
1582 5738 1662 5809 ficet
1683 5734 1843 5811 habitum
1865 5740 1907 5814 in
1929 5749 2055 5842 nobis,
2093 5762 2133 5821 nt
2149 5749 2196 5825 ¹in
2216 5743 2469 5844 Philosophia,
2486 5810 2489 5817 ,
2508 5749 2569 5819 scd

548 5853 616 5938 rit,
641 5850 670 5921 si
688 5871 764 5921 eam
779 5842 1011 5938 experiamur.
1459 5906 1467 5919 ,
1531 5906 1534 5911 ,
1583 5837 1757 5930 significat
1770 5841 1917 5920 relative
1931 5850 2233 5943 acceptationum,
2348 5858 2351 5863 ·
