6025 6775
406 763 478 841 sc:
1048 739 1312 832 amntem
1342 745 1793 830 uncturuoms.
2348 764 2425 845 5⁶2

403 961 407 968 ·
510 935 546 1008 t.
570 933 710 1009 Deinde
727 928 892 1015 Ethnici,
914 922 1186 1000 Mahometistae
1211 940 1246 999 et
1265 946 1388 998 omues
1439 947 1524 994 nam
1555 921 1707 1015 cogitato
1739 926 1998 998 discernentem
2028 924 2219 1002 Personas:
2273 928 2420 1011 ilices:

408 1037 527 1129 ignari
540 1031 726 1129 Evangelii
749 1045 867 1105 errant
888 1032 934 1100 de
949 1030 1130 1103 voluntate
1146 1023 1227 1101 Dei.
1277 1025 1387 1102 Acce-
1438 1025 1533 1095 filius
1553 1047 1653 1096 meus
1674 1027 1841 1114 dilectus,
1872 1040 1939 1104 etc.
1995 1024 2101 1101 Item:
2135 1032 2225 1104 vidit
2243 1028 2418 1127 Spiritum

406 1141 503 1209 dunt
523 1139 568 1208 ad
586 1135 702 1209 Deum
720 1135 794 1205 sine
817 1131 1013 1202 mediatore
1041 1130 1120 1200 sine
1139 1126 1387 1222 promissione,
1436 1140 1598 1199 caunum
1613 1129 1884 1201 descendentem
1900 1126 2016 1221 specie
2029 1131 2225 1206 columbae.

409 1252 447 1310 et
468 1248 611 1308 manent
634 1237 672 1305 in
694 1232 934 1318 dubitatione,
966 1254 1013 1302 au
1041 1230 1260 1323 recipiantur
1282 1241 1317 1301 et
1339 1251 1387 1299 an
1541 1225 1601 1297 11.
1640 1225 1717 1301 Imo
1739 1242 1774 1300 et
1795 1241 1897 1301 tuum
1918 1230 2133 1324 baptismum
2155 1235 2317 1327 cogitato.
2374 1233 2419 1309 ln

410 1338 652 1410 exaudiantur.
704 1333 804 1406 Talis
817 1332 974 1426 precatio
990 1331 1245 1404 contumeliosa
1259 1342 1311 1402 est
1322 1331 1387 1402 ad·
1436 1340 1499 1400 tuo
1515 1327 1691 1420 baptismo
1711 1331 1802 1402 facta
1819 1342 1871 1403 est
1888 1330 1970 1404 talis
1992 1331 2191 1425 invocatio,
2216 1360 2306 1432 quae
2323 1331 2419 1411 hunc

410 1460 530 1510 versus
542 1435 656 1507 Deum
678 1448 714 1508 et
730 1435 977 1506 mediatorem.
1435 1453 1561 1502 verum
1582 1428 1697 1504 Deum
1719 1432 1888 1506 discernit
1912 1433 1959 1504 ab
1980 1434 2145 1508 omnibus
2168 1439 2421 1512 commentitiis
2492 1509 2496 1516 ,

508 1531 545 1609 6.
572 1532 729 1607 Econtra
742 1532 900 1606 Ecclesia
914 1533 1063 1627 supplex
1079 1529 1240 1604 intuetur
1251 1528 1388 1605 media-
1437 1531 1657 1605 numinibus.
1706 1530 1763 1605 lbi
1776 1534 1900 1606 foedus
1922 1534 2053 1607 factum
2073 1551 2142 1625 est,
2165 1551 2205 1609 ut
2226 1534 2312 1610 haec
2334 1564 2418 1612 vera

407 1655 518 1712 torem
534 1649 570 1707 et
586 1635 878 1729 promissionem,
903 1634 1024 1725 etagit
1036 1633 1164 1723 gratim
1178 1631 1268 1716 Deo,
1292 1633 1388 1728 quod
1437 1630 1607 1703 diviuitas
1620 1648 1655 1705 te
1669 1633 1857 1729 reciperet,
1882 1646 1918 1706 et
1931 1647 1972 1707 tu
1990 1658 2193 1728 agnosceres
2214 1654 2249 1711 et
2272 1639 2417 1711 invoca-

404 1739 577 1809 immensa
594 1736 756 1809 bonitate
769 1736 1002 1808 mediatorem
1018 1735 1123 1805 nobis
1137 1734 1333 1816 constitnit,
1353 1745 1390 1804 et
1438 1754 1494 1802 res
1517 1727 1616 1802 hunc
1636 1731 1772 1821 Deum,
1805 1737 1868 1831 qui
1890 1749 1941 1807 est
1962 1749 2125 1810 aeternus
2148 1754 2251 1834 pater
2269 1736 2417 1811 Domini

403 1838 659 1934 promissiones
672 1837 840 1925 tradidit,
864 1850 901 1910 et
912 1836 1143 1908 iureiurando
1164 1833 1330 1907 adfirmat
1351 1855 1388 1904 se
1439 1831 1554 1903 nostri
1569 1828 1648 1905 lesu
1662 1830 1815 1922 Christi,
1846 1837 2012 1909 conditor
2033 1827 2115 1910 cuin
2136 1841 2211 1912 lilio
2231 1853 2265 1911 et
2279 1839 2420 1933 Spiritu

404 1952 504 2013 certo
516 1962 583 2011 nos
599 1940 765 2031 recipere.
789 1935 935 2011 Invocat
950 1937 1060 2029 igitur
1071 1936 1200 2007 fiducia
1216 1934 1390 2007 mediato·
1439 1947 1583 2018 sancto,
1607 1957 1647 2005 ac
1662 1935 1786 2028 recipit
1800 1950 1834 2008 te
1850 1951 1995 2030 propter
2005 1939 2139 2030 filium,
2164 1955 2200 2014 et
2221 1942 2363 2035 copulat
2382 1956 2419 2016 te

407 2040 479 2127 ris,
504 2040 682 2134 sicutipse
695 2039 834 2112 docuit:
857 2038 1046 2135 Quidquid
1066 2037 1238 2130 petieritis
1252 2051 1389 2132 patrem
1440 2032 1510 2107 sibi
1526 2033 1664 2127 Spiritu
1678 2059 1742 2108 suo
1754 2053 1888 2114 sancto.

405 2142 447 2211 iu
463 2142 612 2213 nomine
624 2164 725 2227 meo,
749 2140 977 2214 dabitvobis.
1543 2135 1603 2207 12.
1634 2134 1752 2208 Simul
1773 2138 1878 2210 etiam
1900 2140 2048 2240 cogites,
2079 2144 2195 2237 qualis
2218 2145 2265 2217 sit
2286 2144 2420 2217 diviui-

510 2243 548 2313 6.
571 2239 662 2313 His
676 2241 942 2312 discriminibus
955 2238 1062 2313 initio
1078 2236 1326 2321 consideratis,
1350 2233 1390 2304 in
1439 2252 1513 2322 tas,
1536 2237 1692 2330 sapiens,
1717 2263 1840 2323 verax,
1865 2240 1976 2328 bona,
1998 2243 2164 2329 benefica,
2188 2244 2294 2333 iusta,
2317 2261 2421 2335 casta,

408 2342 508 2415 omni
532 2343 734 2436 precatione
758 2335 822 2415 has
845 2343 1005 2440 quinque
1034 2338 1391 2412 commonefactioncs
1439 2337 1641 2425 liberrima,
1665 2340 1909 2434 omnipotens,
1933 2342 2106 2416 iudicans.
2153 2342 2203 2416 Et
2217 2346 2425 2428 discrimina

407 2443 515 2516 nobis
533 2466 784 2537 proponamus.
1439 2461 1672 2529 personarum
1694 2442 1915 2534 consideres,
1940 2456 1976 2516 et
1991 2444 2193 2517 testimonia
2209 2450 2339 2519 amoris
2354 2447 2422 2521 Dei

425 2553 428 2558 ’
513 2545 552 2618 i.
583 2543 704 2615 Prima
725 2544 790 2630 sit,
822 2542 969 2632 cogites,
1000 2565 1107 2638 quem
1129 2540 1217 2612 velis
1242 2535 1390 2631 alloqui,
1441 2563 1522 2632 erga
1545 2562 1622 2612 nos.
1687 2540 1813 2629 Pater,
1850 2544 1944 2615 filius
1969 2559 2004 2617 et
2028 2545 2184 2639 Spiritus
2208 2563 2349 2622 sauctus
2372 2550 2423 2622 ita

413 2645 510 2742 quod
525 2645 570 2718 sit
584 2645 676 2717 illud
692 2665 827 2715 numen
842 2645 939 2736 quod
953 2643 1157 2738 alloqueris,
1171 2641 1235 2713 ubi
1250 2653 1284 2710 et
1298 2661 1391 2732 quo·
1441 2641 1678 2714 condiderunt
1705 2637 1905 2732 hominem,
1944 2658 1986 2717 ut
2003 2647 2193 2740 imaginem
2216 2650 2271 2721 sui
2295 2652 2334 2720 iu
2356 2674 2423 2722 nos

409 2746 519 2817 modo
531 2768 573 2850 pe
587 2744 811 2838 patefecerit,
833 2766 901 2814 nec
914 2744 1037 2834 vagari
1050 2755 1206 2814 mentem
1220 2741 1327 2825 sinas,
1347 2750 1391 2810 ut
1440 2743 1748 2832 transfunderent,
1773 2767 1855 2816 vere
1868 2745 1978 2836 igitur
1994 2748 2117 2820 dilexit
2130 2744 2199 2821 hoc
2220 2775 2309 2843 opus
2329 2753 2424 2822 divi-

408 2845 556 2919 Hecuba
565 2846 604 2916 in
613 2844 811 2937 Tragoedia
828 2843 930 2915 dicit:
956 2840 1137 2936 Olupiter
1152 2840 1326 2938 quidquid
1344 2861 1392 2924 es,
1441 2841 1536 2913 nitas
1551 2844 1739 2919 conditrix.
1788 2843 1875 2917 Filii
1888 2869 1990 2917 amor
2002 2847 2097 2920 lucet
2116 2849 2156 2917 iu
2177 2853 2423 2942 deprecatione

408 2947 485 3020 sive
507 2970 626 3038 mens,
652 2947 726 3016 sive
744 2936 890 3042 ἀνάγκη
911 2936 1070 3040 φύσεως.
1120 2942 1308 3014 Texantur
1323 2933 1391 3009 hae
1441 2957 1477 3014 et
1492 2965 1607 3035 poena
1621 2967 1686 3035 pro
1701 2945 1807 3017 nobis
1823 2959 1995 3038 suscepta.
2028 2946 2183 3040 Spiritus
2197 2950 2307 3021 sancti
2323 2975 2424 3022 amo

411 3048 653 3122 dubitationes
673 3047 714 3116 in
735 3045 829 3117 dicto
843 3041 994 3117 Christi:
1020 3044 1096 3120 Vos
1116 3042 1271 3117 adoratis
1294 3041 1391 3137 quod
1441 3068 1518 3115 rem
1534 3044 1638 3115 fateri
1653 3055 1875 3132 necesse'est,
1907 3071 1987 3117 cum
2010 3046 2051 3116 in
2073 3044 2219 3144 corde²)
2242 3065 2305 3122 tuo
2325 3052 2425 3126 velut

406 3150 566 3226 nescitis,
1442 3146 1482 3215 iu
1502 3145 1685 3218 domicilio
1708 3160 1743 3218 et
1763 3147 1895 3240 templo
1916 3169 1981 3219 suo
2005 3140 2164 3220 habitare
2189 3150 2293 3243 velit,
2329 3163 2371 3223 ut
2389 3166 2423 3226 te

513 3249 552 3324 8.
573 3246 772 3344 Prophetae
787 3262 820 3319 et
836 3247 899 3319 alii
915 3249 1026 3322 sancti
1038 3248 1079 3320 in
1104 3245 1239 3340 populo
1260 3242 1394 3316 discer-
1441 3261 1539 3339 regat
1553 3257 1587 3315 et
1599 3247 1760 3320 flammas
1775 3246 2010 3320 invocationis
2024 3251 2204 3325 exuscitet.

413 3353 548 3426 nebant
566 3375 667 3426 snam
690 3351 954 3424 invocationem
975 3351 1020 3422 ab
1036 3345 1176 3423 ethnica
1193 3342 1250 3417 his
1264 3346 1394 3430 modis,
1545 3348 1606 3424 ts.
1640 3344 1708 3421 Est
1736 3363 1853 3421 autem
1884 3350 1978 3422 filius
2005 3350 2121 3443 imago
2151 3352 2287 3425 aeterni
2314 3355 2425 3447 patris

412 3455 590 3528 addebant
603 3454 743 3527 nomini
757 3449 826 3523 Dei
839 3452 938 3524 aliud
954 3454 1140 3546 proprium
1155 3443 1299 3524 lehova.
1331 3444 1393 3517 ln·
1442 3449 1654 3543 cogitatione
1675 3450 1810 3541 genita,
1834 3463 1869 3523 et
1889 3453 2085 3543 adsumpsit
2105 3448 2298 3525 humanam
2320 3469 2427 3528 natu-

368 3554 372 3564 '
413 3556 556 3627 tercium
580 3556 758 3627 addebant
777 3551 875 3625 Deus
890 3549 1084 3626 Abraham.
1132 3550 1229 3622 Deus
1252 3556 1392 3641 patru'm
1441 3575 1519 3622 ram
1534 3550 1574 3621 iu
1591 3550 1730 3642 virgine
1743 3550 1880 3640 Maria,
1905 3565 1945 3624 ut
1960 3575 2025 3645 pro
2040 3554 2146 3625 nobis
2160 3555 2303 3627 victima
2315 3557 2426 3635 fieret.

414 3667 634 3730 nostrorum.
679 3650 728 3727 Et
758 3655 798 3725 in
829 3654 946 3746 primo
980 3665 1166 3748 praecepto
1188 3647 1286 3724 Deus
1318 3649 1393 3741 ipse
1441 3651 1549 3725 Hunc
1566 3653 1671 3723 nobis
1688 3666 1867 3724 ostensum
1883 3652 1961 3724 vult
1975 3676 2042 3724 nos
2063 3667 2225 3729 aeternus
2245 3672 2345 3749 pater
2367 3658 2427 3727 in·
2522 3691 2530 3701 ·

417 3756 561 3847 signum
581 3754 697 3838 addit,
721 3781 792 3850 quo
815 3756 893 3829 vult
912 3757 1055 3847 agnosci
1071 3767 1106 3828 et
1120 3752 1291 3826 discerni:
1314 3746 1392 3841 Ego
1443 3754 1535 3826 tueri
1551 3765 1586 3825 et
1600 3754 1735 3830 audire.
1784 3750 1834 3825 Et
1847 3755 1935 3826 scire
1949 3748 2043 3827 hauc
2056 3779 2175 3829 veram
2195 3781 2269 3829 esse
2291 3758 2426 3830 divini·

382 3910 385 3915 -
416 3881 496 3929 sum
508 3852 704 3942 Dominus,
729 3857 792 3952 qui
808 3857 916 3928 eduxi
929 3881 992 3928 vos
1009 3883 1051 3928 ex
1065 3852 1228 3952 Aegypto
1243 3865 1309 3926 etc.
1334 3850 1394 3923 Sic
1443 3869 1570 3941 tatem,
1595 3878 1686 3948 qnae
1702 3855 1798 3927 misit
1813 3851 1907 3928 hanc
1921 3854 2114 3934 victimam.

411 3959 493 4030 vult
514 3957 656 4049 agnosci
676 3954 775 4029 Deus
792 3957 976 4051 proposito
998 3957 1223 4040 testimonio,
1255 3953 1296 4022 in
1321 3974 1393 4047 quo
1549 3952 1609 4031 14.
1648 3954 1806 4049 Spiritus
1828 3970 1969 4028 unctus
1989 3969 2043 4029 est
2061 3959 2213 4049 agitator
2232 3962 2427 4055 procedens

414 4060 490 4133 eius
504 4059 701 4153 praesentia
713 4072 934 4151 agnoscatur.
1443 4060 1490 4131 ab
1510 4070 1654 4132 aeterno
1677 4070 1775 4149 patre
1796 4068 1831 4126 et
1851 4079 1871 4126 a
1891 4056 1985 4142 tilio,
2023 4072 2059 4129 et
2079 4058 2234 4133 mittitur
2257 4062 2297 4131 in
2319 4063 2427 4133 corda

514 4162 550 4235 9.
589 4157 638 4233 Et
657 4161 818 4255 patribus
840 4174 915 4234 erat
930 4158 1024 4229 filins
1036 4156 1237 4252 propositus
1254 4154 1294 4225 in
1309 4177 1395 4248 pro·
1444 4156 1685 4241 credentium,
1715 4170 1756 4226 ut
1774 4156 1891 4225 lucem
1909 4178 2012 4226 verae
2032 4159 2225 4249 agnitionis
2246 4161 2285 4229 iu
2308 4172 2426 4233 mente

413 4263 602 4350 missione,
630 4276 665 4335 et
688 4263 794 4334 nobis
816 4263 887 4332 iarn
904 4255 1083 4334 exhibitus
1099 4272 1163 4331 est.
1213 4255 1320 4327 Hunc
1335 4256 1395 4324 in·
1445 4273 1480 4330 et
1514 4278 1616 4328 veros
1646 4268 1767 4328 motus
1790 4255 1831 4325 iu
1857 4256 2041 4332 voluntate
2064 4272 2101 4330 et
2120 4262 2226 4331 corde
2249 4262 2426 4339 accendat.

399 4379 578 4436 tueamur
592 4365 855 4437 resuscitantem
871 4373 1031 4433 mortuos
1053 4374 1089 4431 et
1102 4381 1331 4450 agnoscamus
1345 4354 1394 4426 si·
1445 4359 1548 4432 Sicnt
1560 4357 1678 4451 inquit
1691 4353 1884 4429 Dominus:
1910 4354 1960 4431 Et
1981 4358 2087 4430 aliam
2102 4354 2339 4458 παράκλητον
2362 4364 2427 4433 da-

417 4465 493 4530 mul
507 4478 652 4554 patrem,
675 4467 791 4537 filium
807 4476 840 4534 et
855 4460 1030 4554 Spiritum
1045 4473 1217 4532 sanctum.
1249 4452 1298 4528 Et
1313 4481 1395 4529 cum
1444 4462 1500 4533 bit
1513 4457 1629 4533 vobis.
1713 4518 1717 4524 .
1985 4524 1989 4530 .

418 4562 525 4632 simul
541 4563 746 4640 invocamus
758 4580 829 4639 tres
844 4583 1023 4657 personas,
1034 4573 1153 4631 tamen
1169 4580 1396 4651 agnoscamus
1549 4558 1609 4637 15.
1640 4556 1719 4630 Hae
1736 4573 1807 4631 tres
1822 4557 1998 4634 Personae
2020 4575 2105 4635 sunt
2126 4556 2316 4655 sistentium:
2322 4615 2335 4652 ,
2362 4589 2442 4638 nec.

417 4661 533 4735 filium
557 4687 632 4735 esse
651 4671 880 4741 mediatorem
902 4678 938 4736 et
957 4663 1172 4734 sacerdotem
1196 4685 1262 4753 pru
1290 4660 1397 4731 nobis
1445 4675 1530 4735 sunt
1545 4659 1681 4754 plures,
1705 4656 1967 4754 necpnuciores
1980 4685 2151 4755 personae
2164 4665 2372 4741 divinitatis.

417 4765 716 4857 interpellantem.
766 4767 863 4841 Haec
879 4790 952 4837 nou
966 4777 1049 4836 suut
1063 4764 1274 4856 pugnantia:
1305 4762 1398 4832 allo-
1551 4765 1610 4839 ts.
1642 4759 1690 4834 Et
1704 4760 1861 4835 Persona
1881 4763 2053 4855 significat
2078 4764 2117 4835 in
2130 4761 2288 4838 Ecclesia
2313 4763 2429 4862 hypo-

420 4865 540 4954 qneris
560 4868 675 4939 filium
697 4873 777 4940 cum
798 4883 897 4964 patre
916 4881 952 4940 et
964 4866 1101 4959 Spiritu
1124 4879 1262 4950 sancto,
1283 4877 1325 4934 ut
1338 4884 1398 4934 so-
1446 4864 1557 4938 stasiu
1580 4863 1855 4955 intelligentem,
1886 4864 2109 4938 individuam
2131 4879 2168 4938 et
2189 4866 2431 4940 incommuni-

420 4962 517 5032 cium
529 4968 667 5038 consilii
683 4968 891 5057 divinitatis,
906 4968 1041 5041 socium
1056 4964 1244 5039 creationis
1263 4977 1298 5036 et
1315 4987 1398 5034 vere
1447 4967 1610 5040 cubilem.

418 5059 562 5151 Deum,
591 5081 626 5139 et
652 5082 770 5140 tamen
799 5086 945 5163 propter
973 5065 1069 5140 hunc
1090 5081 1131 5140 ut
1156 5066 1399 5151 mediatorem,
1552 5064 1613 5142 17.
1643 5061 1759 5134 Verae
1772 5078 1855 5136 sunt
1876 5066 2149 5159 propositiones:
2174 5067 2290 5141 Filius
2313 5086 2365 5145 est
2385 5074 2429 5143 de

420 5163 583 5257 recipite
599 5192 680 5241 oras
697 5171 880 5256 etcredis,
903 5173 1000 5245 iuxta
1021 5171 1129 5241 illud:
1164 5166 1277 5239 Nemo
1300 5165 1399 5236 venit
1449 5165 1598 5239 essentia
1613 5164 1744 5257 patris,
1769 5178 1804 5235 et
1825 5164 1920 5237 filius
1936 5180 1989 5240 est
2011 5169 2161 5241 essentia
2178 5173 2310 5262 genita.
2355 5172 2429 5244 Nec

421 5267 466 5338 ad
482 5280 640 5359 patrem,
663 5271 735 5342 nisi
749 5292 813 5361 per
826 5270 950 5345 filium.
1002 5270 1110 5343 Item:
1135 5266 1233 5341 Haec
1252 5281 1305 5339 est
1326 5267 1399 5339 vita
1449 5267 1721 5340 existimandum
1734 5278 1786 5339 est
1798 5265 1898 5337 illam
1919 5281 2139 5341 coaeternam
2157 5271 2348 5371 imaginem
2365 5296 2431 5365 pa-

422 5380 584 5453 aeterna,
607 5385 650 5444 ut
671 5385 863 5464 agnoscant
883 5382 916 5441 te
937 5372 1052 5444 solum
1067 5394 1191 5444 verum
1206 5367 1342 5457 Deum,
1365 5379 1402 5439 et
1449 5370 1515 5442 tris
1531 5390 1605 5440 esse
1625 5368 1713 5439 duas
1733 5389 1807 5455 res,
1840 5367 2029 5459 imaginem
2050 5384 2087 5443 et
2104 5375 2300 5446 essentiam.
2359 5371 2432 5445 Sed

422 5492 530 5563 quem
546 5473 675 5545 misisti
690 5475 807 5546 Iesum
823 5492 895 5541 esse
905 5465 1097 5549 Christum.
1450 5471 1528 5564 ipsa
1547 5468 1743 5541 essentialis
1763 5468 1879 5559 imago
1903 5469 2021 5560 genita
2042 5484 2095 5543 est
2121 5472 2234 5560 tilius,
2271 5474 2362 5546 sicut
2391 5474 2431 5544 in

527 5573 587 5649 10.
627 5574 710 5648 Non
733 5576 863 5643 frustra
884 5570 974 5640 facta
998 5584 1049 5644 est
1070 5574 1255 5664 patefactio
1277 5573 1315 5644 in
1337 5574 1403 5644 ba·
1451 5572 1613 5668 symbolo
1643 5568 1788 5642 dicitur:
1831 5567 1950 5644 Deum
1969 5573 2013 5644 de
2032 5570 2128 5658 Deo,
2168 5575 2289 5645 lumen
2312 5574 2355 5644 de
2374 5573 2433 5645 lu-

424 5671 556 5761 ptismo
574 5673 654 5753 filii.
687 5677 809 5769 ltaque
825 5671 922 5743 velut
935 5684 1108 5760 spectator
1122 5674 1291 5768 baptismi
1306 5674 1404 5745 illius
1453 5674 1564 5748 mine.

426 5783 523 5841 stans
536 5773 575 5843 iu
591 5775 653 5850 illa
668 5779 743 5871 ipsa
758 5776 837 5867 ripa
853 5770 1014 5843 Iordanis
1029 5769 1070 5839 iu
1081 5786 1184 5845 coctu
1197 5774 1404 5866 augelorum

427 5883 462 5942 et
478 5874 675 5950 multorum
689 5879 850 5972 piorum,
875 5873 938 5968 qui
951 5871 1152 5959 adfuerunt,
1174 5875 1405 5948 vocemdivi·
1490 5898 1803 5975 stttttcpfinatstn
1815 5908 1942 5969 corpore.
2060 5896 2065 5901 '

480 5969 669 6050 Mrusrr‘n.
694 5983 800 6053 Orsa.
823 5979 909 6053 voc.
933 5974 1012 6048 ΧΠ.
1730 5970 1804 6044 Μ
