6025 6775
457 566 507 643 ω
953 553 1113 634 ouon.
1145 556 1220 631 nu
1260 553 1604 632 oroutrarn
1642 551 1850 632 naouu
1886 501 1969 635 uc.
2422 573 2472 643 ao

456 739 542 811 tudo
562 734 704 806 virtutis
725 730 886 802 accendit
908 727 1046 798 animos
1069 728 1114 797 ad
1138 749 1215 796 eam
1240 731 1440 801 amandam.
1490 727 1637 796 tondem
1653 724 1800 818 singulis
1816 729 2034 820 attribuunt,
2060 732 2190 821 gradus
2210 732 2315 803 etiam
2338 735 2474 810 iaciunt

455 838 595 910 Deinde
620 838 718 924 loges
749 852 969 921 cognoscere,
1003 842 1054 899 est
1079 829 1211 899 intueri
1233 843 1342 902 totam
1368 831 1442 899 for·
1490 828 1528 896 in
1546 828 1697 918 praediis
1713 830 1925 901 militaribus
1942 845 1976 900 et
1990 834 2068 901 aliis
2089 835 2206 904 rebus.
2258 833 2473 907 Haecdissi-

454 963 550 1009 mam
564 932 807 1026 Reipublicae.
856 928 948 1002 Cum
965 929 1103 1001 Atticae
1120 929 1271 1000 civitatis
1288 947 1348 1003 aut
1363 929 1442 1002 Ro·
1489 928 1655 998 militudo
1671 953 1744 998 non
1763 932 1907 1021 impedit
1924 933 2097 1003 iusticiam
2113 948 2291 1005 aeternam
2306 949 2341 1005 et
2355 950 2471 1008 motus

361 1109 369 1118 ,
455 1045 591 1110 manae
620 1036 709 1123 leges
731 1031 940 1121 cogitamus,
971 1031 1135 1100 videmur
1159 1033 1258 1123 quasi
1282 1035 1375 1103 cives
1402 1033 1439 1099 in
1489 1029 1629 1097 divinos
1655 1030 1691 1096 in
1714 1033 1836 1116 corde,
1880 1032 1951 1101 imo
1973 1035 2050 1105 vtrlt
2070 1033 2166 1104 Deus
2195 1038 2379 1105 ostendere
2407 1060 2470 1107 suo

457 1139 537 1207 illis
551 1134 634 1226 ipsis
648 1132 792 1202 urbibus
812 1132 951 1215 virere,
976 1131 1158 1201 intuemur
1178 1133 1341 1202 ordinem
1360 1131 1441 1200 Ma·
1489 1152 1663 1223 quemque
1685 1131 1761 1200 loco
1783 1132 1819 1198 in
1845 1126 1900 1200 bis
1918 1133 2022 1203 rebus
2045 1134 2282 1206 obedientiam
2304 1128 2384 1224 erga
2407 1160 2471 1229 pa·

462 1238 682 1327 gistratoum,
730 1231 888 1323 exempla
928 1231 1152 1322 disciplinae,
1205 1235 1440 1303 severissimas
1489 1230 1573 1299 trias
1588 1233 1681 1319 leges
1697 1254 1757 1300 seu
1776 1232 1937 1301 duriores
1949 1258 2010 1303 seu
2030 1235 2192 1310 leniores,

461 1335 623 1406 scelerum
650 1355 811 1421 poenas,
849 1332 961 1425 Appii
993 1332 1198 1413 libidinosi,
1236 1333 1438 1404 Decemviri
1591 1330 1726 1401 Multae
1743 1355 1888 1421 magnae
1908 1356 2030 1402 causae
2053 1337 2215 1416 luerunt,
2240 1359 2305 1406 cur
2328 1350 2362 1408 et
2384 1361 2470 1407 con-

454 1456 584 1515 necem,
609 1430 807 1518 Saturnini,
831 1430 1007 1504 Catilinae
1021 1447 1055 1503 et
1072 1433 1337 1504 coniuratorum
1355 1458 1438 1524 sup-
1487 1430 1609 1501 stituta
1631 1431 1677 1502 sit
1692 1433 1816 1523 politia
1831 1432 1988 1502 Mosaica
2007 1448 2041 1503 et
2055 1447 2171 1523 postea
2188 1437 2313 1507 deleta.
2365 1436 2470 1508 Nunc

450 1534 575 1626 plicia,
614 1533 760 1602 consilia
784 1534 1063 1604 moderatissima
1087 1534 1125 1602 in
1148 1535 1313 1605 sedandis
1337 1536 1438 1604 bellis
1486 1532 1613 1600 rudera
1641 1546 1677 1601 et
1704 1534 1837 1603 cineres
1861 1549 1893 1606 et
1924 1529 2061 1628 ἐρείπια
2090 1534 2127 1603 in
2155 1537 2225 1604 illis
2245 1537 2332 1607 locis
2355 1562 2468 1609 annos

448 1633 627 1717 civilibus,
653 1629 863 1725 ἀμνηστίαν
877 1628 1438 1728 sancitamaThrasyhuloAthc-
1486 1633 1584 1701 mille
1607 1634 1883 1725 quadringentos
1910 1634 2102 1723 octogiuta,
2142 1636 2381 1707 testimonium
2409 1640 2466 1708 di·

447 1735 523 1820 nis,
549 1746 585 1803 et
600 1730 738 1804 Romae
755 1759 774 1802 a
790 1733 941 1820 Senatu,
966 1748 1046 1826 post
1065 1736 1287 1806 interfectum
1304 1735 1436 1808 lulium
1485 1746 1591 1822 cunt,
1617 1733 1695 1802 aliis
1715 1733 1878 1822 gentibus
1895 1758 1969 1802 non
1985 1736 2212 1804 necessariam
2228 1759 2301 1805 esse
2315 1741 2478 1808 formam·

447 1833 652 1917 Caesarem,
676 1848 719 1905 ut
731 1835 893 1927 publicae
908 1859 1009 1906 causa
1033 1836 1165 1925 singuli
1182 1838 1227 1906 de
1248 1859 1314 1908 suo
1336 1839 1437 1908 cede·
1486 1831 1561 1901 eius
1582 1834 1737 1923 politiae.
1801 1832 1877 1903 lmo
1900 1859 1944 1904 ne
1968 1848 2053 1904 tunc
2077 1836 2219 1928 quidem
2236 1831 2391 1908 Ecclesia
2412 1839 2468 1907 illi

447 1950 545 2018 rent,
570 1937 716 2004 modum
732 1959 931 2011 usurarum.
1484 1933 1630 2023 politiae
1643 1947 1782 2004 tantum
1806 1934 1940 2004 inclusa
1963 1951 2047 2005 erat.
2101 1928 2227 2025 loseph
2251 1936 2288 2003 in
2306 1935 2466 2031 Aegypto

548 2033 688 2105 Harum
716 2060 834 2106 rerum
863 2038 1024 2107 omnium
1053 2035 1306 2124 consideratio,
1330 2057 1436 2130 quae
1485 2056 1539 2101 res
1560 2033 1735 2102 iudicabat
1748 2031 1930 2128 Aegyptiis
1950 2035 2097 2124 legibus.
2148 2033 2276 2104 Daniel
2294 2037 2333 2103 in
2348 2037 2468 2109 Persia

450 2140 526 2210 sinc
546 2138 664 2226 legum
686 2137 875 2208 collatione
895 2139 971 2208 fieri
996 2162 1069 2207 non
1091 2150 1222 2229 potest,
1246 2141 1290 2210 de
1314 2136 1436 2206 moltis
1484 2132 1644 2204 Persicis.
1703 2134 1989 2223 Nabugdonosor
2009 2136 2049 2202 in
2070 2133 2253 2229 Babylone
2269 2134 2467 2231 Babyloni-

449 2238 587 2336 magnis
600 2237 707 2308 rebus
720 2260 785 2307 nos
799 2238 1064 2310 commonefacit
1084 2239 1122 2307 in
1146 2250 1218 2309 tota
1237 2239 1327 2323 vita,
1350 2257 1435 2305 nos-
1483 2234 1545 2303 cis.
1596 2229 1791 2304 Nahamam
1809 2235 1845 2318 in
1856 2233 1958 2328 Syria
1968 2232 2131 2327 Syriacis.
2180 2233 2467 2310 CorneliusCen-

450 2363 519 2433 que
531 2341 574 2410 ad
592 2337 767 2409 iusticiam
784 2354 818 2412 et
830 2340 1038 2411 modestiam
1057 2339 1178 2409 flectit.
1482 2335 1576 2404 turio
1592 2332 1768 2406 Romanis
1782 2334 1917 2424 legibus
1931 2335 2102 2426 praesidia
2119 2335 2220 2404 rexit.

550 2438 622 2510 Sed
651 2439 785 2511 indocti
819 2441 924 2512 multi
953 2457 987 2512 et
1019 2438 1173 2510 Iudaicis
1203 2435 1432 2528 opinionibus
1583 2434 1651 2506 Sed
1671 2430 1756 2505 haec
1773 2435 2121 2530 tota'quaestioalibi
2146 2458 2247 2528 saepe
2267 2436 2467 2506 luculenter

449 2539 627 2619 fascinati,
652 2540 774 2611 dicunt
790 2541 906 2631 potius
921 2539 1031 2611 Moisi
1055 2539 1148 2628 leges
1168 2536 1207 2605 in
1232 2539 1348 2609 lorum
1373 2561 1431 2605 re·
1480 2535 1649 2626 explicata
1665 2550 1733 2621 est,
1761 2562 1832 2629 quo
1850 2538 1960 2627 magis
1976 2539 2179 2607 detestanda
2203 2549 2252 2606 est
2272 2538 2466 2608 multorum

450 2642 626 2709 vocandas
655 2665 745 2712 esse:
788 2642 849 2710 alii
880 2639 1096 2710 indoctiores
1136 2640 1260 2711 dicunt
1297 2663 1430 2709 novum
1480 2659 1554 2704 non
1586 2638 1700 2706 solum
1730 2638 1889 2722 inscitia,
1921 2639 1980 2707 sed
2012 2639 2117 2708 ctiam
2144 2638 2370 2730 perversitas,
2404 2638 2467 2730 qui

448 2738 771 2831 iusexEvaugelio
790 2741 1089 2811 cudendumesse.
1395 2759 1402 2770 ·
1480 2760 1683 2828 quanquam
1706 2739 1887 2830 perspicuo
1909 2738 2067 2809 refutati:
2105 2752 2222 2811 tamen
2249 2739 2366 2819 lucere
2389 2761 2466 2808 non

545 2838 621 2910 Hos
634 2842 806 2912 fanaticos
822 2841 958 2912 sorores
973 2842 1068 2912 scitis
1082 2864 1185 2932 saepe
1206 2842 1278 2909 iam
1301 2838 1431 2907 firmis-
1479 2837 1664 2922 desinunt,
1691 2863 1841 2932 cumque
1856 2862 1920 2908 nec
1934 2836 2186 2930 Evangelium,
2209 2864 2274 2910 nec
2297 2841 2352 2910 sui
2376 2839 2465 2908 iuris

444 2941 542 3010 simis
556 2954 591 3011 et
606 2943 798 3033 perspicuis
813 2944 1028 3033 argumentis
1043 2943 1211 3013 refutatos
1225 2963 1308 3009 esse.
1329 3017 1332 3022 ,
1358 2938 1429 3032 Sed
1479 2935 1595 3003 fontes
1616 2938 1833 3025 intelligant,
1858 2942 1962 3011 stulte
1984 2954 2017 3011 et
2039 2942 2146 3032 impie
2164 2942 2203 3009 in
2226 2964 2338 3010 unum
2359 2934 2465 3008 chaos

442 3042 527 3133 quia
550 3066 625 3110 non
650 3045 862 3134 praemoniti
886 3045 986 3114 lacile
1010 3046 1198 3114 turbantur
1217 3055 1250 3111 et
1274 3038 1429 3109 novitate
1479 3047 1669 3127 utrumque
1701 3039 1944 3123 confundunt,
1994 3052 2028 3109 et
2058 3042 2195 3129 fingunt
2233 3041 2465 3109 deliramenta

442 3156 478 3209 et
492 3141 760 3226 superstitione,
786 3145 942 3214 iuniores
965 3146 1144 3216 interdum
1163 3144 1207 3211 de
1231 3137 1288 3210 his
1306 3142 1429 3229 dispu·
1478 3157 1644 3226 prorsus,
1686 3147 1727 3204 ¹1¹
1757 3134 1905 3211 dicitur,
1945 3134 2028 3203 οὔτε
2058 3144 2145 3231 γῆς,
2183 3139 2267 3210 οὔτε
2299 3138 2464 3231 οὐρανοῦ

444 3237 639 3305 tationibus
658 3244 994 3308 commonefaciendi
1016 3257 1111 3313 sunt.
1169 3241 1341 3308 Videmus
1361 3236 1429 3305 hoc
1479 3230 1682 3323 ἁπτόμενα.
1733 3231 1920 3321 Sapienter
1933 3231 2172 3302 discernamus
2185 3241 2317 3321 genera
2331 3238 2464 3304 doetri-

442 3334 617 3416 accidere,
643 3329 748 3418 uthi,
773 3335 1427 3428 quinonsnntatenerisrecteinsti-
1479 3355 1628 3416 narum,
1661 3343 1696 3402 et
1715 3343 1755 3401 ut
1778 3329 1910 3400 Paulus
1933 3331 2119 3423 praecipit,
2155 3345 2248 3404 recte
2270 3335 2466 3425 partiamur

442 3433 510 3503 tuti
527 3434 573 3501 de
585 3434 791 3505 discrimine
807 3436 903 3507 uitae
919 3437 1085 3528 politicae
1096 3449 1130 3506 et
1143 3434 1302 3505 iustitiae
1317 3449 1429 3505 aeter·
1478 3454 1674 3499 sermonem
1690 3431 1863 3511 divinum,
1879 3431 2138 3502 consideremus
2151 3434 2339 3504 discrimen
2353 3447 2466 3505 aeter-

442 3557 527 3617 nae,
551 3556 598 3602 ne
612 3535 750 3626 possint
768 3536 910 3626 quidem
925 3536 1053 3604 sanari.
1094 3532 1225 3599 Fontes
1240 3532 1349 3618 igitur
1363 3528 1427 3598 ba·
1478 3550 1544 3596 nae
1559 3528 1717 3598 iustitiae
1734 3543 1767 3599 et
1785 3531 1966 3621 politicae,
1993 3533 2106 3603 luceat
2119 3534 2158 3603 in
2173 3537 2279 3604 corde
2294 3536 2347 3604 sol
2362 3535 2466 3607 iusti·

440 3657 520 3703 rum
539 3634 791 3703 refutationum
805 3631 949 3701 tenendi
968 3642 1069 3714 sunt,
1095 3629 1158 3723 qui
1175 3629 1426 3720 amplissimam
1477 3629 1568 3713 ciae,
1600 3628 1693 3698 tilius
1705 3627 1792 3715 Dei,
1820 3645 1855 3703 et
1868 3634 2013 3703 ardeant
2030 3646 2170 3723 pectora
2185 3659 2267 3705 vera
2282 3636 2463 3725 agnitione

442 3732 639 3802 doctrinam
653 3732 858 3811 continent,
884 3730 1008 3799 utilem
1023 3744 1057 3800 et
1072 3732 1117 3799 ad
1133 3731 1349 3820 agnitionem
1359 3728 1426 3800 Dei
1476 3741 1511 3799 et
1529 3728 1751 3800 invocatione
1763 3728 1850 3816 Dei,
1875 3746 1909 3801 et
1932 3733 2082 3803 aliarum
2105 3736 2276 3806 virtutum
2300 3737 2463 3812 flammis.

442 3835 540 3904 etad
567 3833 800 3903 reverentiam
823 3831 961 3922 politici
985 3830 1132 3900 ordinis.
1189 3826 1424 3921 Evangeliom
1476 3824 1525 3899 Et
1547 3830 1586 3897 in
1611 3844 1751 3901 externa
1775 3856 1816 3902 ac
1837 3833 1933 3901 civili
1953 3836 2208 3905 consuetudine
2228 3838 2463 3908 ostendantur

441 3937 485 4004 de
508 3934 795 4004 reconciliatione
817 3932 903 4016 Dei,
936 3945 970 4004 et
993 3933 1036 4000 de
1058 3941 1198 4000 aeterna
1222 3931 1361 4003 iusticia
1385 3932 1424 4000 in
1476 3929 1672 4016 invocatio,
1698 3932 1891 4019 fortitudo,
1915 3934 2096 4024 diligentia
2112 3937 2286 4008 societatis
2299 3941 2462 4013 tuendae.

440 4036 570 4105 nostris
591 4035 757 4105 cordibus
783 4033 1030 4117 concionatur,
1061 4054 1150 4124 quae
1170 4031 1264 4101 filius
1278 4030 1346 4103 Dei
1367 4056 1424 4100 re·
1476 4028 1559 4103 Non
1574 4029 1745 4103 Titanum
1763 4056 1882 4117 more,
1906 4035 2039 4104 bellum
2057 4038 2155 4107 coelo
2172 4052 2233 4109 aut
2248 4038 2385 4127 legibus
2402 4038 2461 4105 in·

439 4133 549 4207 trahit
564 4160 605 4206 ex
618 4134 771 4205 aeternis
787 4133 929 4225 poenis,
952 4157 1033 4202 cum
1050 4132 1119 4201 lide
1137 4133 1181 4201 ad
1199 4155 1280 4201 eum
1297 4132 1423 4202 conlu·
1475 4133 1621 4204 locatur.
1670 4130 1720 4203 Ut
1732 4146 1848 4202 autem
1862 4133 2012 4203 -Titanes
2026 4137 2237 4208 fulminibus
2251 4139 2459 4209 coelestibus

440 4240 571 4326 gimus,
597 4250 631 4306 et
649 4238 758 4305 donat
774 4257 866 4303 nova
881 4234 959 4303 luce
973 4245 1006 4303 et
1014 4232 1150 4324 Spiritu
1167 4245 1287 4303 sancto
1301 4255 1424 4302 accen·
1476 4230 1637 4321 dissipati
1650 4243 1686 4301 et
1698 4232 1871 4302 interlecti
1885 4247 1985 4304 sunt:
2014 4235 2064 4305 ita
2081 4238 2224 4307 tandem
2243 4240 2385 4309 fanatici
2404 4239 2461 4305 illi

441 4341 677 4408 denteceram
694 4332 761 4406 Dei
775 4336 1034 4406 invocationem
1050 4347 1084 4405 et
1101 4334 1190 4403 alios
1215 4346 1332 4404 motus
1354 4332 1424 4422 legi
1476 4325 1593 4401 hostes
1607 4330 1724 4419 legum
1748 4328 1936 4404 horrendis
1956 4337 2124 4428 exemplis
2142 4361 2163 4407 a
2179 4335 2257 4407 Deo
2279 4341 2457 4408 dolentur.

437 4437 502 4511 Dei
514 4451 757 4528 congruentes.
785 4434 921 4504 lnterea
939 4435 976 4503 in
990 4435 1062 4505 vita
1078 4434 1175 4504 civili
1190 4433 1274 4506 sinit
1287 4455 1353 4504 nos
1368 4433 1423 4505 uti
1464 4432 1549 4501 'Vos
1574 4431 1684 4520 igitur
1708 4433 1865 4502 iuniores
1887 4430 2061 4505 adhortor
2085 4438 2259 4528 primum,
2291 4451 2331 4508 ut
2368 4438 2459 4525 grati

437 4541 572 4630 legibus
589 4539 836 4629 imperiorum,
861 4537 899 4603 in
916 4536 1046 4628 quibus
1061 4535 1227 4607 vivimus.
1273 4531 1423 4625 Colligi-
1473 4532 1670 4622 agnoscatis
1708 4534 1918 4605 beneficium
1952 4531 2039 4621 Dei,
2086 4537 2181 4630 quod
2216 4537 2475 4628 incorruptam*

435 4656 495 4713 tur
511 4642 608 4711 enim
624 4634 711 4708 baec
728 4628 868 4707 aeterria
886 4633 1043 4706 Ecclesia
1066 4636 1105 4704 in
1127 4636 1233 4706 variis
1253 4635 1422 4728 imperio-
1473 4634 1670 4704 doctrinam
1684 4646 1718 4705 et
1735 4635 1779 4703 de
1792 4630 1891 4727 Deo,
1916 4649 1951 4707 et
1973 4637 2017 4706 de
2038 4632 2104 4707 hae
2120 4637 2219 4706 civili
2241 4638 2312 4708 vita
2334 4638 2458 4707 audia-

435 4767 514 4814 rum
529 4742 629 4827 locis,
649 4762 803 4833 quonam
819 4761 863 4806 ne
877 4749 990 4828 potest
1005 4736 1148 4830 quidem
1164 4738 1285 4807 eadem
1300 4738 1421 4808 loren-
1472 4736 1535 4820 tis,
1565 4734 1694 4804 deinde
1711 4747 1751 4804 ut
1768 4737 1922 4806 studiose
1945 4739 2059 4807 fontes
2081 4737 2322 4808 doctrinarum
2343 4739 2458 4808 ‹lisca-

438 4844 484 4911 sis
498 4843 715 4914 consuetudo
732 4841 769 4908 in
787 4839 955 4923 omnibus
969 4838 1124 4928 negociis
1139 4858 1224 4912 esse.
1261 4837 1354 4908 Satis
1369 4851 1420 4909 est
1471 4836 1528 4922 tis,
1554 4848 1588 4908 et
1601 4848 1736 4906 vestrae
1749 4836 1872 4907 salutis
1886 4844 2000 4923 cadsa,
2025 4849 2059 4908 et
2073 4851 2217 4930 propter
2230 4863 2454 4910 communem

439 4940 530 5029 leges
551 4943 714 5033 politicas
735 4940 941 5032 ubicunque
964 4960 1157 5029 congruere
1174 4940 1226 5008 'ad
1249 4932 1340 5009 banc
1363 4962 1420 5008 re-
1470 4937 1678 5008 utilitatem.·
1702 4934 1793 5005 Nam
1807 4933 1892 5008 baec
1906 4938 2032 5010 militia
2047 4940 2249 5010 docentium
2264 4952 2300 5008 et
2315 4940 2454 5009 discen-

438 5040 570 5131 gulam,
590 5059 630 5115 ut
643 5044 715 5114 sint
730 5038 860 5112 honori
876 5042 971 5111 bono
986 5038 1097 5132 operi,
1121 5053 1155 5109 et
1168 5041 1297 5109 terrori
1313 5041 1419 5124 malo,
1470 5038 1561 5110 tium
1583 5039 1627 5107 ad
1652 5036 1784 5106 multos
1800 5039 1962 5127 pertinet.
2013 5039 2101 5110 Vult
2117 5039 2213 5110 Deus
2234 5036 2331 5109 hunc
2354 5040 2455 5111 ordi-

435 5156 476 5213 ut
493 5138 627 5211 Paulus
643 5142 778 5237 inquit,
802 5137 874 5213 ht!
890 5153 962 5222 est,
989 5162 1184 5231 congruere
1204 5142 1248 5210 ad
1265 5140 1419 5210 Decalo-
1469 5163 1551 5209 nem
1567 5138 1747 5208 custodem
1762 5160 1835 5208 esse
1851 5162 1953 5209 verae
1971 5141 2154 5211 doctrinae
2174 5140 2214 5209 in
2235 5163 2361 5229 genere
2383 5137 2454 5211 hu·

433 5266 530 5335 gum.
592 5236 807 5325 lncaeteris
837 5243 944 5313 rebus
966 5243 1011 5312 de
1040 5242 1169 5334 quibus
1190 5238 1417 5330 Magistratus
1467 5263 1586 5320 mano,
1613 5239 1873 5331 qoae„etiamsi
1888 5241 1992 5310 multi
2007 5241 2126 5329 magni
2142 5241 2279 5310 furores
2292 5260 2454 5330 grassan-

433 5332 587 5414 condere
615 5343 712 5429 leges
737 5358 863 5431 potest,
894 5343 1165 5414 similitudinem
1190 5343 1307 5432 legum
1333 5364 1417 5423 esse,
1467 5340 1579 5411 turin
1596 5339 1685 5426 vita,
1710 5353 1828 5410 tamm
1842 5339 1964 5410 multis
1979 5336 2185 5413 hominibus
2208 5343 2370 5412 salutaris
2391 5355 2453 5414 cst.

433 5466 655 5538 nequaquam
670 5444 900 5515 necessarium
916 5457 979 5527 est,
1030 5442 1104 5515 Lex
1120 5440 1279 5513 Mosaica
1298 5443 1414 5534 primo
1465 5437 1520 5513 Ac
1535 5452 1575 5513 ut
1589 5462 1726 5532 semper
1738 5438 1834 5512 Deus
1849 5441 2004 5535 aliquam
2020 5437 2212 5513 Ecclesiam
2228 5443 2377 5530 colligit,
2405 5441 2451 5509 ita

436 5546 551 5634 genito
572 5547 660 5613 duas
683 5552 801 5632 partes
822 5534 1046 5617 haereditatis
1064 5544 1291 5615 attribuebat.
1338 5540 1416 5614 No-
1465 5556 1581 5615 servat
1595 5542 1713 5636 aliqua
1729 5538 1905 5614 Ecclesiae
1922 5538 2097 5637 hospitia,
2118 5568 2207 5637 quae
2221 5540 2376 5612 honestis
2399 5539 2452 5607 le-

438 5660 525 5716 strae
533 5647 626 5734 leges
639 5656 782 5715 servant
795 5641 1043 5737 aequalitatem
1053 5639 1319 5727 arithmeticam,
1333 5657 1414 5716 tan·
1465 5644 1568 5735 gibus
1591 5657 1625 5717 et
1648 5644 1789 5716 iudiciis
1811 5659 1993 5737 reguntur.
2048 5640 2209 5739 Cumque
2231 5644 2270 5710 in
2298 5651 2450 5732 utraque
