6025 6775
526 637 597 713 261

632 801 783 876 Constat
797 802 891 872 enim
910 796 1144 870 lamblichum
1168 815 1265 871 metu
1278 798 1408 870 luliani
1426 825 1514 891 apo·

526 921 638 979 statae
652 920 803 978 mortem
826 905 892 972 sibi
910 902 978 993 ipsi
995 903 1222 988 conscivisse,
1246 927 1326 972 cum
1341 902 1513 996 inquisito

531 1135 595 1190 re,
623 1124 657 1179 ct
671 1108 791 1177 mutilo
807 1107 952 1174 nomine
967 1106 1125 1180 confecto
1141 1105 1390 1195 Imperatorem
1411 1108 1512 1174 dece-

530 1213 654 1304 pisset,
679 1208 897 1276 dubitantem
925 1201 1156 1291 Theodotus,
1190 1209 1314 1275 nevel
1342 1203 1511 1275 Theodo-

533 1334 604 1393 rus,
623 1310 678 1378 vel
694 1305 920 1377 Theodosius
934 1310 977 1376 ad
993 1309 1186 1399 imperinm
1205 1322 1399 1378 vocaretur.
1426 1307 1512 1378 Cul-

436 1482 440 1495 ,
527 1412 635 1502 lapsis
661 1433 743 1478 vero
766 1422 844 1501 post
870 1406 1114 1478 Antoniorum
1138 1410 1327 1500 imperium
1345 1405 1510 1489 Athenis,

519 1536 679 1607 quornm
695 1525 813 1581 secuto
834 1535 924 1602 pene
940 1511 1083 1580 ultimas
1098 1525 1261 1580 naturam
1279 1512 1512 1602 periclitatam

525 1614 634 1685 fuisse
660 1613 753 1681 vires
777 1614 1006 1682 inhonorum
1030 1613 1159 1681 artium
1177 1613 1312 1683 cultura
1330 1626 1435 1705 atque
1451 1637 1511 1680 or-

526 1730 612 1786 natu
626 1715 801 1797 existimo,
817 1729 850 1784 et
860 1716 1002 1783 tandem
1013 1715 1138 1784 deletis
1148 1714 1375 1784 sarracenico
1391 1717 1511 1783 furore

529 1819 568 1886 in
583 1814 742 1910 Aegypto
760 1812 995 1898 Alexandria,
1022 1817 1059 1885 in
1073 1830 1269 1907 pervastata
1285 1816 1369 1886 Asia
1386 1815 1511 1899 Tarso,

528 1933 561 1989 et
584 1918 768 2010 aliquanto
790 1932 872 1987 ante
899 1913 1134 1987 Antiochino
1163 1917 1324 1988 Valentis
1354 1918 1509 1987 exercitu

527 2034 668 2102 exusta,
688 2020 726 2087 in
752 2044 820 2110 qua
844 2042 963 2088 recens
984 2021 1099 2089 studia
1129 2020 1312 2090 literarum
1343 2015 1509 2087 inchoata

526 2112 686 2205 fuerant,
720 2134 753 2190 et
778 2120 916 2191 collecti
945 2122 1122 2216 bonorum
1151 2122 1326 2191 librorum
1354 2115 1509 2189 thesauri

526 2247 601 2292 non
627 2223 894 2308 contemnendi,
927 2246 1017 2315 quae
1040 2219 1157 2291 adhuc
1181 2234 1421 2291 remanserant
1444 2222 1510 2287 ali·

528 2325 610 2396 cubi
629 2324 667 2391 in
689 2321 793 2407 Asia,
819 2322 968 2394 Graecia
994 2338 1027 2393 et
1045 2323 1143 2403 ltalia
1167 2324 1282 2392 studia
1298 2318 1509 2415 Byzantium

529 2426 763 2516 trepidatione
779 2429 942 2518 quadam,
958 2450 1019 2494 seu
1036 2424 1278 2514 desperatione
1293 2424 1408 2512 potius
1423 2447 1511 2491 con-

444 2606 447 2610 ,
529 2527 720 2609 fluxerunt,
745 2552 815 2620 quo
830 2531 946 2597 sedem
963 2525 1104 2616 imperii
1122 2522 1377 2595 Constantinus
1395 2527 1509 2594 collo-

530 2642 635 2699 carat.
689 2628 856 2700 Praebuit
881 2623 966 2694 haec
988 2626 1073 2694 urbs
1097 2627 1219 2697 multis
1245 2627 1372 2697 seculis
1388 2623 1510 2717 hospi-

528 2730 861 2801 tium-exulantibus
876 2728 1089 2819 disciplinis,
1111 2743 1145 2798 et
1159 2753 1278 2798 earnm
1300 2728 1510 2819 professori-

528 2833 611 2917 bus,
646 2834 815 2899 instrncta
834 2831 1031 2920 sumptibus
1056 2847 1090 2902 et
1120 2855 1225 2922 opera
1251 2831 1509 2919 Imperatorum

527 2928 742 3002 bibliotheca
771 2948 910 3004 centum
937 2934 1064 3023 viginti
1089 2935 1243 3003 millium
1274 2930 1511 3011 voluminum,

528 3055 618 3124 quae
634 3030 802 3101 Basilisco
826 3036 1039 3123 imperante,
1064 3036 1180 3103 subito
1205 3032 1388 3117 incendio,
1414 3032 1509 3123 qnod

529 3133 569 3197 in
593 3132 670 3198 foro
693 3136 827 3201 aerario
861 3147 1052 3215 exarserat,
1087 3149 1264 3222 correpta,
1297 3135 1405 3222 periit
1427 3144 1511 3202 tota.

449 3293 455 3303 .
529 3228 574 3297 ln
589 3254 627 3299 ea
649 3230 755 3299 fuisse
780 3227 985 3322 perhibetur
999 3232 1172 3300 Draconis
1195 3235 1403 3301 intestinum
1429 3255 1513 3298 cen-

527 3343 604 3398 tum
637 3332 761 3420 viginti
797 3336 905 3425 pedes
929 3334 1092 3422 longum,
1135 3333 1192 3401 cni
1227 3345 1340 3402 totum
1362 3330 1511 3401 Homeri

431 3457 434 3460 ⁴
527 3446 652 3520 poema
671 3435 787 3503 aureis
810 3436 922 3505 literis
940 3435 1148 3524 inscriptum
1173 3436 1252 3504 fuit.

626 3532 749 3625 Neque
763 3550 880 3604 tamen
896 3537 955 3626 qui
974 3537 1082 3604 secuti
1099 3549 1183 3605 sunt
1201 3534 1432 3625 imperatores
1450 3560 1512 3605 cu-

526 3656 601 3702 ram
619 3636 858 3704 restituendae
877 3630 1113 3702 bibliothecae
1137 3638 1387 3725 deposuerunt.
1439 3635 1510 3706 Sed

527 3759 609 3804 mox
632 3737 736 3804 condi
762 3751 880 3826 ceptae
905 3748 1006 3816 sunt,
1032 3760 1111 3803 cum
1134 3736 1222 3803 aliae
1245 3736 1282 3802 in
1301 3737 1380 3804 aliis
1397 3734 1511 3804 Grae-

1031 611 1188 705 nncn'
1215 624 1291 703 nn
1316 625 1558 745 ‚srunus
1593 615 1718 693 vor.
1750 620 2106 705 eutnosoen

527 1035 594 1103 της
609 999 960 1102 ἀλεκτρυομαντείας
976 1005 1171 1094 praestigiis
1189 1002 1318 1073 luliani
1336 1028 1514 1074 successo-

1571 811 1675 860 causa
1695 789 1879 864 miserunt.
1930 792 2072 870 Floruit
2092 802 2215 872 multis
2236 806 2342 876 annis
2364 812 2465 881 venia
2488 819 2553 887 do-

1568 904 1651 959 nata
1673 889 1795 960 aCaio
1810 893 1957 965 Caesare
1977 916 2056 989 post
2080 902 2183 971 civile
2205 907 2358 994 bellum,
2384 921 2478 1004 quod
2506 923 2550 989 ad

1568 988 1806 1082 Pompeianas
1822 998 2004 1070 defecisset
2019 1015 2152 1092 partes,
2178 1021 2212 1077 et
2227 1011 2333 1097 paulo
2349 1028 2429 1102 post
2443 1018 2552 1087 mini·

1566 1093 1674 1162 sterio
1691 1091 1816 1163 Lazari
1834 1100 2029 1170 resuscitati
2044 1127 2064 1171 a
2077 1108 2228 1176 mortuis
2248 1109 2421 1184 illustrata
2439 1141 2478 1186 ac
2494 1121 2552 1189 di·

1565 1206 1656 1271 tata,
1690 1194 1762 1263 imo
1784 1212 1818 1267 et
1839 1197 1915 1267 Deo
1940 1218 2139 1274 consecrata
2163 1214 2345 1282 auctuario
2356 1201 2551 1294 'doctrinae
2614 1240 2618 1256 ¹

1564 1295 1797 1383 evangelicae.
1851 1298 2000 1371 Talibus
2026 1305 2163 1376 vicibus
2185 1311 2309 1381 iactata
2335 1319 2450 1388 studia
2467 1322 2550 1394 lite·

1563 1418 1703 1476 rarum,
1743 1410 1776 1466 et
1801 1421 1904 1490 saepe
1930 1403 2063 1473 abiecta
2088 1432 2127 1476 ac
2149 1415 2318 1500 protrita,
2356 1419 2486 1491 deinde
2505 1449 2547 1495 ex

1562 1496 1753 1568 intervallo
1768 1499 1900 1570 alicubi
1914 1506 2125 1592 resuscitata,
2141 1517 2458 1591 commonefaciant
2472 1549 2550 1612 nos,

1563 1610 1604 1667 ut
1626 1600 1819 1687 cogitemus
1840 1626 1913 1672 esse
1930 1601 2045 1674 Deum
2072 1612 2189 1679 omnis
2207 1617 2398 1705 sapientiae
2411 1625 2546 1695 fontem

1564 1713 1598 1768 et
1621 1715 1780 1768 autorem
1804 1726 1843 1772 ac
1868 1721 2150 1778 conservatorem
2174 1716 2388 1801 optimarum
2405 1726 2547 1809 artium,

1564 1814 1597 1869 et
1617 1813 1830 1887 statuamus,
1856 1830 1929 1874 non
1948 1831 2027 1876 casu
2043 1834 2083 1879 ac
2109 1826 2238 1882 temere
2253 1819 2354 1889 toties
2373 1837 2406 1892 et
2426 1841 2547 1898 renata

1563 1923 1637 1968 esse
1654 1904 1790 1985 studia,
1816 1917 1849 1973 et
1871 1931 1992 1977 rursus
2018 1911 2211 1998 interiisse,
2237 1920 2296 1985 sed
2315 1916 2380 1988 Dei
2397 1930 2546 1999 consilio

1563 2001 1785 2092 providentia
1810 2029 1850 2072 ac
1873 2014 2140 2098 procuratione,
2176 2021 2319 2110 quando
2343 2025 2457 2096 ruinis
2478 2032 2547 2098 im-

1563 2104 1742 2194 periorum
1758 2107 1884 2175 obruta
1909 2112 2158 2202 conciderunt,
2186 2122 2329 2189 reducta
2343 2139 2418 2195 esse
2432 2132 2549 2200 admi·
2613 2113 2616 2121 Ι

1563 2204 1736 2288 rabiliter,
1752 2210 1847 2298 quod
1864 2210 1941 2278 sine
1957 2213 2087 2281 artium
2108 2221 2282 2306 praesidio
2299 2224 2444 2315 imperia
2461 2257 2548 2302 con·
2608 2282 2619 2302 f

1561 2307 1684 2374 sistere
1709 2308 1808 2376 nulla
1833 2326 1999 2399 possunt,
2032 2329 2066 2384 et
2088 2341 2316 2406 agnoscamus
2342 2321 2427 2399 haec
2448 2347 2545 2405 tanta

1561 2408 1729 2475 beneficia
1764 2433 1804 2477 ac
1831 2415 1921 2499 grati
1953 2416 2180 2492 celebremus.
2234 2407 2479 2512 Agnoscamus
2513 2452 2546 2507 et

1562 2531 1682 2577 causas
1699 2511 1951 2594 collabentium
1970 2517 2118 2604 artium,
2144 2548 2234 2616 quae
2251 2521 2335 2597 sutit
2352 2545 2385 2598 et
2401 2534 2547 2608 fuerunt

1562 2611 1750 2726 praecipue
1775 2616 2072 2708 omnitempore,
2106 2640 2167 2696 aut
2192 2641 2413 2719 contemptus
2445 2659 2547 2708 verae

1563 2712 1747 2797 relrgrouis
1762 2737 1802 2783 ac
1826 2720 2045 2807 studiorum,
2079 2742 2140 2795 aut
2158 2728 2292 2797 malitia
2309 2730 2546 2823 ingeniorum,

1563 2813 1758 2879 ambitione
1780 2829 1814 2884 et
1833 2822 2024 2904 petulantia
2056 2829 2222 2899 audacter
2252 2830 2379 2903 ludens
2402 2837 2458 2906 vel
2483 2842 2546 2908 de·

1563 2913 1754 3007 pravandis
1772 2915 2027 3003 sophismatum
2046 2934 2256 3017 corruptelis
2271 2934 2322 3015 iis,
2349 2954 2547 3026 quaerente

1564 3013 1690 3082 tradita
1706 3025 1739 3080 et
1751 3031 1885 3103 recepta
1903 3035 2004 3102 sunt,
2026 3026 2085 3091 vel
2101 3026 2272 3114 fingendis
2288 3035 2390 3101 novis
2406 3038 2548 3127 opinio—

1564 3115 1689 3191 nibus,
1715 3127 1775 3182 aut
1798 3115 1837 3181 in
1862 3119 2022 3186 doctrina
2038 3146 2133 3191 sacra
2155 3135 2433 3217 repugnantibus
2449 3114 2548 3210 testi-

1564 3215 1687 3282 monio
1703 3217 1891 3304 patefactae
1907 3222 2083 3317 veritatis,
2109 3240 2169 3293 atrt
2182 3229 2218 3294 in
2235 3225 2465 3325 Philosophia
2483 3242 2548 3309 ab·

1565 3310 1794 3384 horrentibus
1815 3342 1834 3385 a
1857 3320 1992 3390 ratione
2015 3337 2049 3393 et
2071 3331 2251 3398 communi
2271 3352 2393 3409 sensu,
2445 3336 2544 3412 llaec

1565 3417 1712 3485 artificia
1735 3418 1885 3489 vitemus
1905 3436 2009 3515 atque
2040 3451 2258 3513 execramur,
2300 3448 2334 3504 et
2361 3462 2548 3526 precemur

1564 3519 1672 3586 etiam
1686 3516 1801 3586 Deum
1823 3525 2023 3611 ardentius,
2049 3552 2094 3596 ne
2114 3531 2207 3602 sinat
2233 3557 2298 3602 nos
2322 3559 2362 3604 ex
2388 3535 2453 3609 hac
2468 3540 2560 3614 luce⁵

1564 3619 1805 3689 doctrinarum
1832 3628 1971 3696 extrudi
1994 3628 2034 3695 in
2057 3630 2276 3719 barbariem,
2303 3661 2408 3728 quam
2434 3637 2547 3736 hypo-

1564 3722 1731 3789 critarum
1759 3725 1874 3793 rabies
1905 3744 1939 3799 et
1970 3731 2163 3821 petulantia
2191 3739 2354 3823 molitur,
2386 3757 2421 3812 et
2444 3741 2549 3817 struit

529 3837 603 3905 tiae
625 3837 731 3921 locis,
766 3852 841 3906 tum
867 3840 956 3904 vero·
974 3835 1137 3928 Byzanffi
1167 3838 1202 3903 5„
1229 3834 1378 3905 &silica
1406 3840 1511 3927 regia,
1564 3824 1657 3891 inter
1679 3846 1762 3907 nos,
1788 3839 1821 3894 et
1843 3852 1917 3896 non
1942 3834 2066 3920 procul
2090 3859 2185 3904 nunc
2207 3839 2549 3940 intentatnobisty-

529 3939 585 4008 cui
605 3939 757 4028 praefuit
778 3941 827 4022 is,
862 3963 966 4030 quem
995 3937 1227 4006 nominarunt
1255 3937 1512 4025 οἶκουμεγικὸν
1563 3926 1686 3992 tannis
1705 3924 1867 4012 'l‘urcica,
1889 3956 1929 3999 ac
1947 3934 2176 4022 vigilantibus
2190 3942 2316 4010 studiis
2333 3927 2548 4031 praestemus

528 4033 754 4112 διδάσκαλον
779 4066 857 4109 cum
889 4039 1031 4126 collegis
1061 4040 1260 4107 duodecim,
1325 4035 1414 4106 Eam
1437 4040 1511 4108 Leo
1563 4026 1653 4115 ipsi,
1692 4033 1809 4119 quoad
1828 4032 1908 4099 ‘eius
1932 4034 2006 4104 beri
2034 4051 2168 4125 potest,
2200 4055 2386 4112 utcontra
2414 4048 2545 4118 harba-

529 4140 725 4233 lmperator
752 4157 849 4231 pater
870 4140 1086 4233 Copronymi
1111 4140 1288 4209 cremavit.
1345 4137 1511 4209 Praebuit
1564 4127 1655 4241 rietn
1685 4131 1827 4196 defensa
1856 4136 1972 4201 studia
2009 4142 2199 4223 perdurent
2229 4147 2271 4212 ad
2306 4159 2463 4235 posteros
2492 4151 2549 4217 vel

530 4243 582 4310 illi
605 4245 774 4312 saeviciae
797 4268 936 4312 causam
960 4257 1134 4310 certamen
1168 4245 1211 4310 de
1241 4242 1449 4309 adoratione
1477 4256 1511 4309 et
1564 4241 1739 4311 aucum,
1769 4230 1822 4295 Vel
1844 4255 1884 4297 ⁰⁰
1910 4236 2032 4304 ⁸³¹10¹¹¹
2059 4253 2186 4309 “¹¹³¹ss
2212 4259 2451 4335 ‘'lil’l'flffllu’
2478 4275 2549 4341 q¹¹⁰

410 4369 416 4385 “
529 4344 625 4414 cultu
646 4360 861 4422 statuarum,
896 4367 1001 4436 quam
1026 4344 1225 4414 idolatriam
1254 4342 1512 4431 refragantibus
1564 4328 1792 4401 amaioribus
1808 4335 1935 4403 tradita
1955 4339 2058 4406 nobis
2072 4353 2106 4408 et
2120 4348 2361 4415 commendata
2378 4363 2471 4423 sunt,

529 4442 714 4536 Episcopis
733 4450 936 4535 abrogatam
958 4443 1155 4534 Imperator
1172 4445 1322 4513 volebat.
1372 4441 1513 4511 Dicitur
1560 4450 1580 4495 't
1668 4432 1714 4503 Ut
1737 4450 1852 4531 autem
1876 4434 2344 4526 delluclideisElementis,
2377 4474 2467 4540 quae
2491 4476 2549 4520 ex-

530 4542 646 4617 adhuc
663 4544 770 4618 hodie
785 4549 823 4616 in
840 4543 998 4639 Olympo
1016 4561 1137 4614 monte
1160 4544 1411 4613 monasterium
1429 4544 1513 4612 reli·
1565 4529 1727 4619 Pllcassda
1745 4537 1915 4626 SUSClPl⁰2
1941 4542 2057 4611 Obiit?
2074 4542 2209 4634 ailquid
2226 4571 2400 4632 m⁰¹¹²³¹¹b
2425 4548 2552 4622 Eucli-

530 4675 641 4742 quum
665 4675 738 4719 esse
768 4646 933 4721 thesauro
967 4649 1183 4737 optimorum
1215 4647 1388 4715 librorum
1413 4647 1513 4714 dives
1566 4634 1644 4700 dem
1661 4631 1758 4707 hunc
1771 4638 1927 4727 Megaris
1942 4657 2063 4711 natum
2081 4639 2409 4719 vixissePtolemaei
2427 4649 2550 4723 Phila.

532 4775 570 4819 ac
586 4752 733 4821 celebre.
787 4752 948 4821 Tandem
976 4773 1061 4817 vero
1080 4774 1099 4816 a
1118 4748 1247 4822 Turcis
1270 4749 1512 4840 indequoque
1565 4732 2022 4852 flelPl¹l⁸0⁰¹¹l⁰³ffisffl³¹¹b
2080 4745 2173 4813 idem
2190 4750 2461 4833 ne'tllfflfflffls
2488 4780 2552 4824 0¹1·
2623 4830 2625 4839 .

533 4853 735 4940 profligata,
760 4878 800 4921 ac
816 4853 918 4942 pulsa
935 4851 1049 4919 studia
1065 4875 1144 4945 cum
1164 4850 1325 4918 exulibus
1350 4862 1513 4917 transvo-
1566 4862 1621 4906 tus
1642 4857 1743 4912 antea
1767 4845 2010 4930 meminimus,
2044 4869 2089 4914 an
2114 4871 2197 4917 vero
2227 4851 2388 4922 diversus
2411 4856 2455 4923 ab
2488 4856 2551 4927 illo

532 4951 653 5021 larunt
673 4954 710 5020 in
727 4952 882 5038 ltaliam,
907 4955 1002 5022 unde
1024 4965 1058 5020 et
1078 4952 1204 5019 vicinis
1223 4952 1324 5020 terris
1340 4950 1512 5018 immenso
1565 4965 1640 5010 110ss
1655 4947 1808 5035 disputo·
1860 4946 1987 5015 Libros
2011 4943 2076 5016 hos
2098 4972 2139 5016 ex
2163 4953 2311 5040 sparsim
2330 4956 2552 5026 demonstra.

531 5048 601 5121 Dei
619 5054 785 5124 beneficio
795 5110 804 5138 ‚
830 5069 863 5125 et
879 5056 982 5123 nobis
998 5067 1083 5122 sunt
1099 5052 1363 5121 communicata,
1416 5049 1514 5119 Mas.
1566 5043 1612 5112 tlt
1629 5044 2024 5132 elementisaThalete‚
2047 5048 2225 5120 Amerltlo
2242 5054 2553 5128 frttlt'eslttsltltorl
2616 5111 2624 5122 .

532 5155 611 5225 silia
636 5150 871 5225 Phocensium
896 5157 1100 5224 lonicorum
1125 5155 1265 5222 colonia
1284 5152 1372 5236 fuit,
1408 5175 1514 5244 quam
1565 5159 1706 5235 poetae,
1732 5144 1953 5242 Pythagora,
1981 5150 2211 5239 Anaxagora,
2235 5151 2405 5244 Platone,
2429 5154 2555 5229 Oeno·

529 5258 773 5327 condiderunt
788 5257 841 5324 illi
858 5256 1180 5346 elapsiemanibus
1206 5254 1378 5324 exercitus
1395 5252 1520 5327 Persie
1567 5244 1671 5336 pide,
1702 5245 1816 5335 Chio,
1849 5247 2016 5334 Eudoxo,
2043 5249 2278 5325 Menaechmo
2312 5274 2347 5329 et
2378 5261 2556 5330 similibus
2643 5318 2648 5327 .

530 5360 581 5444 ci,
607 5359 671 5453 qu‘i
689 5359 756 5427 sub
765 5352 957 5427 Artaxerxe
972 5381 1051 5447 rege
1068 5370 1231 5447 eruperat
1246 5356 1396 5427 littorali
1410 5350 1516 5423 Asiae
1568 5353 1766 5437 contexuit,
1797 5366 1832 5423 et
1855 5353 1997 5439 digestis
2020 5353 2057 5420 in
2081 5355 2312 5444 concinnum,
2345 5385 2385 5428 ac
2410 5357 2559 5448 pulchre

530 5460 652 5552 iugum
672 5459 852 5530 servitutis
863 5457 1021 5527 Persicae
1036 5460 1278 5551 impositurus.
1311 5457 1413 5527 Hanc
1431 5479 1517 5546 pro·
1569 5449 1815 5524 cohaerentem
1830 5455 1994 5523 ordinem
2010 5457 2559 5549 elementaribus'propositioni-

530 5578 608 5652 pter
629 5565 746 5652 legum
770 5575 804 5630 et
822 5556 1031 5650 disciplinae
1061 5562 1278 5631 severitatem
1306 5572 1411 5651 atque
1426 5557 1518 5626 insi·
1569 5558 1653 5639 bus,
1693 5557 1895 5647 complexus
1919 5570 1971 5626 est
1997 5582 2059 5627 ceu
2084 5561 2286 5629 rudimenta
2309 5560 2422 5649 prima
2448 5554 2560 5634 totiu's

532 5687 633 5752 gnem
652 5665 857 5754 gravitatem
880 5686 1020 5731 morum
1036 5660 1192 5731 Romani
1208 5658 1360 5733 Athenis
1376 5672 1533 5750 praetug
1569 5655 1771 5728 Matheseos
1802 5661 1847 5727 de
1878 5671 2030 5751 utraque
2061 5662 2277 5752 quantitate,
2310 5659 2443 5734 scilicet
2477 5664 2562 5761 περὶ
2631 5654 2634 5659 ’

533 5766 663 5852 lerunt,
681 5781 713 5836 et
732 5791 773 5837 eo
787 5768 907 5859 potius
922 5789 1028 5859 quam
1039 5759 1198 5835 Athenas
1212 5765 1304 5834 filios
1318 5763 1517 5834 studiorum
1541 5821 1545 5853 2
1567 5765 1636 5834 τοῦ
1650 5754 1770 5834 πόσου
1785 5757 1848 5832 καὶ
1861 5765 1931 5926 1075
1937 5754 2117 5901 taddicor.

2522 5920 2545 5951 ὓ
