6025 6775
542 682 615 759 291
666 603 668 608 ’
1119 663 1283 739 oneo..
1309 661 1386 740 ou
1417 608 1724 744 nuoovcco
1752 661 2011 750 ravano.
2497 682 2575 755 no

545 876 654 951 quam
667 843 984 940 anteaPrinpipum
993 840 1139 911 bellum.
1174 831 1422 910 Conscientiae
1437 839 1535 909 enirn
1587 839 1753 924 retinnit,
1783 835 1832 909 'et'
1851 861 1971 930 pacem
1996 841 2035 910 in
2052 838 2247 915 Germania
2271 803 2438 925 difeddit.
2497 853 2574 928 Lu.

547 961 587 1027 in
601 954 764 1050 pluribus
778 950 818 1015 in
831 943 1088 1016 dubitationem
1105 938 1384 1011 adducebantur.
1436 939 1537 1010 Facit
1589 936 1743 1034 dolphus
1757 934 1961 1011 Austriacus
1972 967 2053 1013 cum
2067 946 2198 1035 passim
2213 952 2380 1022 excitaret
2392 955 2574 1039 tumultus,

548 1057 715 1130 Pontifex
738 1046 914 1120 lohannes
934 1040 1130 1111 Vicesimus
1151 1042 1326 1110 sccundus
1346 1044 1539 1125 decretum,
1590 1066 1654 1111 nec
1675 1056 1793 1113 umen
1811 1040 1995 1113 Ludovico
2018 1069 2081 1135 par
2103 1062 2210 1131 esset,
2238 1056 2382 1122 tandem
2398 1049 2575 1143 Argeum.

550 1162 590 1229 in
616 1180 688 1251 quo
709 1149 894 1223 Ludovico
917 1142 1108 1235 praecipit,
1140 1154 1182 1211 ut
1204 1143 1360 1232 deponat
1382 1143 1539 1231 dignita·
1590 1145 1657 1213 rati
1682 1156 1779 1214 mota
1802 1158 1918 1212 mente
1940 1148 2113 1216 extinctus
2135 1162 2197 1217 est.
2260 1151 2311 1220 Ita
2331 1153 2427 1224 Dens
2448 1157 2576 1225 acerri-

552 1276 635 1333 tem.
688 1254 730 1325 Id
743 1251 811 1323 nisi
826 1246 960 1329 fecerit,
986 1255 1020 1313 et
1035 1243 1153 1334 ipsum
1168 1254 1203 1311 et
1219 1245 1539 1315 omneseiobtem-
1592 1239 1668 1314 mos
1702 1240 1822 1315 hostes
1849 1243 2023 1316 Ludovici
2053 1249 2291 1337 singularibus
2319 1257 2487 1346 exemplis
2520 1280 2577 1326 re-

553 1374 715 1454 perantcs
735 1351 830 1422 eiicit
851 1372 892 1418 ex
916 1342 1096 1417 Ecclesiae
1116 1344 1386 1426 communione,
1398 1360 1453 1417 -ut
1472 1370 1539 1415 no-
1592 1346 1729 1440 pressit.
2310 1438 2313 1444 Ι

554 1465 739 1534 minam&
1695 1446 1833 1535 Quarto
1850 1448 1960 1536 igitur
1971 1471 2066 1518 anno
2083 1464 2161 1542 post
2176 1452 2357 1522 victoriam
2375 1452 2578 1530 Ludovicuc

655 1555 763 1627 lnitio
787 1551 923 1623 obiecit
949 1547 1113 1620 Pontifex
1137 1545 1321 1618 Ludovico
1350 1542 1437 1616 haec
1467 1549 1539 1617 duo
1592 1548 1631 1617 in
1648 1546 1787 1619 Italiam
1807 1550 2057 1640 proficiscitur,
2083 1551 2234 1623 ubitoto
2248 1555 2404 1623 triennio
2420 1582 2577 1629 commo.

555 1660 722 1737 crimina,
762 1655 917 1747 primum
950 1653 1045 1744 quod
1079 1645 1245 1718 Galeacio
1279 1647 1540 1717 Mediolanensi
1593 1664 1708 1735 ratur,
1732 1674 1852 1741 pacem
1867 1652 1907 1719 in
1923 1652 2074 1723 urbibus
2087 1654 2216 1745 passim
2231 1649 2394 1727 restituit.
2440 1657 2578 1730 Romae

556 1786 657 1856 opem
671 1758 793 1831 tulerit
807 1768 929 1826 contra
940 1750 1152 1844 pontificios.
1202 1749 1418 1834 Secundum,
1444 1752 1540 1841 quod
1592 1765 1709 1821 autem
1733 1755 1776 1822 ad
1801 1750 2064 1839 cardinalium,
2104 1752 2361 1846 Episcopornm
2385 1771 2419 1827 et
2443 1761 2577 1849 praeci.

556 1864 716 1935 nondum
735 1850 1175 1929 confirmatusaRomano
1191 1848 1362 1922 Pontibce
1377 1875 1482 1920 ausus
1497 1852 1542 1921 sit
1594 1875 1744 1943 puorum
1768 1853 1926 1923 vinorum
1948 1868 2105 1939 coctum,
2141 1857 2271 1927 deinde
2294 1872 2328 1928 et
2351 1863 2442 1951 apud
2467 1861 2577 1932 Sena-

554 1968 669 2036 facete
684 1958 911 2052 Imperatoris
931 1955 1057 2026 officia.
1109 1950 1311 2043 Respondit
1335 1953 1440 2023 initio
1464 1978 1541 2021 mo·
1594 1967 1689 2037 tum,
1716 1954 1755 2022 in
1776 1980 1847 2048 quo
1866 1977 2049 2025 consessus
2066 1957 2134 2027 fuit
2151 1961 2400 2050 praestantium
2418 1964 2577 2033 virorum

558 2070 678 2137 derate
692 2061 895 2132 Ludovicos
910 2081 947 2126 se
962 2057 1001 2123 in
1018 2055 1188 2125 electione
1202 2055 1352 2133 iurasse,
1378 2055 1542 2123 defenso·
1593 2079 1634 2124 ex
1663 2054 1805 2124 familiis
1834 2053 2043 2148 Principum
2071 2056 2302 2130 colomnensi
2332 2076 2366 2131 01
2385 2061 2515 2133 Urgu,
2544 2080 2578 2134 et

557 2192 632 2239 rem
664 2189 700 2235 se
730 2166 807 2232 fore
828 2160 1004 2240 iusticiae,
1040 2158 1119 2225 ldeo
1143 2153 1349 2225 Galeacium
1375 2157 1413 2223 in
1438 2179 1541 2225 causa
1593 2155 1691 2241 aliis,
1724 2157 1882 2247 exposuit
1911 2157 2078 2243 iniurias,
2110 2161 2239 2253 quibus
2269 2164 2425 2233 adfectu,
2454 2179 2527 2235 mg
2556 2190 2576 2235 a

556 2272 648 2339 iusta
664 2291 682 2335 a
699 2288 734 2334 se
748 2264 930 2332 defensum
947 2280 1038 2341 esse,
1063 2258 1192 2326 deinde
1207 2258 1329 2324 eodem
1344 2257 1542 2327 iuramento
1594 2250 1755 2326 Iohanne
1777 2256 1953 2327 Vicesimo
1977 2263 2143 2331 secundo.
2193 2260 2266 2331 Nec
2290 2265 2391 2355 prius
2403 2268 2576 2336 ,coronari

559 2393 601 2458 se·
625 2365 795 2455 obligari,
825 2376 866 2432 ut
888 2362 1018 2430 electus
1039 2359 1143 2428 faciat
1167 2356 1394 2447 Imperatoris
1416 2359 1541 2427 officia.
1594 2357 1726 2442 voluit,
1752 2382 1859 2451 quam
1880 2359 2106 2431 intellexisset
2130 2388 2189 2433 eos
2212 2367 2364 2455 probare
2386 2380 2420 2437 et
2436 2391 2576 2437 causam

562 2472 644 2543 Ideo
666 2469 762 2537 enim
786 2466 824 2533 fit
838 2462 989 2544 electio,
1015 2474 1055 2531 ut
1070 2474 1184 2529 certus
1201 2459 1246 2528 sit
1261 2460 1424 2528 defensor
1437 2460 1542 2529 iusti·
1593 2481 1693 2528 suam
1716 2472 1750 2529 et
1772 2460 1990 2531 voluntatem
2014 2485 2092 2551 erga
2115 2461 2307 2534 Ecclesiam
2323 2460 2502 2557 Rempub,
2523 2492 2577 2538 se.

560 2573 632 2643 cias
647 2583 686 2646 ,et
707 2580 823 2638 custos
843 2564 939 2652 pacis
962 2562 999 2629 in
1023 2562 1190 2631 omnibus
1207 2561 1428 2649 regionibus,
1453 2586 1543 2654 qua·
1594 2582 1663 2652 que
1676 2562 1885 2632 ostendebat
1898 2562 2070 2630 iudicium
2086 2563 2160 2633 illis
2175 2567 2396 2656 permittere,
2419 2593 2507 2661 quos
2522 2570 2578 2638 iu.
2596 2614 2600 2623 .

560 2697 639 2743 rum
656 2667 811 2764 defensio
830 2662 1041 2754 Imperatori
1057 2663 1301 2732 commendata
1319 2675 1387 2745 est,
1413 2675 1448 2731 et
1464 2664 1541 2751 cogi
1593 2662 1727 2730 dicaret
1749 2673 1918 2754 tanquam
1936 2661 2122 2755 Synodum
2144 2688 2234 2747 esse,
2258 2670 2342 2761 quia
2365 2672 2581 2755 ,mdffione’
2618 2675 2625 2685 .

550 2767 726 2843 ¹mandato
743 2768 866 2839 divino
881 2765 1076 2858 quamlibet
1092 2776 1297 2854 potestatem
1312 2786 1376 2832 sno
1394 2764 1471 2833 loco
1487 2764 1541 2834 fa·
1593 2761 1766 2853 sapientia
1790 2777 1825 2833 et
1845 2763 1976 2833 virtute
1997 2766 2224 2853 excellerent,
2257 2783 2292 2839 et
2316 2771 2473 2862 ipsorum
2497 2796 2580 2841 sen.

559 2885 637 2946 cere
665 2896 725 2957 ea,
759 2858 849 2963 quae
879 2880 965 2953 sunt
982 2867 1038 2935 sui
1062 2864 1181 2939 officii.
1239 2862 1312 2933 Nec
1336 2878 1542 2952 potestatem
1593 2864 1722 2934 tentiae
1744 2887 1781 2933 se
1805 2863 1862 2957 pic
1885 2878 2088 2934 secuturum
2109 2891 2192 2941 esse.
2260 2868 2480 2943 Adfirmabat
2500 2897 2580 2943 am·
2681 2946 2686 2960 ,

558 2974 702 3067 gerendi
722 2970 833 3064 gladii
855 2968 933 3037 dari
955 2964 1179 3049 aPontifice,
1205 2967 1266 3034 sed
1289 2962 1418 3051 aDeo,
1444 2966 1542 3036 iuxta
1593 2965 1700 3054 plecti
1731 2987 1768 3035 se
1790 2979 1991 3037 constanter
2015 2970 2213 3038 doctrinam
2239 2967 2433 3044 catholicae
2453 2971 2578 3044 Eccle-

556 3078 707 3148 dictnm:
733 3072 847 3162 Reges
863 3069 1023 3160 gentium
1038 3066 1287 3149 dominantur,
1312 3092 1374 3136 vos
1391 3091 1465 3135 non
1480 3067 1540 3139 sic.
1592 3065 1665 3135 siae
1679 3062 1768 3151 Dei,
1793 3080 1829 3138 et
1850 3090 1887 3136 se
1910 3069 2061 3139 maxime
2081 3094 2219 3163 semper
2242 3087 2379 3163 optasse
2402 3089 2435 3146 et
2453 3089 2576 3168 optare

558 3179 643 3250 Ideo
665 3178 843 3256 adfirmat,
876 3194 913 3240 se
931 3194 995 3239 nec
1013 3192 1112 3262 posse
1128 3167 1297 3237 necvelle
1313 3167 1542 3260 imperiumn
1592 3168 2087 3245 communem'concordiam,

555 3280 631 3353 1)θο
646 3281 768 3350 delum
784 3277 977 3365 deponere,
1004 3273 1117 3341 d0nec
1133 3267 1229 3339 1301ss
1245 3269 1378 3338 eumin
1393 3263 1540 3340 haemi·
1609 3302 1611 3304 ’
1694 3265 1753 3337 Ad
1770 3264 1905 3340 haeret
1922 3272 2194 3346 ecclesiasticum
2212 3278 2397 3368 collegium
2414 3275 2578 3350 etSens-

555 3382 639 3467 titia
658 3378 790 3450 servire
810 3373 908 3446 velit.
968 3369 1065 3441 Haec
1087 3371 1289 3462 responsio,
1322 3372 1353 3441 si
1376 3369 1542 3441 Pontifici
1592 3384 1649 3441 tus
1665 3373 1948 3464 responderunt,
1973 3398 2009 3446 se
2025 3401 2166 3470 quoqne
2181 3377 2356 3462 iudicare,
2379 3374 2576 3449 Iohannem

556 3507 631 3554 non
654 3475 876 3559 satisfecerit,
900 3495 937 3542 se
953 3495 1146 3564 provocare
1170 3475 1214 3541 ad
1237 3472 1427 3562 legitimam
1444 3472 1540 3567 Syn·
1595 3470 1807 3544 Vicesimum
1824 3477 2018 3547 secundum
2034 3503 2107 3548 non
2126 3492 2218 3550 recte
2232 3482 2362 3566 fecisse,
2387 3482 2482 3575 quod
2498 3483 2575 3549 sine

556 3581 690 3657 ndum?
740 3576 817 3647 Hac
847 3574 1076 3666 responsione
1101 3574 1195 3644 edita
1218 3575 1327 3644 crevit
1347 3576 1540 3658 contentio,
1591 3571 1738 3668 Synodo
1766 3589 1801 3644 et
1826 3575 1903 3645 sine
1931 3579 2087 3666 legitima
2118 3581 2320 3668 cognitione
2349 3584 2388 3652 in
2416 3607 2454 3652 η
2478 3596 2576 3652 tama

556 3683 614 3757 his
635 3681 741 3754 tantis
760 3676 1059 3769 disputationibus
1074 3676 1201 3765 motis,
1226 3677 1322 3746 unde
1337 3677 1408 3745 sint
1427 3677 1540 3768 impe·
1592 3676 1730 3747 decreta
1753 3676 1890 3758 fecerit,
1915 3700 2067 3768 cumque
2087 3680 2217 3748 scirent
2234 3707 2315 3751 eum
2333 3686 2489 3755 alienum
2503 3707 2578 3753 2330

525 3791 527 3795 ’
556 3788 629 3872 ria,
658 3796 692 3853 et
715 3805 805 3876 quae
828 3779 874 3851 sit
897 3778 1066 3849 autoritas
1083 3774 1269 3869 Episcopi,
1302 3801 1392 3868 quae
1417 3779 1462 3848 sit
1486 3780 1540 3849 vis
1591 3800 1611 3846 a
1631 3777 1728 3846 falsis
1745 3774 1993 3866 opinionibus,
2019 3777 2109 3846 velle
2126 3800 2255 3848 secum
2273 3782 2350 3871 ipso
2367 3787 2577 3854 coniunctos

457 3972 461 3977 ,
555 3880 1062 3973 confirmationis'pontificiae.
1130 3877 1294 3948 Pontifex
1314 3879 1540 3970 impudenter
1591 3900 1675 3969 esse.
1732 3872 1838 3947 Docti
1863 3876 1968 3946 etiam
1998 3879 2211 3949 addiderunt
2240 3882 2422 3953 manifest,
2444 3883 2574 3951 falsum

555 3987 746 4083 scribebat,
773 3983 879 4054 Petro
900 3984 1018 4053 datam
1041 4003 1114 4050 esse
1129 4002 1300 4049 summam
1316 3981 1537 4051 autoritatem
1590 4002 1683 4064 esse,
1716 3977 1822 4048 Petro
1858 3979 2023 4050 traditam
2061 4002 2135 4050 esse
2163 4004 2336 4052 summam
2366 3998 2574 4077 potestatem

554 4082 635 4162 non¹
650 4089 766 4159 solum
787 4087 825 4156 in
846 4082 1043 4155 ministerio
1057 4077 1263 4169 Evangelii,
1290 4083 1351 4152 se'd
1374 4083 1481 4155 etiam
1499 4084 1538 4153 in
1591 4080 1783 4173 politicam.
1860 4077 1933 4152 Nec
1967 4078 2136 4153 Carolum
2173 4097 2316 4177 psopter
2334 4086 2573 4158 ,autoritatem

552 4191 696 4287 politica
721 4186 986 4281 gubernatione.
1063 4182 1183 4271 Quare
1203 4208 1308 4256 nemo
1332 4185 1440 4277 possit
1463 4211 1538 4257 esse
1590 4182 1806 4275 pontificiam
1835 4181 1905 4252 dici
1927 4178 2180 4274 imperatorem
2202 4186 2376 4274 voluisse,
2406 4191 2466 4258 sed
2489 4185 2574 4279 quia

554 4293 768 4391 Imperator,
794 4289 865 4362 nisi
887 4287 1114 4357 confirmatus
1137 4283 1339 4397 aRomapo
1356 4286 1537 4364 Pontifice.
1589 4286 1660 4354 iam
1695 4281 1851 4368 ltaliam,
1893 4280 2124 4356 Germaniam
2161 4301 2194 4358 et
2227 4285 2382 4361 Galliam
2420 4290 2575 4371 tenebat,

552 4394 608 4469 Ile
629 4386 696 4468 hac
711 4391 918 4489 quaestione
934 4387 1046 4458 multa
1061 4386 1189 4474 scripta
1205 4388 1374 4482 utrinque
1391 4414 1464 4460 non
1479 4415 1537 4461 so.
1588 4386 1703 4476 reipsa
1740 4379 1947 4455 Occidentis
1979 4386 2167 4480 imperium
2204 4414 2286 4460 eum
2322 4393 2496 4476 tenuisse,
2540 4404 2577 4460 et

550 4498 626 4569 lum
647 4488 866 4591 privatorum
890 4488 1098 4572 hominum,
1124 4486 1187 4578 qui
1208 4502 1268 4557 aut
1286 4489 1461 4559 illustrare
1475 4517 1537 4563 ve-
1588 4503 1708 4558 tamen
1726 4487 1872 4558 titulum
1889 4510 1964 4556 non
1979 4489 2133 4559 voluisse
2146 4492 2350 4578 admittere,
2373 4494 2443 4563 nisi
2459 4507 2576 4563 trans·
2664 4497 2669 4523 ¹

550 4588 688 4673 sitalem
706 4599 802 4669 bono
817 4594 966 4666 consilio
982 4589 1192 4671 studebant,
1219 4602 1281 4657 aut
1297 4586 1461 4661 Pontifici
1479 4616 1536 4662 as.
1587 4588 1727 4660 actione
1756 4590 1845 4659 facta
1874 4613 1956 4659 cnm
1985 4589 2048 4675 iis,
2086 4592 2149 4684 qui
2183 4607 2269 4664 tunc
2297 4596 2441 4666 titulum
2475 4608 2574 4666 rene.

548 4697 788 4779 sentabantur,
803 4697 863 4765 sed
873 4696 979 4765 etiam
989 4688 1213 4781 Imperatoris
1221 4701 1255 4758 et
1263 4678 1534 4767 Pontificisiede÷
1586 4692 1683 4763 bant.
1732 4684 1832 4759 Dens
1851 4688 2000 4782 imperia
2021 4692 2156 4762 stabilit
2174 4708 2209 4765 et
2224 4698 2408 4779 transfert,
2433 4710 2473 4769 ut
2487 4695 2575 4764 seri.

547 4801 690 4871 bantur.
743 4794 906 4865 Pontifex
921 4792 1144 4864 Ludovicum
1161 4788 1377 4860 atrocissime
1391 4792 1535 4870 damnat
1585 4804 1687 4883 ptum
1708 4803 1778 4875 est,
1811 4815 1877 4860 nec
1901 4791 2084 4863 translatio
2106 4795 2167 4863 illa
2190 4799 2356 4877 mandata
2383 4813 2434 4870 est
2456 4795 2574 4871 Palm,

547 4925 586 4974 ³⁰
612 4898 773 4969 ⁰⁰¹¹¹I¹¹³I
797 4893 1037 4989 Hstfefifu‘fl·
1090 4887 1169 4960 H⁰⁶
1190 4888 1375 4963 dmidium
1390 4896 1533 4972 duravit
1584 4893 1747 4987 Denique
1776 4891 1913 4962 etiamsi
1942 4893 2159 4986 pontificiam
2187 4899 2491 4972 confirmationem
2515 4922 2575 4969 ac-

545 5024 658 5073 aunos
674 5015 827 5094 quatuor
841 5008 874 5067 et
892 4990 1020 5082 viginti
1037 5006 1115 5087 post
1129 5005 1271 5086 captum
1282 4989 1520 5076 Austriacnm.
1585 4996 1708 5066 cedere
1735 4991 1925 5065 Pontifices
1957 4993 2086 5079 velint,
2128 5009 2248 5067 tamen
2281 5002 2414 5075 debent
2442 4999 2574 5073 habere

646 5100 737 5172 Tam
755 5103 862 5195 longo
877 5113 1036 5191 tempore
1049 5097 1253 5170 acciderunt
1267 5112 1300 5169 et
1315 5102 1457 5173 crebrae
1466 5129 1531 5175 vo-
1584 5098 1692 5168 iustas
1714 5117 1853 5180 musas,
1878 5096 1907 5165 ti
1930 5095 2236 5168 confirmationem
2255 5103 2445 5196 denegent.
2495 5100 2572 5172 Hae
2677 5129 2682 5136 ·

542 5208 720 5277 luntatum
745 5204 977 5287 mutationes,
1003 5215 1038 5272 et
1060 5226 1140 5272 cum
1163 5200 1249 5271 alibi
1268 5202 1448 5290 pontificia
1464 5229 1530 5277 au·
1582 5212 1655 5272 tota
1676 5197 1916 5271 controversia
1936 5197 2114 5289 sapienter
2135 5201 2329 5292 disputata,
2354 5202 2567 5276 liuntScna-

541 5308 665 5380 toritas
679 5308 913 5376 anteferretur
926 5301 1152 5394 Imperatori,
1178 5301 1266 5371 alibi
1280 5304 1530 5380 defenderetur
1579 5301 1798 5373 tnsconsulta
1829 5312 1864 5370 et
1893 5300 1939 5369 ab
1971 5300 2205 5373 ecclesiastico
2231 5306 2381 5398 collegio
2403 5319 2437 5376 et
2458 5326 2477 5372 a
2500 5301 2569 5374 Se-

539 5409 752 5503 Imperator:
783 5403 958 5477 dubitatio
977 5406 1182 5478 moderatos
1205 5395 1367 5473 homines
1390 5411 1528 5481 duriter
1579 5417 1684 5489 natu,
1709 5417 1751 5476 nt
1772 5424 1903 5472 corona
1929 5402 2156 5495 imperatoria
2178 5421 2394 5478 coronentur
2406 5404 2569 5476 Ludovi-

537 5511 724 5605 crnciavit,
756 5520 790 5577 et
817 5504 1030 5574 accedebant
1057 5502 1250 5573 seditiones
1273 5517 1306 5574 et
1327 5506 1526 5597 latrocinia,
1577 5528 1639 5575 cus
1654 5519 1689 5576 et
1704 5506 1779 5575 eius
1795 5503 1952 5575 coniunx
1967 5501 2163 5598 Margaris,
2188 5533 2276 5602 quae
2284 5507 2417 5578 Frisiae
2431 5503 2570 5579 attot-

534 5638 625 5708 quae
639 5606 759 5695 rijrinus
774 5605 948 5699 compesci
964 5615 1145 5694 poterant,
1172 5625 1253 5672 cum
1270 5611 1440 5680 autoritas
1453 5610 1523 5682 lm·
1574 5606 1716 5676 landiae
1736 5605 1882 5676 domina
1902 5606 1982 5682 fuit.
2033 5606 2229 5682 &sonatio
2249 5611 2338 5685 facta
2353 5623 2406 5681 est
2420 5611 2493 5682 ritu
2510 5633 2571 5681 so·

531 5718 705 5809 potatoris
733 5711 938 5784 labefactata
964 5709 1063 5776 esset.
1122 5703 1221 5776 Inter
1253 5697 1318 5776 hos
1347 5713 1521 5783 tumultus
1573 5706 1672 5776 lenni
1694 5705 1833 5781 Romae
1864 5709 1924 5777 die
1955 5711 2107 5803 septimo
2131 5711 2270 5784 decimo
2297 5709 2456 5785 Ianuarii
2482 5717 2571 5786 anni

529 5829 647 5889 tamen
676 5833 857 5910 utcunque
886 5826 920 5884 et
948 5808 1089 5901 imperii
1112 5807 1289 5898 fastigium
1313 5806 1542 5884 Ludovicusv
1571 5808 1752 5880 millesimi
1790 5809 2028 5881 trecentesimi
2065 5813 2182 5885 octavi
2220 5835 2241 5882 a
2278 5811 2474 5910 Stephano
2496 5813 2570 5890 Co-
