6025 6775
530 675 606 754 235
1028 663 1191 739 unct.
1212 657 1288 737 DE
1320 654 1598 735 ERNESTO
1632 652 1785 730 DUCE
1814 656 2062 743 BRUNSV.
2202 709 2205 716 ,
2472 679 2550 755 256

530 847 668 941 magnis
683 844 851 939 periculis
867 842 990 924 fuisse,
1015 851 1048 908 et
1065 833 1337 906 deliberationes
1350 831 1517 904 incidisse
1568 826 1712 920 quinto,
1736 851 1806 922 quo
1829 817 1989 923 tempore
2011 846 2046 905 et
2067 835 2107 906 in
2124 831 2299 933 Turiugia
2318 857 2353 918 et
2373 843 2413 915 in
2428 848 2547 920 vicina

532 957 576 1022 de
600 952 706 1021 rebus
727 944 910 1025 maximis,
942 937 1133 1031 inquibus
1157 934 1407 1006 cumconsilio
1432 931 1515 1003 Dux
1567 927 1737 1000 Francius
1750 952 1812 999 ora
1827 932 1983 1023 primum
1999 958 2179 1029 repressus
2196 958 2249 1016 est
2261 945 2362 1016 furor
2374 948 2548 1022 fanatico-

531 1052 702 1123 Ernestus
733 1045 932 1124 excelleret,
972 1040 1153 1110 neminem
1184 1037 1349 1108 audiebat
1370 1032 1516 1105 Elector
1566 1054 1647 1101 rom
1663 1031 1847 1101 doctorum
1862 1045 1898 1104 et
1909 1035 2093 1108 seditiosae
2110 1043 2370 1131 multitudinis,
2388 1071 2476 1140 quae
2488 1052 2548 1122 in-

533 1152 756 1231 farniliarius,
780 1168 884 1238 quam
899 1141 1026 1231 ipsum.
1077 1136 1131 1209 Es
1148 1164 1189 1209 eo
1204 1151 1381 1208 conventu
1396 1158 1514 1205 secum
1566 1130 1672 1240 citata
1687 1131 1802 1203 fuerat
1816 1157 1836 1202 a
1852 1132 2054 1209 Mouetario
2071 1153 2105 1210 et
2118 1142 2296 1216 similibus
2311 1150 2357 1217 ad
2378 1171 2475 1220 arma
2489 1175 2548 1222 ca·

533 1254 682 1326 abduxit
704 1251 741 1318 in
757 1244 905 1337 patriam
924 1238 1110 1312 Urbanum
1127 1240 1281 1330 Regium
1297 1233 1514 1327 Theologiae
1567 1231 1709 1322 pienda.
1760 1228 1804 1302 ln
1826 1227 1893 1305 hoc
1911 1248 2010 1308 tanto
2042 1241 2198 1330 periculo
2222 1242 2439 1318 Germaniae
2468 1275 2549 1321 cum

489 1368 496 1417 '-
534 1360 732 1429 doctorem,
757 1345 857 1414 cuius
876 1356 994 1414 extant
1017 1344 1129 1414 multa
1152 1352 1401 1423 monumenta,
1424 1359 1515 1430 quae
1567 1331 1742 1403 Saxoniae
1754 1328 1871 1404 Duces
1886 1336 1991 1427 primi
2006 1344 2249 1432 repressissent
2263 1346 2439 1418 furentem
2454 1352 2551 1424 mul-

534 1455 724 1527 ostendunt
748 1446 823 1515 eius
846 1445 1084 1516 eruditionem
1115 1457 1149 1514 et
1180 1442 1357 1534 pietatem.
1407 1436 1515 1509 Hunc
1568 1434 1777 1515 titudinem,
1802 1438 2040 1526 perterrefacti
2056 1444 2184 1513 caeteri
2201 1446 2240 1515 io
2262 1446 2341 1517 aliis
2358 1448 2445 1519 loeis
2462 1452 2552 1524 faci-

532 1570 572 1626 ut
600 1564 735 1643 patrem
766 1547 907 1631 dilexit,
946 1560 981 1618 et
1020 1546 1252 1637 inspectorem
1277 1538 1515 1612 Erclesiarum
1568 1533 1651 1604 lius·
1671 1535 1834 1626 dissipati
1867 1550 1962 1612 sunt.
2018 1537 2209 1635 Praecipue
2239 1560 2356 1619 autem
2388 1552 2550 1624 consiliis

535 1678 608 1725 csse
624 1651 744 1734 iussit,
770 1664 805 1719 et
821 1672 902 1718 cum
918 1671 959 1717 eo
977 1648 1021 1717 de
1037 1647 1203 1717 omnibns
1225 1643 1385 1714 doctrina
1399 1639 1517 1734 parti-
1569 1633 1712 1706 Ascanii
1731 1634 1867 1707 Cramii
1897 1652 1983 1709 tunc
2002 1637 2085 1712 Dux
2105 1641 2250 1719 Elector
2275 1671 2360 1720 usus
2388 1665 2458 1733 est,
2484 1655 2549 1748 qui

531 1760 598 1828 bus
625 1766 660 1822 et
679 1754 723 1821 de
739 1746 976 1819 Ecclesiarum
994 1769 1165 1818 consensu
1180 1759 1215 1817 et
1233 1745 1344 1815 salute
1359 1740 1517 1812 familia-
1568 1748 1686 1805 tamen
1703 1752 1781 1828 post
1795 1738 1980 1810 victoriam
1997 1757 2098 1814 autor
2112 1745 2193 1834 fuit,
2208 1761 2249 1820 ut
2261 1750 2450 1823 elementer
2462 1778 2549 1846 par·

533 1857 672 1927 tissime
695 1850 853 1943 colloqui
878 1850 1002 1919 solitus
1024 1861 1086 1920 est.
1135 1844 1241 1918 Extat
1258 1846 1351 1915 liber
1366 1842 1517 1929 Urbani,
1568 1850 1705 1907 seretur
1726 1861 1846 1908 errore
1867 1842 1986 1932 lapsis.
2038 1842 2161 1918 Postea
2184 1850 2286 1920 etiam
2302 1852 2437 1923 adiuvit
2451 1879 2549 1926 corn-

535 1962 575 2028 in
592 1981 662 2050 quo
677 1965 865 2024 annotatae
881 1964 964 2021 sunt
979 1944 1197 2019 horridiores
1216 1948 1351 2017 formae
1365 1946 1517 2038 loquen·
1567 1961 1712 2007 munem
1746 1940 1840 2031 pacis
1866 1943 2108 2042 defensionem
2140 1964 2261 2022 contra
2291 1953 2475 2025 seditiosos
2507 1957 2548 2026 in

534 2061 592 2142 di,
618 2070 653 2127 et
673 2063 918 2124 monstrantur
939 2051 1103 2142 propriae
1125 2063 1159 2121 et
1187 2048 1382 2118 concinnae
1411 2045 1526 2117 utiles.
1567 2040 1656 2109 urbe
1672 2036 1958 2116 Monasteriensi.
2009 2042 2075 2120 Est
2091 2062 2207 2121 autem
2224 2051 2335 2122 virtus
2357 2069 2454 2144 grata
2467 2053 2546 2128 Deo

534 2158 660 2253 pietati
686 2169 718 2225 et
742 2152 965 2225 concordiae.
1024 2148 1100 2221 Has
1130 2149 1390 2220 admonitiones
1409 2145 1519 2217 scribi
1568 2152 1603 2210 et
1618 2162 1700 2209 vere
1713 2141 1818 2230 digna
1834 2143 2115 2242 bonoPrincipe,
2127 2151 2253 2224 iustam
2270 2157 2548 2228 etnecessarism

535 2261 706 2349 Princeps
721 2254 853 2339 voluit,
878 2276 949 2346 qua
968 2253 1007 2321 in
1025 2275 1064 2322 re
1079 2250 1289 2342 sapientiam
1301 2250 1377 2318 eius
1391 2262 1426 2318 et
1441 2248 1519 2338 pie-
1568 2241 1701 2331 patriae
1730 2242 1970 2315 defensionem
1997 2250 2174 2322 adiuvare.
2226 2249 2335 2323 Domi
2363 2255 2548 2329 latrocinia

536 2377 642 2435 tatem
661 2379 847 2448 agnoscere
860 2375 1056 2447 possumus.
1107 2351 1155 2424 Ut
1171 2352 1267 2421 euim
1289 2373 1331 2419 ex
1352 2349 1519 2419 dentibus
1567 2341 1707 2411 fortiter
1733 2346 1916 2434 repressit,
1941 2369 1983 2417 ac
2004 2351 2143 2442 insigne
2167 2354 2365 2446 exemplum
2378 2356 2452 2429 eius
2464 2383 2550 2430 nar·

537 2460 701 2533 draconis
722 2459 761 2526 in
777 2453 931 2528 Cadmea
948 2450 1115 2550 historia,
1141 2464 1223 2522 nata
1237 2464 1290 2522 est
1306 2449 1445 2520 soboles
1460 2470 1519 2518 ar·
1568 2455 1678 2513 ratur.
1730 2438 1822 2545 Cum
1847 2443 2040 2519 indicatum
2062 2468 2150 2525 esset
2171 2455 2240 2545 ipsi
2270 2458 2442 2548 quosdam
2461 2459 2552 2531 insi-

536 2577 713 2634 matorum
736 2559 829 2628 inter
849 2579 884 2626 se
908 2555 1174 2638 dimicantium,
1199 2553 1248 2622 sic
1266 2576 1306 2622 ex
1322 2550 1518 2642 improprio
1569 2543 1661 2612 diari
1685 2547 1910 2636 quorundam
1925 2566 2158 2625 mercatorum
2178 2557 2376 2639 mercibusss
2401 2583 2468 2630 nee
2489 2584 2552 2632 ω·

536 2685 697 2737 sermone
726 2659 872 2729 dissidia
893 2656 1105 2749 opinionum
1131 2654 1169 2722 in
1191 2652 1401 2724 docentibus
1421 2664 1456 2723 et
1478 2651 1518 2718 in
1569 2646 1644 2714 bito
1659 2667 1833 2715 accersere
1848 2648 1985 2742 equites
2000 2674 2041 2721 ex
2058 2656 2283 2746 praefecturis
2296 2672 2424 2750 posset,
2449 2660 2553 2734 iussit

536 2765 670 2859 populo
694 2762 870 2831 oriuntur.
922 2756 1020 2845 Quid
1043 2769 1124 2827 sunt
1147 2756 1208 2825 illa
1230 2754 1424 2846 paradoxa,
1449 2752 1519 2820 nisi
1569 2767 1643 2815 sese
1673 2746 1772 2838 sequi
1795 2746 1929 2818 aulicos
1960 2755 2105 2845 equites.
2154 2753 2201 2828 Et
2229 2760 2388 2832 ascendit
2415 2761 2552 2853 ipsein

523 2870 657 2959 ,μῆλον
682 2857 824 2958 ibides?
865 2853 998 2928 Omnia
1019 2859 1108 2930 liunt
1128 2856 1341 2939 necessario,
1367 2854 1463 2923 bona
1485 2865 1521 2922 et
1569 2869 1713 2916 currum
1729 2851 1946 2920 mercatoris.
1998 2853 2089 2925 Cum
2103 2872 2249 2930 ventum
2266 2874 2353 2931 esset
2366 2864 2410 2931 ad
2428 2865 2548 2935 locum

539 2969 644 3037 mala.
704 2958 839 3033 Omnia
869 2971 1010 3051 peccata
1040 2972 1124 3028 snut
1151 2958 1262 3049 paria.
1313 2953 1521 3046 Rapiuntur
1570 2947 1801 3034 insidiarum,
1837 2954 1975 3042 magnis
2008 2956 2227 3031 clamoribus
2258 2960 2482 3033 insidiatores
2503 2968 2552 3035 ad

538 3065 778 3140 enthusiasmo
802 3086 877 3132 nou
901 3060 1058 3131 volentes
1079 3060 1142 3153 qui
1164 3060 1210 3130 ad
1232 3056 1348 3128 Deum
1372 3078 1522 3126 eonver—
1570 3071 1694 3118 currus
1716 3065 1939 3146 properant,
1969 3052 2100 3145 Agnita
2123 3061 2324 3154 aliquorum
2346 3087 2429 3135 voce
2442 3062 2552 3136 Prin-

538 3182 673 3243 tuntur.
724 3165 796 3237 Nec
819 3161 971 3234 docendi
990 3173 1073 3232 sunt
1095 3156 1310 3231 homiuesut
1323 3168 1522 3251 repugnent
1571 3172 1650 3242 seps
1681 3151 1893 3224 nominatim
1926 3178 1985 3225 eos
2015 3163 2213 3251 compellat.
2288 3161 2366 3235 Hos
2398 3165 2551 3236 vicissim

539 3271 763 3344 diffidentiae.
814 3261 1011 3335 Christiani
1030 3287 1105 3333 non
1129 3256 1261 3332 habent
1283 3258 1446 3351 proprias
1468 3258 1524 3327 fa·
1571 3251 1690 3342 agnita
1705 3250 1883 3346 Principis
1896 3280 1981 3326 voce
1995 3272 2029 3330 et
2044 3261 2150 3343 facie,
2175 3288 2281 3358 quem
2303 3266 2459 3338 sciebant
2478 3290 2553 3340 esse

541 3375 697 3444 cultates.
749 3366 853 3436 Talia
870 3365 1100 3434 deliramenta
1113 3365 1253 3456 sapiens
1269 3375 1304 3434 et
1320 3361 1399 3452 pius
1415 3358 1523 3430 Prin·
1571 3364 1748 3425 ementem
1769 3353 1948 3442 iusticias,
1972 3374 2007 3432 et
2028 3366 2306 3453 venerabantur,
2331 3370 2449 3460 pudor
2464 3394 2485 3442 a
2498 3371 2554 3441 fa·

540 3493 620 3561 ceps
644 3493 725 3538 cum
749 3466 828 3536 tolli
853 3464 976 3548 vellet,
1001 3464 1137 3533 curavit
1158 3463 1343 3533 admoneri
1357 3465 1523 3532 docentes
1571 3457 1692 3526 tinore
1717 3456 1890 3542 deterret,
1916 3485 2025 3554 quare
2049 3467 2167 3540 subito
2187 3469 2345 3560 fugiunt,
2372 3483 2406 3539 et
2427 3482 2552 3559 postea

539 3585 580 3642 ut
602 3582 698 3637 recte
719 3567 960 3658 loquerentur.
1013 3561 1113 3632 Sicut
1134 3565 1295 3632 doctrina
1319 3564 1364 3630 de
1385 3563 1523 3633 ratione
1572 3559 1816 3649 deprecatores
1831 3562 1877 3629 ad
1892 3559 2095 3659 Principem
2111 3570 2268 3643 mittunt.
2318 3567 2371 3643 lu
2387 3592 2551 3661 praeseus

543 3667 714 3764 loquendi
737 3664 925 3758 praecipit:
961 3658 981 3733 ὃ
1006 3657 1122 3757 σοφὸς
1146 3656 1395 3755 οὐθοῤῥήμων
1418 3660 1523 3738 ἔστω.
1572 3657 1777 3747 pluseffeeit
1794 3661 1870 3730 sine
1891 3663 2135 3747 dimicatione,
2163 3673 2314 3761 quamsi
2330 3673 2553 3770 missosqui-
2586 3724 2589 3735 .

542 3772 691 3861 Sapiens
718 3782 812 3838 recte
842 3767 1019 3857 loquatur.
1077 3760 1125 3833 Et
1155 3760 1363 3837 Aristoteles
1395 3763 1523 3857 inquit,
1573 3772 1646 3829 tatu
1661 3760 1768 3828 armis
1783 3762 1973 3853 reprimere
1993 3764 2216 3837 insidiatores
2234 3771 2413 3844 voluisset.

544 3872 720 3941 Virtutem
752 3890 824 3939 esse
856 3867 1027 3937 orationis
1060 3865 1354 3958 perspicuitatem,
1420 3864 1524 3936 Hane
1670 3856 1762 3930 Com
1796 3863 1904 3951 igitur
1935 3876 1970 3935 et
1994 3864 2167 3938 iusticiam
2187 3866 2363 3959 Principis
2391 3889 2552 3944 amarent

542 3998 626 4042 vero
660 3972 750 4041 ellici
779 3967 924 4061 proprio
955 3989 1127 4038 sermone.
1192 3961 1403 4064 σαφεστάτη
1435 3963 1526 4049 λέξις
1572 3985 1713 4047 omnes,
1738 3976 1772 4033 et
1800 3965 2045 4055 prudentiam,
2071 3982 2107 4040 et
2134 3970 2412 4060 magnitudinem
2437 3970 2552 4041 animi

543 4070 664 4157 ἐστὶν,
695 4067 781 4164 sila
809 4073 887 4141 τῶν
914 4064 1056 4165 κυρίων
1088 4062 1296 4162 ὀνομάτων.
1348 4067 1524 4160 Cognosei
1573 4065 1611 4132 in
1632 4088 1674 4134 eo
1699 4066 1972 4156 perspexissent,
1995 4069 2164 4143 libentius
2186 4072 2314 4143 deiude
2330 4072 2552 4167 quieveruut.

541 4191 659 4247 autem
691 4173 874 4263 vigilantia
907 4171 958 4262 pii
977 4170 1152 4262 Principis
1185 4166 1250 4242 hac
1273 4196 1313 4242 ex
1334 4194 1374 4242 re
1399 4182 1525 4263 potest,
1574 4165 1711 4236 Vicinis
1738 4166 1838 4237 nulla
1868 4168 1962 4238 bella
1990 4170 2113 4244 intulit
2144 4197 2345 4267 quanquam
2380 4173 2552 4245 irritatus.

541 4279 636 4371 quod
653 4274 735 4345 inde
751 4297 860 4367 usque
876 4274 920 4342 ab
936 4274 1039 4344 initio
1063 4273 1331 4346 instaurationis
1346 4270 1524 4345 Ecclesia·
1572 4265 1643 4338 Sed
1664 4280 1705 4337 ut
1727 4268 1862 4358 patriae
1881 4283 2058 4361 parceret,
2091 4272 2230 4345 nullum
2250 4275 2384 4345 bellurn
2406 4297 2551 4346 movere

541 4404 621 4450 rum
642 4403 711 4447 vox
733 4378 854 4446 eadem
875 4376 951 4444 sine
969 4375 1247 4445 dissensionibus
1262 4375 1346 4445 ullis
1363 4377 1407 4445 ad
1426 4371 1524 4446 hunc
1572 4371 1783 4454 decreverat,
1798 4370 1868 4438 nisi
1884 4370 1948 4439 alii
1963 4371 2096 4462 priores
2111 4375 2243 4445 bellurn
2259 4376 2442 4448 inferrent.
2468 4373 2553 4447 Non

543 4481 636 4549 diem
654 4481 693 4548 in
707 4474 875 4548 Ecclesiis
898 4475 1008 4546 totius
1029 4476 1182 4563 regionis
1197 4489 1317 4558 sonat,
1342 4499 1408 4545 nee
1423 4488 1524 4545 tran·
1572 4471 1772 4554 iracundia,
1799 4495 1874 4541 non
1892 4472 2029 4563 privato
2045 4476 2167 4546 dolore
2180 4498 2278 4547 arma
2292 4480 2463 4569 capienda
2479 4500 2554 4549 csse

543 4581 726 4669 quilliores
740 4601 889 4669 usquam
904 4574 1082 4647 Ecclesiae
1098 4572 1336 4645 inGermania
1354 4573 1524 4645 hactenus
1572 4572 1720 4655 sciebat,
1745 4574 1806 4642 sed
1822 4575 2035 4646 necessariae
2049 4577 2263 4649 defensionis
2282 4602 2408 4665 causa,
2434 4580 2555 4672 priva-

542 4678 698 4747 foerunt.
750 4676 897 4748 Florent
918 4691 951 4748 et
974 4671 1123 4748 Scholae
1146 4675 1185 4743 in
1209 4675 1368 4766 oppidis,
1393 4690 1524 4747 etcum
1572 4685 1627 4742 tos
1649 4686 1764 4742 autem
1788 4674 1931 4745 dolores
1944 4679 2171 4767 perferendos
2188 4703 2259 4752 esse
2273 4695 2418 4773 propter
2433 4682 2554 4772 pobli-

543 4778 655 4867 gentis
678 4777 818 4863 ingenia
838 4779 909 4848 sint
931 4778 1172 4847 doctrinarum
1194 4776 1352 4865 capacia,
1375 4789 1524 4846 naturae
1573 4797 1649 4843 eam
1673 4773 1899 4846 utilitatem·
1925 4773 1973 4846 Et
1990 4791 2031 4849 ut
2051 4775 2217 4853 historias
2237 4783 2388 4853 multum
2404 4783 2554 4872 legebat,

543 4878 648 4948 etiam
666 4890 779 4947 rectae
794 4891 876 4947 sunt
891 4891 925 4946 et
938 4873 1167 4946 abhorrentes
1182 4900 1203 4946 a
1221 4878 1430 4948 monstrosis
1443 4878 1525 4970 opi·
1573 4898 1675 4966 saepe
1697 4876 1741 4944 dc
1763 4876 1868 4949 bellis
1884 4878 2052 4950 narrabat
2075 4883 2255 4954 oraculum
2270 4879 2416 4954 Graecis
2431 4886 2554 4956 dotum

544 4980 725 5052 ninnibus.
777 4975 873 5049 Haec
890 4975 1107 5048 deEcclesiis
1123 4991 1157 5050 et
1172 4980 1216 5049 de
1233 4992 1400 5071 perpetua
1413 4977 1525 5049 Ducis
1573 4989 1657 5047 ante
1687 5000 1841 5068 pugnam
1868 4978 1912 5047 ad
1935 4977 2093 5062 Plateas,
2130 4979 2378 5077 ἀμυνομένοις
2408 4982 2555 5081 βέλτιον

541 5077 683 5151 Ernesti
700 5080 883 5172 diligentia
900 5080 938 5148 in
954 5079 1093 5151 tuendis
1106 5077 1274 5153 Ecclesiis
1291 5105 1332 5151 eo
1349 5081 1424 5151 dixi
1441 5082 1524 5151 bre·
1572 5077 1725 5153 ἔσεσθαι
1732 5128 1744 5162 ,
1786 5076 1945 5176 ἄρχουσι
1969 5074 2010 5153 δὲ
2039 5074 2172 5174 μάχης·
2191 5081 2248 5156 οὔ.
2305 5083 2422 5157 Patris
2448 5087 2552 5155 etiam

540 5182 638 5266 viras,
664 5184 726 5275 qui
743 5182 983 5277 tranquillitas
996 5178 1234 5254 Ecclesiarum
1257 5183 1296 5253 in
1313 5181 1355 5254 iis
1370 5183 1455 5254 locis
1470 5196 1526 5253 te·
1573 5181 1771 5272 exemplum
1793 5182 1971 5275 repetebat
1990 5181 2053 5274 qui
2075 5183 2190 5254 victor
2211 5187 2327 5258 luerat
2340 5211 2418 5259 eum
2435 5181 2553 5256 hostes

540 5283 748 5352 stimonium
772 5300 824 5356 est
845 5285 1048 5373 vigilantiae
1070 5285 1179 5372 ipsius
1200 5286 1238 5354 in
1259 5280 1325 5357 hac
1347 5297 1525 5377 partegu·
1573 5283 1710 5372 priores
1727 5284 1773 5352 ad
1785 5306 1869 5358 ¹eum
1891 5282 2134 5367 accessissent,
2159 5300 2201 5360 ut
2218 5288 2391 5379 praelium
2407 5284 2553 5358 cierent.
2589 5300 2593 5307 '

540 5384 772 5457 bernationis.
823 5383 939 5454 Venio
954 5407 1050 5451 nnnc
1064 5383 1109 5450 ad
1133 5407 1195 5467 ea,
1219 5410 1309 5477 quae
1329 5389 1374 5458 ad
1398 5409 1525 5457 meun-
1575 5381 1617 5469 ln
1632 5384 1876 5457 iurisdictione
1891 5384 2084 5457 domestica
2104 5385 2175 5460 fuit
2192 5390 2351 5459 assiduus
2376 5398 2410 5456 et
2430 5385 2556 5476 iustus,

540 5488 622 5555 darn
636 5485 792 5575 decalogi
807 5495 942 5576 partem
959 5481 1101 5573 proprie
1115 5484 1303 5573 pertinent.
1355 5483 1524 5557 Armatus
1572 5484 1700 5556 delicta
1715 5509 1834 5558 serere
1847 5485 2011 5580 punivit,
2036 5510 2138 5579 saepe
2152 5503 2307 5581 repetens
2319 5509 2443 5558 vocem
2458 5488 2556 5557 divi.

539 5608 763 5658 communem
787 5583 883 5682 pacis
901 5583 1140 5653 defensionem
1165 5583 1204 5651 in
1223 5580 1417 5655 Gennania
1441 5604 1521 5655 cum
1572 5607 1672 5669 nam,
1706 5609 1781 5659 non
1804 5612 1924 5681 parcas
1946 5583 2155 5675 homicidis,
2185 5612 2225 5660 ae
2245 5588 2385 5673 dicens,
2410 5587 2556 5659 Princi.

538 5680 797 5777 fratreadiueit
811 5685 851 5757 i'n
864 5681 1282 5771 Seditionellustieana,
1301 5700 1342 5757 ut
1354 5684 1524 5757 nomina·
1571 5700 1633 5773 pes
1645 5684 1828 5760 ministros
1843 5712 1917 5763 esse
1931 5691 2089 5763 iusticiae
2101 5688 2187 5771 Dei,
2209 5700 2244 5759 et
2257 5689 2381 5780 puniri
2404 5691 2501 5786 ipsos
2524 5696 2556 5765 si

540 5804 614 5873 tur,
641 5794 763 5863 anno·
779 5788 980 5862 millesimo
1014 5785 1316 5882 quingentesimo,
1355 5785 1522 5860 vicesimo
1571 5785 1660 5859 lenti
1677 5786 1716 5857 in
1730 5787 1847 5863 officio
1862 5804 1996 5876 ment.
2020 5806 2063 5866 ut
2081 5789 2207 5864 assidit
2224 5789 2338 5864 tribui
2351 5788 2557 5878 Beniamin,
