6025 6775
386 828 454 904 141
921 817 1080 895 DECL.
1105 818 1196 893 'DE
1229 816 1478 894 lUDlCIlS
1510 816 1842 894 ECCLESIAE.
2320 826 2392 903 142

482 994 619 1068 Differt
641 992 748 1083 igitur
767 1012 849 1060 vera
872 988 1040 1083 Synodus
1056 991 1194 1060 duabus
1219 992 1324 1060 rebus
1341 1015 1362 1061 a
1413 1013 1526 1084 usque
1546 990 1593 1061 ab
1612 990 1737 1075 initio,
1770 1004 1804 1063 et
1825 1013 1899 1061 esse
1918 994 2215 1085 omnipotentem,
2247 1020 2295 1067 ac·
2308 1019 2390 1067 vere

380 1098 520 1170 iudicio
536 1094 690 1186 politico.
737 1090 845 1161 ludex
867 1090 1032 1181 politicus
1048 1094 1113 1161 etsi
1134 1093 1362 1184 ipsequoque
1412 1114 1555 1160 cernere
1569 1106 1604 1162 et
1617 1093 1782 1161 exaudire
1796 1093 1945 1181 gemitus
1959 1108 2110 1169 nostros.
2160 1096 2317 1166 Persicos
2332 1121 2388 1167 re-

380 1224 456 1270 vox
471 1195 543 1267 Dei
564 1208 628 1277 est,
652 1205 685 1261 et
704 1191 860 1281 primum
884 1214 1010 1262 sonare
1026 1194 1231 1281 decalogum
1246 1195 1362 1276 debet,
1410 1214 1469 1281 ges
1491 1192 1531 1260 in
1555 1194 1694 1283 pompis
1716 1192 2016 1283 splendidioribus
2038 1198 2265 1269 antecedebat
2277 1218 2388 1291 equus

380 1323 453 1369 nec
476 1294 683 1367 contrarium
700 1305 854 1364 statuere
875 1305 1006 1382 potest,
1032 1307 1148 1365 tamen
1172 1307 1206 1363 et
1226 1296 1270 1361 de
1291 1296 1361 1361 cir·
1410 1303 1549 1380 gestant
1563 1317 1659 1363 aram
1674 1317 1735 1362 seu
1748 1295 1879 1377 iocum,
1892 1294 1930 1362 in
1948 1309 2106 1385 quaerat
2120 1297 2213 1386 ignis
2228 1311 2389 1383 sacer,ut

384 1394 599 1470 cumstantiis
616 1393 794 1483 probabili
820 1394 956 1463 ratione
978 1395 1107 1463 addere
1130 1396 1221 1483 leges
1238 1406 1361 1484 potest,
1409 1394 1478 1484 ipsi
1491 1396 1727 1464 nominabant
1743 1388 1949 1473 Orimasda,
1974 1395 2038 1486 qui
2051 1392 2146 1466 Deus
2159 1421 2232 1466 esse
2246 1399 2387 1469 diceba-

384 1513 420 1571 et
434 1497 591 1584 ambigua
607 1493 841 1582 interpretari,
864 1508 898 1564 ct
911 1494 1003 1565 valet
1018 1495 1261 1584 interpretatio
1277 1518 1360 1584 pro·
1410 1506 1479 1565 tur.
1529 1493 1624 1566 Num
1645 1496 1682 1563 id
1696 1496 1910 1566 credendum
1923 1495 2008 1580 fuit,
2031 1496 2114 1588 quia
2128 1495 2265 1568 Persica
2279 1498 2389 1569 colle·

377 1614 459 1690 pter
469 1596 693 1688 autoritatem
707 1594 838 1683 regiam
854 1617 914 1665 seu
929 1597 1154 1684 praetoriam,
1180 1608 1215 1665 et
1228 1598 1264 1663 vi
1281 1618 1360 1664 cor·
1410 1596 1465 1683 gia
1489 1597 1539 1664 sic
1565 1597 1802 1667 decreverant.
1854 1595 1984 1666 Procul
2007 1617 2027 1663 a
2053 1597 2157 1666 nobis
2180 1600 2260 1668 talis
2287 1599 2388 1668 furor

377 1696 720 1790 poralisententiam
737 1709 867 1769 tuetur.
906 1692 956 1766 At
974 1696 1140 1790 Synodus
1154 1698 1204 1765 sic
1219 1697 1360 1784 alligata
1410 1696 1514 1767 absit.
1557 1694 1656 1784 Quid
1671 1710 1786 1765 autem
1804 1697 1955 1766 similius
1970 1711 2020 1767 est
2036 1697 2091 1764 illi
2109 1694 2267 1766 Persicae
2285 1720 2389 1789 poma

377 1813 432 1870 est
444 1796 653 1886 Evangelio,
671 1810 711 1866 ut
725 1819 797 1864 non
813 1796 923 1885 possit
937 1799 1064 1868 addere
1080 1822 1171 1867 nova
1186 1798 1360 1885 dogmata,
1411 1820 1493 1888 pac,
1524 1820 1630 1889 quam
1661 1798 1819 1869 adoratio
1851 1798 1890 1865 iu
1921 1798 2246 1885 circumgestatione
2275 1799 2388 1889 panis,

377 1923 448 1970 nec
468 1900 582 1969 valeat
604 1898 845 1988 interpretatio
869 1913 1012 1989 propter
1032 1900 1170 1969 ordinis
1189 1898 1359 1969 autorita-
1410 1898 1548 1991 Synodi
1570 1899 1709 1967 decreto
1738 1898 1967 1968 confirmata?
2015 1896 2097 1967 Non
2121 1898 2230 1986 igitur
2250 1897 2388 1992 Synodi

377 2014 469 2087 tem,
494 2023 559 2070 nec
573 1999 611 2067 vi
628 1998 801 2088 corporali
818 2000 1027 2068 sententiam
1043 2014 1172 2072 tuetur.

482 2117 553 2189 Sed
575 2113 634 2186 hic
657 2115 844 2186 Pontifices
868 2117 1049 2190 clamitant
1073 2114 1358 2188 incidi'uervum

377 2219 596 2290 iudiciorum
608 2233 643 2287 et
655 2218 878 2292 autoritatem
893 2220 1014 2300 deleri,
1040 2220 1159 2289 sinon
1175 2220 1288 2287 valeat
1302 2218 1360 2284 in-

377 2320 582 2410 terpretatio
601 2334 767 2410 tanquam
790 2320 884 2408 regia
902 2320 957 2387 vel
974 2321 1147 2412 praetoria
1163 2318 1360 2389 autoritate.

378 2420 478 2510 Quid
495 2420 604 2510 igitur
619 2432 671 2489 est
686 2420 855 2513 inquiunt
869 2422 1040 2491 sententia
1056 2422 1095 2487 in
1110 2418 1282 2512 Synodo?

472 2550 692 2645 ‘Quanquam
716 2551 910 2644 tyrannicis
931 2550 1084 2638 ingeniis
1109 2545 1194 2618 haec
1221 2550 1357 2640 ingrata

378 2664 478 2736 sunt,
502 2666 622 2723 tamen
651 2675 791 2723 necesse
819 2663 872 2720 est
902 2649 979 2766 pios
1007 2647 1072 2720 hac
1093 2652 1137 2721 de
1163 2674 1202 2719 re
1225 2652 1357 2724 doceri.

377 2750 471 2822 Cum
494 2753 671 2823 incidisset
699 2751 936 2823 controversia
959 2744 1071 2844 ῥήτου
1092 2777 1156 2824 και
1144 2747 1426 2835 dedebeant

378 2876 486 2945 quam
509 2855 621 2925 movit
642 2854 891 2924 samosatenus
914 2853 958 2920 d'e
979 2854 1053 2922 filio
1069 2855 1158 2938 Dei,
1183 2877 1230 2922 an
1251 2847 1359 2949 λόγος

376 2954 424 3023 sit
437 2948 706 3049 decoriamus,
734 2969 973 3027 convenerunt
988 2907 1158 3047 Episcopi
1178 2977 1220 3023 ex
1237 2953 1358 3023 multis

374 3056 552 3143 gentibus.

479 3170 532 3239 lli
553 3171 792 3258 pronunciant
814 3168 926 3265 λόγον
941 3195 1015 3240 esse
1029 3169 1299 3267 ὑφιστάμενον,
1324 3184 1358 3240 et

366 3273 536 3342 refutant
548 3291 588 3334 ac
603 3267 805 3356 improbant
820 3280 931 3337 astute
948 3271 1132 3357 cogitatam
1150 3273 1358 3359 interpreta-

370 3370 511 3443 tionem
527 3365 757 3437 Samosateni.
805 3363 904 3436 Haec
915 3366 1094 3462 Synodus,
1118 3394 1193 3439 non
1210 3382 1251 3440 ut
1267 3367 1359 3459 poli·

373 3471 467 3541 ticus
492 3466 614 3550 iudex,
639 3467 762 3538 definit
784 3469 1049 3556 ambiguitatem
1065 3470 1159 3558 regia
1180 3494 1241 3539 seu
1259 3493 1359 3560 prae-

375 3568 467 3641 toria
490 3568 699 3653 autoritate,
723 3571 783 3638 sed
805 3568 936 3654 singoli
958 3591 1041 3636 suae
1064 3571 1145 3636 fidei
1166 3571 1358 3636 confessio-

377 3693 456 3740 nem
481 3669 692 3751 ostendunt,
716 3680 749 3737 et
772 3665 972 3755 exscriptis
991 3661 1205 3757 propheticis
1223 3680 1256 3736 et
1270 3689 1356 3757 apo-

377 3769 509 3841 stolicis
530 3766 732 3839 testimonia
755 3766 948 3837 ostendunt
970 3787 1052 3835 suae
1076 3766 1176 3852 fidei,
1201 3767 1249 3837 ita
1275 3791 1356 3836 sen-

377 3870 485 3943 tentia
499 3867 638 3963 Synodi
661 3893 701 3938 ac
723 3869 923 3951 decretum,
948 3878 1000 3935 est
1020 3879 1159 3935 tantum
1182 3869 1354 3937 consessio

378 3970 614 4061 singulorum,
639 3993 708 4064 qua
724 3969 776 4060 pii
791 3963 1066 4038 commonebant
1086 3980 1120 4036 et
1141 3969 1355 4046 confirman-

376 4085 447 4148 tur.
498 4069 567 4141 Sed
584 4072 732 4141 credunt
747 4071 791 4139 de
805 4093 843 4138 re
856 4080 954 4138 tanta
969 4091 1041 4137 non
1058 4081 1202 4159 propter
1217 4067 1355 4162 Synodi

329 4194 333 4198 ·
376 4175 575 4256 decretum,
607 4174 668 4241 sed
695 4183 842 4262 propter
864 4169 1065 4240 testimonia
1094 4164 1299 4260 prophetica
1323 4182 1357 4239 et

375 4273 576 4368 apostolica.
628 4271 797 4361 Quotidie
809 4271 848 4339 in
864 4269 1086 4340 invocatione
1101 4270 1166 4338 filii
1179 4267 1246 4339 Dei
1261 4271 1357 4359 cogi-

376 4387 475 4460 tsns,
508 4374 593 4466 quid
632 4374 814 4457 invocem,
852 4370 944 4441 etsi
973 4372 1182 4462 profuerunt
1208 4370 1356 4465 Synodi,

376 4469 598 4548 Antiocheno
627 4490 661 4546 et
685 4474 858 4556 Nicaeua,
891 4474 936 4542 ad
968 4473 1355 4556 commonefactionens,

375 4589 494 4648 umen
513 4577 557 4644 de
577 4600 616 4645 re
637 4589 733 4647 tanta
755 4576 859 4647 credo
882 4596 955 4643 non
973 4586 1116 4664 propter
1128 4571 1354 4666 synodorum

375 4678 527 4760 decreta,
547 4679 607 4746 sed
625 4693 769 4769 propter
782 4688 875 4748 certa
893 4675 1091 4745 testimonia
1109 4674 1243 4758 divina,
1266 4698 1355 4767 quae

372 4790 497 4953 &ant
510 4779 548 4846 in
564 4775 751 4871 Prophetis
766 4776 1002 4868 etApostolis.
1032 4772 1168 4856 Nititur
1182 4776 1265 4845 fides
1281 4799 1355 4845 non

396 4872 605 4990 ynodorum
627 4881 882 4972 congressibus.
932 4876 1024 4949 Nam
1046 4875 1134 4946 aliae
1154 4876 1292 4970 Synodi
1315 4890 1355 4947 ut

373 4973 618 5051 Ariminensis
637 4992 672 5049 et
690 4979 900 5076 syrmiensis
922 4979 1102 5052 diversum
1123 4977 1344 5049 tradiderunt

375 5080 436 5151 ssd
452 5098 542 5149 voce
556 5075 691 5150 divina.

477 5190 551 5264 Nec
576 5191 716 5289 Synodi
733 5193 846 5269 Deum
866 5200 977 5270 alium
994 5196 1166 5268 Ecclesiae
1183 5196 1355 5267 fabricare

374 5306 542 5390 possunt,
567 5308 608 5365 ut
631 5293 761 5372 Graeci
781 5297 987 5386 Herculem,
1017 5311 1078 5370 aut
1099 5297 1257 5388 Quirites
1278 5295 1355 5369 Ro·

376 5397 514 5469 mulum
530 5397 624 5468 inter
639 5394 737 5468 Dens
752 5399 959 5471 retulerunt.

477 5511 553 5583 Nisi
585 5517 749 5586 arassetis
783 5515 894 5584 vitula
926 5538 1020 5600 mea,
1050 5516 1169 5610 inquit
1194 5516 1356 5600 Samson,

376 5636 452 5683 non
468 5613 701 5689 invenissetis.
753 5613 978 5687 Audiamus
967 5615 1075 5702 rgitur
1088 5619 1271 5689 docentem
1286 5612 1356 5685 Ec-

375 5714 538 5800 clesiam,
563 5731 597 5787 et
612 5718 874 5788 commonefieri
891 5739 958 5785 nos
978 5738 997 5784 a
1015 5716 1083 5807 piis
1098 5716 1253 5814 Synodis
1268 5716 1356 5784 veli-

373 5836 474 5897 mus,
493 5817 559 5884 sed
576 5817 687 5885 tides
675 5832 856 5891 rntueatur
869 5819 1018 5888 verbum
1033 5813 1120 5899 Dei,
1145 5821 1242 5914 qnod
1259 5817 1356 5888 altir-

375 5928 449 5986 mst
471 5912 587 5986 tilium
601 5912 680 5989 Dei
704 5919 849 5995 missum
876 5942 952 5993 esse
977 5919 1023 5990 sd
1047 5913 1243 5992 Ecclesiam
1272 5917 1356 5988 inde

1410 1999 1599 2092 autoritas,
1623 2001 1684 2068 sed
1699 2022 1765 2066 vox
1782 1998 1904 2067 divina
1920 1997 2046 2068 rectrix
2061 2000 2107 2067 sit
2123 1999 2217 2070 fidei.

1513 2133 1562 2204 At
1583 2133 1768 2225 inquiunt,
1793 2133 1925 2201 multae
1947 2133 2111 2203 incidunt
2131 2135 2389 2205 controversiae

1409 2239 1479 2307 τοῦ
1494 2227 1606 2329 (laianu
1622 2230 1685 2305 nui
1700 2227 1877 2313 διανοίας.
1919 2229 2073 2325 Oportet
2089 2256 2171 2323 ergo
2186 2257 2258 2304 esse
2275 2236 2389 2305 inter-

1409 2352 1536 2429 pretes.
1597 2332 1646 2405 Et
1673 2335 1743 2403 nisi
1773 2335 1889 2404 valeat
1923 2334 2164 2425 interpretatio
2193 2335 2390 2419 autoritate,
2504 2356 2509 2366 “

1410 2463 1483 2508 ιιοιι
1501 2451 1553 2509 ιιι
1569 2437 1650 2506 bnis
1665 2436 1903 2506 dissidiorum.
1950 2434 2047 2505 Haec
2064 2436 2176 2505 oratio
2191 2435 2390 2527 plausibilis

1409 2554 1477 2624 est,
1502 2553 1536 2608 et
1559 2550 1697 2626 sumpta
1719 2562 1739 2606 a
1761 2536 1913 2627 politicis
1928 2537 2086 2622 iudiciis,
2112 2541 2172 2607 sed
2189 2537 2333 2605 dissidia
2350 2536 2389 2604 in

1409 2638 1576 2711 Ecclesiis
1595 2639 1665 2707 alio
1688 2639 1794 2707 modo
1811 2639 2005 2717 tolluntur,
2030 2640 2284 2729 Apostolorum
2303 2659 2389 2706 con·

1410 2763 1552 2809 sensum
1567 2742 1610 2807 de
1626 2738 1711 2826 legis
1727 2739 1955 2826 abrogatione
1971 2754 2166 2831 sequuntur
2182 2741 2232 2830 pii
2249 2738 2389 2809 caeteri·

1408 2839 1478 2910 Hic
1494 2850 1613 2906 coetus
1636 2851 1687 2904 est
1705 2836 1879 2919 Ecclesia,
1903 2840 1965 2908 alii
1982 2863 2064 2907 vern
2087 2841 2190 2910 multi
2206 2839 2391 2909 dissentie-

1409 2942 1495 3010 bant
1511 2950 1556 3039 ,ιι
1585 2937 1755 3004 uolebant
1788 2937 1887 3002 illam
1917 2934 2191 3026 pulcherrimam
2227 2937 2389 3027 politiam

1410 3040 1556 3112 destrui.

1499 3171 1577 3240 Hos
1592 3170 1734 3240 tandem
1749 3167 1877 3236 refutat
1892 3166 1987 3236 Deus
2004 3165 2138 3235 excidio
2155 3164 2390 3263 ierosolymae

1410 3285 1446 3341 et
1467 3272 1616 3339 aliarum
1636 3266 1778 3337 urbium
1803 3280 1837 3335 et
1858 3266 1967 3336 totius
1988 3268 2101 3355 gentis
2127 3267 2284 3339 interitu.
2336 3267 2389 3341 lta

1411 3373 1546 3441 cineres
1562 3382 1595 3439 et
1611 3369 1738 3439 rudera
1754 3364 1896 3435 urbium
1911 3378 2084 3437 testantur
2100 3368 2278 3438 decretum
2289 3366 2389 3460 Apo-

1409 3473 1587 3543 stolorum
1604 3487 1725 3539 verum
1746 3489 1836 3546 esse,
1862 3480 1897 3537 et
1918 3466 2104 3536 dissidium
2127 3472 2269 3539 tandem
2290 3472 2389 3541 tolli·
2443 3482 2446 3490 '

1409 3586 1477 3642 tur.
1529 3568 1588 3638 sic
1604 3591 1684 3638 cnm
1707 3567 1800 3635 edita
1819 3578 1871 3635 est
1887 3563 2024 3660 Synodi
2047 3569 2239 3654 consessio,
2263 3584 2298 3640 et
2319 3573 2389 3640 im-

1409 3671 1459 3761 pi1
1448 3669 1703 3757 dogmatistae
1718 3691 1759 3736 ex
1773 3658 1982 3736 Ecclesia
1946 3692 2087 3757 prorum
2103 3671 2202 3738 eiecti
2214 3684 2308 3756 sunt,
2330 3696 2388 3742 ec-

1407 3770 1620 3840 clesiasticus
1640 3767 1751 3837 iudex
1766 3791 1841 3836 non
1862 3768 1942 3836 aliis
1962 3769 2077 3839 modis
2095 3770 2220 3839 tollere
2242 3771 2388 3843 dissidia

1409 3884 1540 3960 potest,
1565 3893 1631 3938 nec
1651 3882 1703 3938 est
1724 3869 1845 3951 lictor,
1869 3870 1928 3938 sed
1944 3866 2074 3939 Deus
2062 3893 2137 3960 rpse
2157 3872 2321 3941 defensor
2336 3886 2389 3945 cst

1407 3970 1584 4049 veritatis,
1622 3983 1655 4037 ct
1685 3971 1825 4037 tandem
1857 3969 1951 4039 delet
1983 3971 2109 4060 impias
2139 3985 2267 4056 sectas,
2297 3970 2388 4044 sicut

1386 4067 1770 4163 ,Aegyptios-delevit,
1803 4080 1837 4135 et
1860 4090 1961 4157 saepe
1982 4072 2155 4159 oppressit
2174 4070 2301 4143 ludeos
2329 4074 2388 4141 in·

1407 4183 1626 4240 staureturos
1642 4190 1740 4234 suam
1757 4166 1933 4254 politiam,
1957 4181 1991 4237 et
2005 4169 2094 4237 sicut
2107 4172 2248 4241 sustulit
2263 4171 2386 4241 Mani·

1407 4267 1553 4353 chaum,
1579 4291 1684 4360 quem
1713 4266 1889 4335 interiecit
1910 4289 1970 4335 rex
1991 4265 2167 4356 Persicus,
2194 4295 2273 4340 cum
2298 4284 2388 4342 esset

1408 4374 1579 4463 impostor
1601 4367 1706 4438 titulo
1729 4367 1874 4452 medici,
1899 4379 1934 4436 et
1953 4367 2044 4438 sicut
2061 4365 2207 4440 Arrium
2229 4371 2388 4457 extinxit,

1407 4474 1465 4543 cui
1486 4471 1586 4541 velut
1610 4465 1718 4538 Iudae
1736 4468 1856 4538 subito
1878 4468 2034 4540 cruciatu
2057 4470 2166 4540 effusa
2188 4482 2272 4541 sunt
2294 4485 2387 4543 exta.

1406 4571 1459 4644 Ac
1475 4571 1626 4642 subinde
1641 4570 1697 4637 vel
1712 4568 1820 4638 iidem
1839 4592 1976 4638 amores
1991 4570 2226 4661 repullulant,
2250 4571 2307 4641 vel
2323 4571 2386 4640 alii

1394 4674 1590 4759 oriuntur,
1622 4682 1662 4741 ut
1683 4669 1791 4740 nimis
1811 4692 1893 4741 vere
1917 4669 2053 4806 dictum
2082 4686 2134 4744 est
2156 4673 2195 4742 in
2220 4669 2386 4744 Timonis

1405 4798 1526 4846 versu·

1509 4883 1626 4973 possis
1648 4913 1670 4970 η
1657 4881 1890 4970 ‘tiposdlosyoe
1909 4880 1973 4970 ipse
1992 4882 2098 4951 sareda
2113 4885 2258 4952 mosis.

1345 5032 1356 5064 ²
1407 5008 1598 5081 Martionis
1618 5007 1716 5077 virus
1735 5016 1854 5075 ortum
1875 5017 1943 5089 est,
1967 5019 2122 5096 tempore
2136 5006 2251 5076 Marci
2270 5001 2386 5079 Anto-

1406 5111 1495 5184 nini.
1548 5108 1589 5179 ld
1605 5129 1724 5178 semen
1745 5104 1812 5175 fuit
1834 5103 1962 5199 delyrii
1975 5103 2265 5192 Manicheorum,
2288 5111 2386 5201 quod

1407 5224 1530 5281 natum
1555 5210 1594 5277 in
1615 5205 1776 5289 Perside,
1811 5206 1970 5295 contagia
1998 5207 2125 5298 sparsit
2154 5205 2193 5275 in
2213 5161 2386 5296 Airicam,

1408 5336 1497 5407 quae
1521 5310 1572 5380 ibi
1602 5303 1719 5379 adhuc
1745 5302 1937 5396 Augustini
1967 5320 2126 5398 tempore
2156 5311 2385 5399 vagabantur.

1407 5413 1500 5486 Sunt
1516 5425 1632 5482 autem
1647 5433 1668 5477 a
1685 5407 1808 5478 Marco
1821 5402 2006 5478 Antonino
2021 5410 2065 5479 ad
2081 5410 2273 5501 Augustini
2288 5433 2385 5481 mnr-

1407 5527 1476 5583 tem
1509 5512 1594 5583 anni
1626 5512 1698 5579 lere
1725 5506 1883 5579 trecenti.
1931 5506 2093 5580 Tandem
2121 5534 2204 5580 vere
2232 5511 2383 5580 extincta

1407 5628 1509 5698 sunt,
1532 5627 1573 5685 ut
1593 5612 1735 5683 tandem
1759 5608 1934 5679 evanescit
1954 5611 2195 5689 mendacium,
2228 5610 2291 5678 etsi
2314 5606 2384 5674 alia

1407 5716 1558 5785 subinde
1579 5725 1783 5783 nascuntur.
1834 5707 1961 5780 Servat
1981 5723 2096 5781 autem
2119 5710 2212 5777 filius
2226 5706 2294 5776 Dei
2317 5705 2385 5773 ali-

1406 5839 1494 5909 quas
1523 5839 1623 5887 verae
1645 5810 1822 5883 Ecclesiae
1848 5809 2031 5901 reliquias,
2064 5818 2099 5875 et
2126 5818 2237 5896 gestat
2260 5805 2298 5874 in
2321 5826 2386 5879 sua

1406 5917 1546 6019 dextra,
1569 5930 1611 5992 ιιι
1631 5913 1763 6007 inquit:
1788 5907 1900 5980 Nemo
1912 5907 2024 5999 rapiet
2040 5926 2123 5978 oves
2138 5924 2235 5978 mess
2249 5929 2290 5979 ex
2308 5931 2386 5982 ma-
