6025 6775
495 715 569 786 sss
1261 700 1767 804 rnososmtonus.
2237 713 2239 718 ’
2450 725 2526 804 434

595 865 763 951 LXXlXss
795 876 902 968 Quod
917 889 950 947 et
966 875 1030 945 ubi
1046 869 1278 963 sitEcclesia,
1302 901 1344 947 ex
1359 876 1485 946 delini-
1536 877 1753 951 sensionum.
1806 811 2043 952 Manelenim
2066 884 2202 979 aliquid
2227 889 2389 982 caliginis
2410 908 2444 968 ει
2464 898 2521 968 iu·

495 986 593 1055 tione
610 982 761 1071 intelligi
778 993 900 1073 potest.
938 974 1184 1047 Certissimum
1211 991 1264 1049 cst
1285 978 1381 1047 enim
1401 979 1484 1049 illos
1535 977 1710 1050 firmitatis
1725 981 1765 1050 in
1781 982 1927 1068 sanctis,
1954 981 2128 1055 etPaulus
2144 988 2278 1083 inquit:
2302 991 2467 1069 infirmos
2482 1000 2522 1070 in

495 1081 661 1154 homines
683 1097 715 1153 et
738 1083 819 1152 illos
845 1092 964 1150 coetus
986 1102 1063 1147 non
1086 1100 1160 1148 esse
1182 1073 1378 1149 Ecclesiam
1404 1079 1483 1162 Dei,
1534 1079 1603 1150 fide
1616 1083 1801 1168 assumite,
1821 1079 1976 1156 Roman.
1989 1085 2266 1182 decimoquarto.

496 1186 560 1278 qui
575 1199 635 1255 aut
648 1207 785 1282 prorsus
799 1182 965 1270 ignorant
975 1173 1482 1276 Evangelium,.antaliquem
1633 1178 1801 1259 LXXXI.
1843 1181 1900 1254 Ad
1917 1184 2086 1259 unitatem
2103 1184 2282 1263 Ecclesiae
2298 1218 2521 1293 nequaquam

496 1286 682 1356 argeutum
711 1281 954 1364 fundamenti,
990 1281 1027 1351 id
1059 1294 1132 1365 est,
1167 1281 1323 1376 aliquem
1351 1283 1483 1354 articu-
1534 1283 1727 1353 necessaria
1748 1299 1800 1356 est
1821 1285 2018 1358 similitudo
2043 1294 2321 1366 ceremoniarum
2343 1292 2521 1373 humana·

497 1390 570 1457 lum
586 1384 684 1464 fidei,
709 1396 770 1454 aut
787 1379 1161 1472 doctrinamDecalogi
1177 1397 1397 1475 oppugnant,
1420 1396 1483 1455 aut
1532 1407 1636 1466 rum,
1660 1384 1740 1455 ideo
1760 1387 1975 1484 dictumest:
2008 1386 2121 1461 Nemo
2142 1417 2205 1464 vos
2226 1410 2352 1487 arguat
2374 1399 2415 1469 in
2436 1403 2517 1475 cibo

495 1485 675 1556 manifesta
698 1484 794 1556 idola
818 1485 1028 1556 defendunt.
1087 1481 1158 1555 Hie
1181 1499 1267 1556 nota
1290 1486 1361 1556 sint
1383 1485 1482 1556 testi·
1534 1498 1568 1555 et
1587 1499 1695 1576 potu,
1723 1487 1763 1557 in
1783 1488 1916 1560 ritibus.
1933 1487 2072 1560 dierum
2095 1493 2278 1568 festorum.
2327 1496 2432 1571 Hanc
2451 1503 2518 1574 do-

492 1585 612 1655 monia
627 1580 798 1658 Iohannis
813 1587 962 1680 quintos
995 1583 1070 1672 Qui
1084 1609 1159 1655 non
1182 1581 1335 1657 honorat
1356 1587 1482 1671 filium,
1533 1589 1682 1657 ctrinam
1697 1587 1781 1659 sciri
1798 1614 1938 1662 necesse
1952 1604 2016 1678 est,
2040 1616 2085 1663 ne
2097 1594 2159 1664 alii
2174 1599 2410 1671 condemnent
2427 1603 2518 1676 alios

490 1711 564 1758 non
603 1679 758 1759 honorat
785 1701 934 1780 patrem.
996 1683 1107 1773 ltem,
1141 1688 1173 1758 1.
1197 1683 1404 1758 Corinthios
1428 1688 1480 1759 s:
1532 1701 1679 1780 propter
1698 1688 2007 1765 dissimilitudines
2035 1692 2075 1762 in
2103 1695 2233 1768 ritibus
2252 1693 2436 1789 humanis,
2475 1718 2518 1778 nt

490 1786 782 1863 Fundamentum
795 1790 894 1861 aliud
908 1787 994 1882 poni
1012 1813 1086 1858 non
1104 1802 1235 1881 potest,
1260 1813 1366 1883 quam
1383 1789 1481 1883 quod
1532 1801 1616 1859 sunt
1628 1792 1871 1862 contentiones
1885 1795 1930 1862 de
1947 1817 2038 1886 pane
2056 1818 2199 1889 azymo,
2229 1799 2273 1867 de
2295 1801 2518 1890 fermentato,

493 1890 650 1984 positum
681 1906 754 1978 est,
792 1892 888 1986 quod
917 1903 968 1962 est
992 1886 1100 1960 Iesus
1122 1879 1308 1962 Christus.
1378 1888 1479 1974 ltem,
1532 1889 1577 1958 de
1598 1887 1759 1975 ieiuniis,
1786 1893 1830 1962 de
1845 1893 2047 1978 discrimine
2067 1897 2240 1972 ciborum.
2291 1897 2380 1972 Vult
2397 1916 2516 1976 autem

498 1988 614 2066 Galat,
634 1993 685 2063 1.:
718 1991 760 2065 Si
774 1993 855 2086 quis
874 1993 970 2063 aliud
988 1987 1225 2083 Evangelium
1246 1995 1368 2078 docet,
1393 2014 1481 2060 ana·
1534 1988 1689 2079 conspici
1712 1986 1809 2060 Deus
1834 1992 2032 2066 libertatem
2051 1996 2091 2066 in
2110 1992 2167 2068 his
2187 1994 2316 2072 ritibus
2339 1996 2517 2086 humanis,

495 2090 613 2164 phana
626 2095 683 2166 sit,
731 2093 889 2166 Tantum
904 2093 1012 2184 igitur
1028 2094 1083 2162 illi
1098 2088 1262 2164 homines
1279 2107 1314 2164 et
1329 2094 1384 2162 illi
1400 2115 1481 2162 coe-
1533 2114 1578 2159 ne
1594 2091 1804 2162 delabantur
1817 2086 1979 2164 homines
2004 2096 2042 2164 in
2064 2121 2200 2170 errores
2220 2095 2456 2192 pharisaicos,
2480 2119 2517 2179 ει

493 2209 550 2266 tus
573 2207 659 2266 sunt
681 2196 839 2266 membra
854 2189 1048 2281 Ecclesiae,
1072 2197 1277 2288 ubicunque
1292 2207 1392 2278 sunt,
1418 2190 1481 2284 qni
1533 2205 1657 2282 putent
1671 2192 1758 2262 tales
1776 2206 1934 2265 externas
1956 2196 2219 2269 observationes
2243 2224 2317 2272 esse
2339 2203 2516 2278 iusticiam

492 2296 756 2388 ,mplecpungur
781 2292 967 2388 Evangelii
996 2296 1195 2368 doctrinam
1227 2295 1480 2385 incorruptam,
1532 2288 1736 2382 Evangelii,
1774 2294 1858 2365 item
1881 2295 1954 2366 esse
1975 2297 2099 2367 merita
2118 2298 2336 2373 remissionis
2357 2321 2517 2397 peccato-

494 2410 531 2470 et
545 2421 749 2492 quanquam
764 2398 827 2468 alii
842 2398 923 2492 plus
936 2398 999 2467 alii
1016 2397 1134 2464 minus
1147 2394 1239 2464 lucis
1252 2387 1403 2480 habent,
1428 2407 1482 2464 ta·
1531 2415 1624 2462 rum.
1674 2391 1832 2464 Iustinus
1845 2395 2035 2488 respondet
2049 2395 2179 2470 ludaeo
2196 2406 2368 2492 pugnanti
2383 2409 2427 2477 de
2442 2430 2517 2478 ser-

495 2520 581 2574 men
609 2521 746 2572 necesse
774 2514 827 2571 eet
853 2523 913 2569 eos
943 2496 1096 2566 retinere
1125 2496 1414 2580 fundamentum,
1446 2506 1481 2562 et
1532 2493 1659 2564 vandis
1681 2497 1907 2582 ceremoniis,
1941 2494 2104 2571 Christus
2135 2514 2186 2571 est
2217 2516 2336 2576 nostra
2363 2506 2436 2576 lex:
2476 2507 2517 2578 id

498 2620 623 2668 omnes
634 2600 797 2672 articulos
812 2600 915 2683 fidei,
939 2596 1136 2667 doctrinam
1144 2594 1329 2685 Decalogi‚
1354 2609 1389 2666 et
1405 2618 1480 2664 non
1532 2595 1665 2666 dictum
1681 2597 1802 2668 dextre
1818 2598 2037 2671 intellectum
2051 2601 2289 2674 dulcissimam
2315 2606 2516 2678 doctrinam

492 2699 721 2792 pertinaciter
736 2700 925 2772 defendere
940 2698 1044 2768 idola.
1076 2695 1159 2766 Huc
1169 2696 1350 2788 pertinent
1367 2696 1479 2767 dicta:
1534 2699 1707 2783 continet,
1733 2702 1793 2769 sed
1810 2699 1884 2792 ipse
1897 2701 1942 2770 de
1965 2704 2174 2774 ceremoniis
2187 2705 2358 2800 loquitur.
2406 2702 2516 2780 Chri-

492 2794 592 2871 Om
611 2826 709 2874 meae
729 2824 852 2871 vocem
871 2823 984 2869 meam
999 2798 1161 2873 audiunt.
1212 2793 1317 2868 ltem:
1342 2796 1480 2891 Siquis
1532 2809 1606 2867 stus
1642 2812 1693 2868 est
1724 2799 1798 2886 lex,
1834 2802 1969 2872 scilicet
1995 2803 2158 2893 impleta,
2199 2806 2272 2898 ipse
2299 2810 2516 2899 significatur

494 2900 612 2992 diligit
630 2927 707 2989 me,
740 2924 937 2971 sermonem
965 2899 1284 2986 meumscrvabit,
1323 2910 1358 2969 et
1379 2911 1481 2991 pater
1531 2919 1621 2987 agno
1642 2913 1811 2984 mactato,
1843 2916 1879 2973 et
1897 2903 2013 2994 ipsum
2036 2899 2395 2978 habentes-habemus
2416 2911 2515 3000 quod

492 3025 592 3076 meu,
605 3004 730 3092 diliget
744 3026 842 3082 eum,
868 3014 902 3072 ει
917 3000 1099 3071 veniemus
1122 3003 1167 3071 ad
1191 3024 1292 3086 eum,
1315 3012 1352 3072 ει
1373 3023 1479 3070 man·
1532 3000 1587 3068 lex
1619 2998 1848 3088 significavit,
1880 3002 1970 3071 sicut
2000 3018 2034 3073 et
2055 3002 2188 3075 Paulus
2211 3006 2343 3102 inquit:
2383 3005 2514 3099 Legem

493 3104 631 3179 sionem
643 3105 738 3197 apud
753 3125 832 3174 eum
845 3101 1027 3173 iaciemus.
1532 3102 1638 3170 luisse
1665 3101 1846 3182 umbram,
1891 3097 2029 3192 Corpus
2056 3117 2172 3174 autem
2203 3127 2276 3175 esse
2307 3098 2514 3183 Christum.

592 3205 742 3282 LXXX.
783 3201 856 3274 Hic
885 3203 955 3272 iam
983 3202 1067 3273 sciri
1089 3215 1247 3294 oportet,
1288 3202 1402 3296 qualis
1433 3202 1480 3272 sit
1531 3201 1661 3273 Dentre
1677 3214 1793 3272 antem
1808 3204 2066 3274 accommodari
2079 3206 2122 3274 ad
2135 3217 2243 3278 totam
2262 3207 2372 3299 legem
2389 3225 2513 3301 potest.

497 3331 579 3380 „a
591 3305 761 3382 Egelesta,
802 3303 975 3375 Libenter
990 3305 1086 3374 enim
1110 3317 1294 3374 cernerent
1318 3300 1479 3373 homines
1531 3297 1695 3373 Christus
1718 3316 1840 3374 nostra
1863 3303 1918 3373 lex
1935 3317 2002 3390 est,
2028 3305 2160 3377 scilicet
2179 3305 2340 3401 impleta,
2374 3312 2457 3405 quia
2479 3329 2515 3390 et

498 3412 719 3485 coniunctam
734 3411 848 3479 forma
870 3407 971 3496 regni
986 3406 1139 3498 politici,
1163 3406 1349 3476 florentem
1366 3406 1480 3497 impe-
1531 3405 1685 3490 merito,¹
1709 3428 1771 3476 seu
1797 3404 2031 3497 imputatione
2059 3420 2092 3477 et
2117 3411 2435 3483 communicatione
2457 3416 2514 3486 sui

494 3515 573 3600 rio,
620 3513 710 3583 sicut
737 3507 907 3603 Episcopi
935 3509 1188 3578 transformant
1211 3503 1405 3577 Ecclesiam
1439 3506 1479 3574 in
1531 3530 1593 3576 seu
1608 3506 1790 3577 effectione
1807 3506 1982 3581 iustificat.
2033 3502 2187 3581 Exhibct
2204 3510 2312 3600 igitur
2340 3517 2437 3607 quod
2457 3515 2514 3587 lex

497 3636 650 3707 regnum
669 3610 872 3703 politicum,
911 3612 972 3679 sed
997 3605 1103 3680 habet
1124 3605 1281 3679 Ecclesia
1305 3609 1477 3701 quaedam
1530 3608 1767 3697 significabat,
1799 3610 1882 3701 quia
1904 3631 2025 3679 sumus
2044 3610 2148 3695 iusti,
2180 3612 2216 3680 id
2241 3612 2322 3697 εει,ι
2344 3608 2514 3689 babentes

501 3736 586 3784 vera
609 3711 725 3801 signa,
749 3711 874 3805 quibus
896 3713 1035 3802 agnosci
1054 3723 1184 3803 potest:
1211 3708 1345 3779 Vocem
1357 3704 1478 3778 Evan-
1529 3709 1772 3781 remissionem
1792 3722 2013 3802 peccatorum
2035 3725 2069 3783 et
2087 3713 2408 3786 reconciliationem
2430 3741 2516 3809 pro·

500 3813 584 3907 gelii
619 3814 876 3903 incorruptam,
913 3813 1087 3904 legitimos
1114 3833 1199 3883 usus
1231 3809 1479 3882 Sacramentu-
1531 3824 1609 3903 pter
1635 3812 1884 3896 mediatorem,
1925 3809 2040 3883 Deum
2074 3826 2109 3883 ⁰1
2134 3808 2315 3884 h⁰¹¹¹i¹¹⁰¹¹¹
2348 3816 2438 3906 fidi>
2478 3830 2515 3890 ‘i

497 3940 599 4001 rum,
623 3927 659 3987 ct
682 3914 917 3985 obedientiam
942 3915 1096 3984 debitam
1119 3913 1330 3980 ministerio.
1382 3909 1479 3979 Haec
1529 3913 1637 3981 simul
1653 3907 1823 3983 habentes
1837 3913 1950 4003 ipsum
1972 3914 2034 4007 qui
2056 3913 2095 3981 in
2118 3915 2222 3984 nobis
2244 3928 2295 3985 esi
2316 3916 2454 3999 efficax,
2479 3931 2515 3991 el

497 4021 596 4108 signa
625 4016 772 4087 auribus
803 4028 836 4086 et
869 4016 979 4085 oculis
1009 4014 1158 4082 iudicari
1182 4025 1350 4103 possunt,
1388 4026 1478 4103 quae
1531 4013 1686 4082 vivificat
1714 4037 1779 4082 nos
1806 4016 1851 4081 ad
1882 4014 1990 4081 vitam
2022 4028 2219 4102 aeternam,
2261 4017 2350 4090 sicut
2374 4019 2510 4112 inquit:

497 4122 641 4215 quidem
654 4130 689 4190 et
702 4139 842 4188 necesse
857 4130 907 4187 est
922 4114 1156 4200 considerari,
1180 4126 1222 4183 ut
1234 4113 1395 4196 sciamus,
1421 4112 1478 4180 cui
1530 4108 1608 4202 Ego
1625 4114 1733 4182 vitam
1751 4126 1926 4181 aeternam
1943 4114 1989 4181 do
2005 4114 2065 4186 cis.

496 4222 611 4294 coetui
628 4244 694 4290 nos
708 4221 900 4307 adiungere
915 4219 1115 4290 debeamus.
1164 4214 1237 4286 Nec
1251 4215 1401 4285 dubium
1417 4225 1481 4296 cst,
1631 4209 1815 4284 LXXXII.
1849 4210 1890 4279 ln
1908 4213 2189 4286 consideratione
2203 4218 2316 4310 qualis
2332 4219 2378 4287 sit
2389 4213 2515 4287 Eccle-

496 4325 534 4393 in
550 4319 607 4392 his
624 4323 709 4414 ipsis
725 4319 884 4392 coetibus
905 4321 1042 4413 aliquos
1067 4340 1139 4386 csse
1164 4317 1310 4401 electos,
1343 4313 1479 4385 etiamsi
1531 4313 1602 4396 sia,
1628 4335 1766 4381 necesse
1782 4326 1833 4383 εει
1849 4312 1952 4381 etiam
1970 4313 2076 4398 scire,
2101 4316 2140 4383 in
2161 4312 2226 4386 hac
2247 4319 2318 4388 vita
2341 4317 2514 4388 admixtos

496 4426 601 4494 multi
620 4424 767 4492 admixti
790 4433 894 4504 sunt,
934 4421 1091 4512 quinon
1115 4431 1198 4488 sunt
1222 4418 1350 4498 sancti,
1384 4416 1480 4483 iuxta
1532 4436 1606 4483 esse
1627 4414 1756 4484 sanctis
1777 4413 1907 4483 multos
1927 4438 2001 4483 non
2027 4429 2182 4500 sanctos,
2215 4419 2299 4486 item
2321 4418 2515 4488 subiectam

499 4525 632 4593 dictum
653 4521 777 4594 Esaiae
803 4522 936 4616 primo:
974 4519 1052 4588 Nisi
1075 4519 1254 4588 Dominus
1282 4515 1482 4610 reliquisset
1533 4538 1605 4585 esse
1629 4515 1724 4584 cruci
1751 4528 1786 4584 et
1811 4538 1966 4606 sparsam
1988 4516 2026 4582 in
2049 4518 2185 4588 diversa
2209 4520 2336 4588 mundi
2354 4520 2516 4610 imperia,

499 4624 606 4695 uobis
622 4647 759 4709 semen,
785 4627 874 4696 sicut
890 4623 1043 4693 Sodoma
1062 4643 1225 4692 essemus.
1274 4615 1322 4687 Et
1338 4618 1383 4686 ad
1398 4616 1481 4687 uni·
1533 4641 1598 4685 nec
1619 4611 1812 4706 Evangelio
1842 4617 2008 4687 constitui
2036 4641 2148 4687 unum
2178 4619 2324 4712 aliquod
2353 4642 2515 4707 regnum,

499 4741 606 4797 tatem
622 4722 800 4796 Ecclesiae
815 4746 1005 4796 consensus
1024 4723 1061 4790 in
1084 4717 1140 4789 his
1163 4722 1276 4790 tribus
1294 4721 1398 4789 rebus
1418 4743 1481 4787 ne·
1534 4719 1630 4808 quod
1668 4718 1910 4808 corporalibus
1948 4718 2134 4810 praesidiis
2170 4721 2336 4789 defendat
2367 4734 2516 4791 θὸΰῦἲθὸ·

502 4828 670 4898 caesarius
692 4842 763 4912 est,
796 4827 973 4909 videlicet,
1006 4825 1044 4891 in
1067 4822 1225 4892 doctrina
1250 4819 1482 4903 fundamenti,
1533 4818 1886 4890 Haccscirenecesse
1908 4832 1977 4904 est,
2002 4844 2047 4889 ne
2073 4820 2229 4891 offendat
2252 4844 2317 4890 nos
2342 4816 2428 4892 haec
2452 4823 2516 4892 de·

502 4927 543 4993 in
556 4952 622 4997 usu
639 4930 796 5019 legitimo
814 4929 1137 5008 sacramentorum,
1170 4936 1204 4992 et
1222 4924 1259 4990 in
1275 4922 1482 5013 praestanda
1533 4922 1713 5004 immites,
1737 4922 1831 5011 quod
1849 4921 1953 4990 multi
1969 4945 2041 4991 non
2059 4922 2268 4991 sanctisunt
2285 4922 2430 4997 admixti
2445 4919 2517 4994 Ec-

502 5028 701 5098 obedientia
729 5032 846 5099 debita
874 5027 1080 5098 ministerio.
1148 5023 1189 5093 ld
1217 5036 1286 5106 est,
1324 5021 1483 5111 Populus
1534 5022 1669 5090 clesiae.
1722 5019 1829 5108 ltem,
1856 5025 1949 5110 quod
1968 5022 2043 5089 sine
2059 5035 2153 5091 certo
2169 5021 2316 5112 imperio
2335 5046 2453 5113 sparsa
2466 5037 2518 5095 est

499 5129 625 5199 audiat
654 5130 869 5210 doctrinam,
910 5132 1125 5219 obtemperet
1155 5124 1304 5195 iudiciis.
1375 5119 1483 5190 Com·
1533 5123 1572 5190 in
1606 5120 1797 5197 mundum,
1837 5132 1871 5186 ct
1906 5120 2108 5206 ingentibus
2141 5122 2319 5192 aerumnis
2349 5125 2517 5195 subiecta.

497 5231 635 5321 plector
655 5229 751 5300 enim
768 5232 892 5302 iudicia
909 5256 988 5302 cum
1005 5230 1153 5299 nomino
1168 5222 1403 5295 obedientiam
1421 5222 1485 5289 de·
1533 5220 1615 5290 Iluc
1630 5219 1808 5310 pertinent
1825 5219 1918 5289 dicta
1934 5216 2108 5290 Matthaei
2132 5222 2373 5296 decimotertio
2399 5229 2443 5295 de
2462 5248 2518 5294 sa·

500 5334 612 5403 bigam
629 5332 840 5402 ministerio,
890 5332 976 5403 Item
999 5356 1044 5400 ne
1068 5331 1173 5401 faciat
1193 5325 1482 5395 distractionesa
1535 5345 1622 5412 gena
1638 5320 1741 5389 missa
1766 5320 1804 5388 in
1822 5343 1927 5389 mare.
1979 5319 2084 5406 ltcm,
2118 5326 2213 5414 quod
2233 5348 2307 5394 non
2330 5326 2518 5396 constituat

502 5434 684 5505 communi
714 5434 878 5504 societate
900 5431 1087 5504 Ecclesiae.
1149 5425 1197 5500 Et
1228 5450 1307 5497 cum
1335 5424 1484 5494 nomino
1536 5420 1700 5514 imperia,
1732 5422 1767 5494 2.
1783 5418 1944 5494 Corinth.
1965 5421 2039 5495 10.:
2074 5420 2185 5493 Arma
2206 5424 2353 5496 militiae
2376 5439 2516 5495 nostrae

501 5559 712 5607 consensum
736 5537 775 5604 in
799 5538 1051 5618 fundamento,
1083 5531 1276 5623 requiritur
1296 5546 1486 5597 consensus
1537 5547 1611 5593 non
1634 5535 1718 5593 sunt
1739 5523 1903 5594 camalia.
1956 5521 2043 5593 ltem
2060 5524 2112 5593 de
2134 5548 2252 5595 cruce:
2282 5525 2320 5596 Si
2341 5526 2420 5618 quis
2440 5525 2518 5595 vult

501 5636 543 5706 in
563 5637 723 5710 articulis
743 5638 827 5707 fidei
850 5652 885 5710 et
908 5638 947 5704 in
969 5633 1165 5720 Decalogn,
1215 5629 1350 5699 etiamsi
1381 5649 1486 5718 supra
1537 5648 1593 5695 me
1610 5625 1722 5716 sequi,
1748 5625 1848 5694 tollat
1864 5648 2000 5694 cmccm
2017 5648 2114 5694 suam
2130 5638 2164 5696 et
2177 5636 2342 5716 sequatur
2357 5647 2425 5694 me.
2448 5623 2519 5696 Hic

501 5738 774 5809 fundamentum
790 5740 853 5809 alii
870 5758 996 5806 aurum
1012 5731 1075 5801 alii
1090 5731 1237 5820 stipulas
1255 5740 1432 5810 extruunt,
1454 5740 1489 5795 ‘i
1537 5726 1681 5816 Pf⁰d²⁵i
1704 5725 1807 5795 ‘iiam
1833 5748 1952 5795 ⁰³⁰⁵ss
1973 5726 2142 5814 ⁰085le
2174 5747 2282 5817 <1¹¹2st
2303 5720 2409 5794 Dm
2432 5728 2521 5799 '‘¹st

504 5837 640 5930 aliquid
663 5840 795 5919 erroris
816 5834 950 5908 habent
971 5833 1093 5919 multi,
1126 5843 1162 5899 ει
1184 5829 1394 5923 aliquidest
1415 5829 1489 5898 dis-
1538 5823 1729 5898 Ecclesiam
1744 5827 1936 5896 subiectam
1955 5848 2027 5896 esse
2042 5824 2148 5895 cruci.

554 5936 742 6008 Mruaru.
767 5943 874 6009 Orsa.
899 5938 984 6005 voc.
1010 5935 1087 6002 Xll.
1697 6034 1701 6053 Ι
1831 5925 1881 6000 28
