6025 6775
445 734 523 808 676
973 715 975 719 ⁴
1082 720 1346 800 PHILIPPI
1375 717 1830 799 MELANTHONIS.
2402 728 2480 805 stt

545 897 609 975 64.
648 896 699 972 Et
720 894 850 978 Dzech.
871 897 933 971 20.
962 893 1110 968 dicitur:
1163 892 1209 967 In
1237 893 1433 988 praeceptis
1483 894 1644 982 iusticia,
1670 910 1704 969 et
1721 892 1920 969 haereditas
1937 894 2030 966 vitae
2043 908 2226 982 aeternae,
2251 895 2348 967 iuxta
2370 897 2477 972 illud:

443 1017 585 1097 patrum
607 1017 803 1073 vestrorum
821 998 933 1068 nolite
954 996 1134 1083 incedere,
1166 1020 1232 1067 nec
1248 996 1355 1067 idolis
1369 1020 1433 1068 eo·
1480 993 1590 1069 Nulla
1611 1022 1709 1069 nunc
1732 996 1982 1071 condemnatio
2005 1010 2057 1069 est
2078 993 2155 1086 his,
2184 996 2249 1092 qui
2273 998 2313 1067 in
2332 992 2475 1072 Christo

442 1130 526 1177 cum
548 1104 769 1196 polluamini.
816 1097 893 1189 Ego
909 1097 1087 1170 Dominus
1101 1095 1199 1171 Deus
1218 1111 1354 1185 vester,
1385 1096 1431 1169 lu
1479 1097 1565 1170 Iesu
1581 1099 1777 1174 ambulant.

442 1207 639 1297 praeceptis
653 1204 739 1273 meis
752 1201 943 1276 ambulate.
1581 1199 1644 1277 60.
1683 1200 1755 1273 Sed
1777 1214 1920 1274 ruentes
1945 1213 2067 1272 contra
2099 1201 2371 1283 conscientiam,
2411 1215 2473 1274 aut
2511 1221 2513 1225 ·

545 1301 605 1378 66.
644 1302 703 1373 Sic
725 1300 830 1373 initio
851 1315 887 1373 et
912 1300 1079 1394 deinceps
1097 1298 1233 1373 'obruta
1266 1314 1319 1373 est
1344 1321 1429 1371 vera
1476 1323 1598 1371 errore
1627 1317 1689 1376 ant
1716 1302 1859 1374 levitate
1891 1304 2140 1394 amplectentes
2169 1303 2298 1373 falsum
2326 1304 2466 1394 dogma,

442 1407 620 1490 doctrina,
646 1426 726 1471 curn
740 1402 944 1495 superstitio
958 1396 1116 1473 humana
1136 1405 1282 1495 adderet
1303 1414 1339 1472 et
1359 1402 1429 1472 fin·
1477 1425 1639 1495 pugnans
1670 1428 1751 1476 cum
1780 1404 2031 1489 fundamento,
2060 1405 2272 1476 contristant
2295 1417 2331 1473 et
2352 1403 2469 1475 effun-

439 1519 534 1598 geret
548 1525 661 1574 novos
680 1503 812 1590 cultus,
836 1526 930 1574 nova
946 1503 1133 1590 sacrificia,
1158 1516 1195 1575 et
1214 1502 1283 1574 alia
1308 1526 1427 1596 opera,
1476 1495 1569 1575 dunt
1590 1503 1764 1595 Spiritum
1785 1517 1965 1591 sanetum,
1989 1517 2025 1576 et
2049 1505 2217 1578 amittunt
2235 1505 2410 1576 iusticiam
2433 1519 2468 1576 et

439 1612 551 1679 donec
567 1617 709 1689 secutae
723 1616 812 1699 ¹sunt
828 1605 1057 1680 mactationes
1075 1601 1280 1691 hominnm,
1303 1616 1338 1676 et
1356 1603 1426 1674 alia
1475 1597 1725 1678 haereditatem
1743 1606 1836 1677 vitae
1850 1619 2022 1676 aeternae.

436 1706 614 1777 horrenda
644 1705 787 1781 scelera.
852 1702 906 1777 lta
936 1705 975 1774 in
1001 1701 1068 1776 hac
1089 1719 1265 1798 postrema
1287 1718 1425 1776 senecta
1575 1704 1638 1777 61.
1674 1707 1744 1779 Sed
1767 1707 1829 1800 qui
1846 1730 1969 1778 rursus
1992 1720 2251 1780 convertuntur
2274 1708 2318 1777 ad
2333 1705 2462 1792 Deum,

433 1808 563 1879 mundi
579 1806 769 1897 excogitata
785 1819 820 1877 et
833 1806 1011 1879 cumulata
1032 1820 1116 1877 sunt
1137 1806 1234 1878 idola
1248 1805 1423 1896 multipli-
1475 1828 1556 1875 vera
1569 1807 1786 1898 poenitentia
1802 1830 1925 1879 rursus
1940 1808 2030 1880 liunt
2042 1809 2127 1880 iusti
2141 1823 2176 1882 et
2184 1802 2352 1881 haeredes
2366 1806 2463 1879 vitae

434 1908 508 1993 cia,
533 1910 638 1979 etiam
652 1909 690 1976 in
706 1904 772 1977 hac
786 1906 862 1999 ipsa
876 1920 976 2000 parte
990 1902 1307 1998 generishumani,
1332 1929 1423 2002 quac
1473 1918 1654 1994 aeternae,
1677 1908 1769 1978 sicut
1780 1907 1917 1994 Adam,
1936 1904 2057 1981 Aaron
2073 1903 2116 2005 ⁶).

434 2010 580 2080 titulum
590 2005 698 2081 habet
706 2006 894 2083 Ecclesiae.
918 2005 977 2088 ¹Ut
991 2007 1169 2079 invocatio
1185 2023 1422 2095 mortuorum,
1574 2007 1634 2084 66.
1666 2005 1831 2097 Cognitio
1852 2008 2057 2080 discrimine
2077 2024 2322 2102 peccatorum,
2345 1995 2460 2103 qualis

433 2110 595 2181 adoratio
622 2122 835 2194 statuarum,
858 2102 1095 2201 prophanatio
1118 2132 1247 2180 coenae
1263 2107 1421 2195 Domini,
1470 2109 1518 2181 sit
1530 2110 1734 2181 obedientia
1750 2110 1788 2179 in
1804 2109 1936 2179 renatis
1951 2110 2101 2180 iudicari
2116 2124 2243 2202 potest.
2280 2107 2329 2183 Et
2344 2134 2459 2205 quan·

433 2207 677 2296 monachatus,
691 2209 777 2280 salsa
793 2209 917 2302 opinio
933 2202 1308 2305 meristdubiutiffl),
1321 2234 1420 2280 com·
1470 2234 1578 2306 quam
1605 2207 1692 2312 haec
1719 2209 1921 2282 obedientia
1947 2210 1986 2280 in
2015 2212 2148 2283 renatis
2168 2211 2294 2303 procul
2318 2213 2417 2283 abest
2437 2236 2459 2284 a

433 2325 593 2383 mentum
622 2311 913 2383 satisfactionum.
971 2305 1154 2381 Adversus
1182 2307 1268 2381 haec
1299 2310 1418 2381 omnia
1468 2311 1701 2404 perfectione
1717 2311 1824 2403 legis,
1863 2324 1899 2381 et
1919 2333 2046 2402 magna
2068 2312 2256 2383 infirmitas
2280 2308 2396 2383 adhuc
2418 2313 2456 2382 iu

433 2414 585 2484 tenenda
600 2426 652 2484 est
663 2437 732 2482 vox
749 2411 888 2482 divina:
914 2405 991 2500 Ego
998 2407 1175 2482 Dominus
1183 2408 1279 2483 Deus
1294 2422 1419 2497 vester,
1468 2412 1575 2483 nobis
1586 2405 1729 2498 haeret,
1751 2428 1787 2485 et
1802 2411 1936 2484 multae
1954 2415 2076 2483 sordes
2092 2436 2133 2482 ac
2154 2427 2313 2504 peecata,
2338 2428 2456 2486 tamen

434 2512 480 2583 ln
497 2514 689 2605 praeceptis
705 2511 794 2582 meis
810 2511 999 2582 ambulate.
1167 2528 1170 2534 ·
1467 2514 1582 2606 placet
1600 2538 1751 2605 persona
1769 2514 1839 2583 fide
1860 2526 2006 2605 propter
2026 2514 2267 2585 mediatorem.
2316 2509 2366 2585 Et
2379 2515 2458 2606 pla·

535 2608 600 2688 66.
628 2612 724 2684 Fieri
744 2626 862 2683 autem
881 2613 978 2682 bona
1002 2635 1109 2705 opera
1127 2626 1277 2705 possunt
1298 2612 1337 2681 in
1360 2636 1417 2682 re-
1466 2627 1523 2686 cet
1545 2614 1749 2687 obedientia
1762 2614 1802 2684 in
1817 2614 1881 2684 tali
1897 2637 2048 2705 persona
2064 2626 2210 2707 propter
2224 2615 2455 2686 mediatorem

431 2714 544 2796 natis,
569 2727 710 2785 externa
727 2738 769 2783 ex
785 2713 976 2793 interiora,
996 2714 1078 2807 quia
1095 2714 1166 2783 iam
1182 2713 1415 2784 certissimum
1466 2715 1547 2788 fide.
1598 2713 1699 2788 Sicut
1712 2711 1838 2787 Petrus
1860 2714 1997 2808 inquit:
2028 2710 2167 2787 Offerte
2189 2711 2323 2788 hostias
2348 2716 2455 2809 spiri-

431 2826 502 2901 est,
525 2826 682 2908 petentes
706 2811 822 2883 iuvari
840 2836 860 2884 a
878 2811 1017 2906 Spiritu
1030 2826 1162 2887 sancto.
1212 2812 1313 2885 Sicut
1327 2814 1415 2885 scri-
1465 2816 1597 2900 tuales,
1621 2829 1779 2906 acceptas
1792 2812 1869 2887 Deo
1886 2838 1950 2907 pcr
1962 2812 2081 2886 lesum
2096 2810 2292 2893 Christum.

429 2929 530 3010 ptum
548 2931 617 2987 est:
648 2914 791 3004 Quanto
809 2914 918 3004 magis
932 2927 1032 3006 pater
1047 2926 1161 2988 vester
1175 2914 1335 2987 coelestis
1349 2915 1414 2985 da·
1559 2915 1625 2986 66.
1658 2910 1707 2987 Et
1729 2909 1816 2985 haec
1838 2915 2040 2988 obedientia
2061 2930 2210 2988 ornatur
2231 2919 2396 3009 praemiis
2414 2918 2453 2985 in

429 3017 482 3088 bit
496 3015 672 3110 Spiritum
688 3029 848 3085 sanctum
864 3015 1078 3107 petentibus.
1464 3016 1538 3092 vita
1554 3028 1720 3101 aeterna,
1746 3014 1832 3087 etin
1848 3011 1914 3086 hac
1929 3016 2021 3102 vita,
2046 3016 2143 3086 iuxta
2164 3018 2353 3087 consilinm
2368 3014 2451 3092 Dei.

430 3131 433 3136 “
527 3114 589 3194 67.
631 3114 700 3186 llic
722 3139 807 3186 vero
828 3130 1008 3209 utrunque
1030 3110 1329 3189 considerandum
1351 3127 1413 3191 est.
1464 3117 1561 3209 Quia
1575 3119 1724 3189 omnino
1745 3115 1898 3187 docendi
1919 3129 2003 3188 sunt
2023 3109 2206 3199 homines,
2229 3115 2369 3188 etiamsi
2380 3112 2453 3188 Ec-

427 3217 600 3292 Immensa
615 3218 756 3289 bonitas
770 3215 837 3287 Dei
852 3229 920 3298 est,
944 3217 1010 3311 qui
1021 3232 1064 3288 ut
1076 3219 1218 3309 agnosci
1234 3233 1269 3291 et
1285 3240 1413 3310 appre·
1464 3219 1682 3307 clesiacrnci
1697 3218 1852 3290 subiecta
1866 3223 1937 3304 est,
1961 3228 2080 3287 tamen
2103 3217 2236 3288 servari
2252 3240 2330 3287 eam
2354 3233 2390 3288 et
2412 3217 2453 3286 in

428 3315 540 3391 hendi
556 3320 687 3414 possit,
719 3330 865 3412 propter
892 3317 1006 3389 filium
1034 3319 1186 3392 effundit
1206 3320 1247 3391 in
1271 3332 1413 3412 pectora
1464 3318 1531 3394 hac
1545 3321 1639 3407 vita,
1664 3321 1762 3393 iuxta
1783 3317 1890 3390 illud:
1926 3315 2010 3391 Non
2034 3318 2168 3391 mortni
2188 3318 2389 3393 laudabunt
2417 3332 2452 3390 te

426 3435 549 3494 nocua
570 3420 745 3515 Spiritum
776 3433 949 3491 sanctum.
1014 3416 1064 3493 Et
1094 3421 1249 3510 agendae
1280 3420 1412 3511 gratiae
1461 3420 1634 3497 Domine.
2438 3435 2441 3441 '

427 3536 532 3604 snut,
557 3526 652 3616 qnod
667 3519 736 3593 hoc
749 3544 896 3615 munere
910 3521 1053 3592 divinae
1067 3523 1236 3592 essentiae
1257 3545 1325 3592 nos
1342 3521 1412 3591 sibi
1565 3521 1627 3598 64.
1656 3520 1785 3596 Custos
1798 3535 1849 3593 est
1861 3521 1971 3613 igitur
1981 3515 2079 3594 Deus
2101 3535 2137 3594 et
2157 3517 2265 3595 huius
2284 3525 2453 3614 corpora-2

429 3621 589 3713 copulat,
613 3645 679 3692 nos
694 3620 986 3709 intirmosdocet,
1010 3625 1183 3714 gubernat
1204 3636 1240 3694 et
1260 3621 1412 3695 custodit
1463 3627 1509 3697 lis
1529 3626 1654 3710 vitae,
1675 3638 1709 3697 et
1730 3635 1850 3695 tuetur
1866 3616 2041 3715 hospitia,
2078 3623 2228 3711 victum,
2271 3624 2454 3696 educatio·

430 3736 551 3794 contra
566 3723 696 3793 multas
710 3719 854 3795 Diaboli
869 3725 1033 3797 insidias.
1354 3752 1362 3767 ·
1462 3750 1566 3813 nem,
1589 3725 1710 3798 atalia
1725 3722 2035 3800 vitaenecessaria.
2085 3719 2136 3796 Et
2158 3723 2237 3797 vult
2257 3720 2344 3796 haec
2367 3748 2388 3796 a
2411 3747 2449 3794 se

529 3820 592 3899 68.
626 3822 737 3895 Valde
752 3825 858 3896 etiam
875 3839 912 3897 et
925 3826 1130 3900 detestanda
1146 3839 1181 3898 et
1192 3824 1411 3920 deploranda
1462 3830 1554 3924 peti,
1577 3826 1658 3900 vnlt
1675 3827 1780 3898 iidem
1799 3825 1950 3898 exerceri
1966 3824 2136 3918 petitione
2151 3849 2271 3897 rerum
2289 3848 2450 3898 necessa-

425 3938 477 3996 est
498 3925 661 4016 segnities
683 3941 823 4011 nostra,
850 3930 947 4020 qnod
971 3928 1129 4021 pericula
1156 3928 1282 3998 leviter
1308 3949 1411 3998 cura·
1461 3931 1595 4002 riarum
1612 3929 1716 4001 etiam
1739 3927 1900 4021 corpori,
1920 3927 2018 4000 iuxta
2041 3926 2150 3998 illud:
2176 3924 2387 4019 Invoco-me
2409 3927 2449 3996 in

425 4049 521 4110 mus,
545 4029 642 4121 qnod
663 4051 738 4097 non
760 4028 926 4115 ardenter
939 4030 1091 4120 petimus
1105 4028 1411 4120 gubernationem,
1460 4033 1520 4103 die
1534 4029 1787 4102 tribulationis.
2176 4117 2179 4122 .

426 4131 520 4222 quod
538 4129 757 4220 negligenter
775 4151 992 4220 pugnamus,
1018 4133 1115 4226 quod
1131 4131 1326 4200 diffidimus
1343 4150 1410 4198 nos
1561 4128 1622 4206 66.
1655 4125 1884 4219 Conspicitur
1897 4122 2075 4227 Ecclesiae
2093 4129 2283 4200 discrimen
2299 4152 2318 4198 a
2335 4141 2448 4198 caete·

425 4230 601 4324 exaudiri,
624 4232 720 4324 quod
737 4227 952 4319 ingratiDeo
967 4245 1038 4303 tam
1055 4233 1244 4302 clementer
1259 4230 1410 4323 promit·
1459 4232 1510 4303 ris
1526 4226 1753 4312 hominibus,
1777 4242 1818 4298 ut
1835 4228 1970 4299 dietum
1984 4241 2064 4316 est,·
2081 4230 2186 4302 etiam
2208 4231 2248 4300 in
2269 4252 2336 4300 usu
2359 4229 2447 4316 legi-

422 4331 513 4401 tenti
539 4324 730 4417 auxilium,
762 4331 985 4422 suspicamur
1006 4346 1124 4405 tamen
1147 4356 1212 4403 nos
1234 4322 1407 4404 frustrari.
1460 4334 1548 4405 timo
1572 4328 1902 4414 sacramentorum,
1942 4352 2033 4421 qnae
2054 4343 2137 4401 sunt
2157 4332 2256 4421 signa
2278 4327 2447 4410 visibitis,

421 4426 586 4523 Denique
602 4434 821 4524 profundum
835 4425 942 4501 chaos
957 4445 1009 4503 est
1026 4433 1259 4523 negligentiae
1280 4445 1316 4502 ct
1338 4431 1407 4501 du·
1460 4430 1634 4504 divinitus
1648 4430 1768 4501 addita
1783 4427 2011 4521 promissioni
2026 4432 2177 4521 gratiae,
2198 4442 2239 4500 ut
2259 4430 2332 4500 sint
2346 4451 2445 4499 corn-

423 4528 637 4601 bitationnm
653 4532 692 4601 ih
707 4532 865 4606 humano
881 4545 1033 4625 pectore.
1069 4532 1166 4605 Haec
1178 4533 1271 4603 mala
1288 4554 1409 4601 emen·
1458 4533 1736 4606 monelactiones
1759 4543 1794 4602 et
1815 4531 2017 4603 testimonia
2042 4533 2088 4603 de
2111 4526 2367 4624 promissione,
2408 4543 2443 4600 et

424 4630 542 4699 danda
559 4644 660 4718 snnt,
684 4649 719 4707 et
738 4634 950 4728 cogitatione
971 4633 1248 4727 promissionum
1264 4631 1352 4720 Dei,
1374 4647 1410 4705 et
1459 4637 1532 4708 sint
1544 4635 1647 4704 nervi
1662 4631 1953 4724 congregationis.

425 4732 664 4824 exemplorum
678 4739 898 4809 accendenda
912 4736 1018 4824 fides,
1042 4759 1138 4829 spes,
1161 4734 1350 4822 invocatio,
1371 4746 1410 4806 ct
1559 4734 1621 4810 66.
1656 4733 1831 4808 Usitatum
1847 4746 1899 4804 est
1922 4728 2097 4806 humanae
2115 4731 2357 4824 superstitioni
2380 4732 2445 4799 de-

424 4831 721 4915 gratiarumactio
738 4850 803 4914 etc.
1458 4862 1608 4935 pravare
1642 4850 1676 4908 et
1705 4836 1887 4908 cumulare
1917 4834 2134 4906 ceremonias
2166 4827 2232 4903 hac
2263 4830 2445 4924 opinione,

523 4927 587 5004 69.
610 4930 689 5005 Etsi
703 4952 818 5011 autern
832 4940 872 5010 in
885 4937 1017 5012 renatis
1031 4937 1072 5008 in
1084 4930 1151 5010 hac
1164 4935 1236 5011 vita
1250 4933 1408 5034 manet⁴)
1459 4942 1557 5038 qnod
1571 4948 1775 5011 mereantur
1788 4935 2033 5007 remissionem
2051 4948 2276 5030 peecatorum
2284 4981 2296 5016 ,
2320 4946 2356 5006 et
2375 4932 2446 5002 alia

423 5030 548 5119 ingens
563 5033 760 5121 infirmitas,
776 5053 811 5110 et
822 5055 969 5114 manent
982 5052 1134 5134 peccata,
1147 5053 1267 5111 tamen
1282 5039 1409 5109 discri-
1458 5045 1566 5116 bona.
1619 5038 1680 5111 sic
1694 5032 1840 5107 Ethnici
1854 5050 1889 5106 et
1903 5036 2024 5108 ludaei
2040 5037 2268 5106 mactationes
2284 5034 2445 5106 cumula-

421 5153 504 5200 men
527 5148 752 5227 peccatornm
774 5139 863 5210 scire
882 5165 1023 5215 necesse
1043 5154 1104 5214 est
1162 5139 1286 5211 Manet
1306 5163 1406 5209 mor·
1457 5156 1563 5229 runt,
1604 5140 1716 5222 adeo,
1753 5149 1795 5207 ut
1820 5137 2022 5227 saepissime
2050 5136 2156 5207 etism
2174 5131 2343 5207 homines
2363 5149 2444 5207 tan-

420 5232 508 5321 bus‚
530 5236 593 5330 qui
609 5239 768 5311 nascitur
781 5240 985 5327 nobiscnm,
1010 5257 1045 5317 et
1067 5241 1183 5327 multil
1197 5241 1320 5313 viciosi
1342 5242 1408 5311 ad·
1460 5267 1567 5339 quam
1583 5236 1722 5311 hostiae
1736 5248 1985 5311 mactarentur.

420 5332 552 5422 iectus,
576 5338 707 5434 quibus
724 5364 804 5412 cum
818 5357 1015 5433 repugnant
1028 5346 1144 5418 renati
1159 5344 1227 5415 lide
1241 5354 1276 5416 et
1288 5342 1407 5429 timor,
1559 5341 1622 5418 67.
1651 5334 1701 5411 Et
1715 5336 1873 5429 exempla
1888 5330 2087 5419 horrenda,
2110 5361 2201 5432 quae
2217 5338 2382 5410 diabolus
2403 5336 2443 5405 in

418 5456 496 5512 non
512 5438 713 5515 effunditur
726 5440 881 5537 Spiritus
893 5434 1052 5529 sanetus,
1076 5471 1142 5521 nec
1156 5438 1406 5538 amittuntur⁸)
1457 5446 1521 5516 illa
1549 5443 1749 5539 sapientum
1781 5451 1819 5510 et
1848 5451 2049 5511 sanctorum
2078 5453 2220 5532 patrum
2241 5438 2444 5532 posteritate

1457 5547 1603 5640 sparsit,
1634 5540 1920 5638 perterrefaciant
1942 5563 2030 5627 nos,
2060 5563 2108 5611 ne
2128 5540 2241 5612 securi
2266 5538 2444 5609 existime-

1455 5671 1537 5721 mus
1561 5670 1636 5720 non
1660 5666 1735 5717 esse
1759 5641 1910 5716 viciosos
1941 5642 2058 5716 cultus
2089 5655 2152 5715 snt
2184 5637 2281 5709 idola
2306 5637 2346 5705 in
2359 5646 2362 5651 '
2377 5632 2445 5709 hac

423 5602 642 5630 *uba-

453 5696 481 5762 ⁸)
502 5698 638 5761 Pencems
650 5707 785 5764 mendose
799 5705 889 5764 dedit:
909 5706 1007 5762 meriti
1015 5706 1110 5763 detto.

452 5781 482 5848 ⁴)
500 5781 584 5844 Perse.
598 5803 726 5851 manent.

453 5866 483 5935 ⁵)
500 5870 692 5948 Archetypum
709 5880 862 5944 amittitur.
1213 5826 1220 5843 v
1488 5875 1518 5946 6)
1536 5873 1681 5950 Archetyp.
1697 5874 1825 5931 mma
