6025 6775
1229 598 1376 675 4s1

1228 770 1553 856 monium
1594 764 2012 864 perhibent,
2074 759 2383 851 accipere
2430 752 2915 826 remissionem
2955 777 3205 847 peeca-

1230 894 1470 951 torum
1513 895 1641 966 per
1681 888 1945 938 nomen
1990 859 2178 942 eius,
2286 878 2533 927 omnes
2592 855 2721 951 qui
2779 856 3080 928 credunt
3123 856 3203 925 in

1240 1002 1428 1068 eum.
1525 969 1624 1042 Et
1654 967 1867 1038 simul
1909 984 2107 1032 mens
2142 961 2504 1030 intueatur
2540 974 2887 1046 summam
2931 957 3204 1029 doctri-

1235 1100 1371 1166 nae
1398 1076 1487 1144 de
1517 1065 2008 1141 iustificatione
2028 1115 2050 1147 ,
2099 1075 2169 1133 et
2209 1060 2713 1152 complectatur
2741 1071 2971 1131 totum
3013 1080 3205 1154 sym-
3246 1099 3247 1103 =

1234 1180 1505 1252 bolum.
1606 1168 1799 1241 Scias
1838 1176 2128 1256 propter
2163 1162 2390 1244 filium
2422 1158 2562 1233 Dei
2604 1157 2924 1253 passum,
2973 1159 3207 1231 cruci-

1231 1281 1453 1351 fixum
1505 1284 1571 1342 et
1612 1266 2134 1345 resuscitatum,
2181 1275 2250 1332 et
2292 1284 2417 1355 per
2465 1285 2627 1332 eum
2657 1261 2816 1332 dari
2846 1260 3207 1331 remissio-

1236 1402 1401 1454 nem
1447 1359 1926 1465 peccatorum,
1990 1377 2058 1435 et
2101 1363 2323 1458 recipi
2365 1364 2458 1435 ab
2500 1377 2783 1434 aeterno
2829 1374 3032 1454 patre
3076 1375 3207 1435 etc.

1238 1481 1438 1553 Sicut
1483 1473 1562 1539 in
1606 1463 1928 1539 Iohanne
1979 1465 2272 1535 dicitur:
2339 1461 2552 1534 Pater
2594 1462 2830 1553 diligit
2869 1485 3074 1548 eum,
3137 1475 3210 1536 et

1237 1590 1601 1649 aeternum
1649 1582 1915 1662 patrem
1953 1579 2023 1636 et
2066 1565 2297 1636 filium
2340 1565 2605 1656 spirare
2650 1562 2995 1655 Spiritum
3040 1585 3208 1633 san-

1235 1693 1430 1751 ctum
1467 1673 1549 1743 in
1589 1670 1803 1742 corda
1861 1665 2305 1738 credentium
2365 1665 2444 1734 in
2502 1665 2624 1734 illa
2678 1665 2831 1756 ipsa
2882 1664 3210 1735 consola-

1235 1779 1455 1852 tione.
1561 1770 1763 1844 Sicut
1801 1769 2068 1840 ibidem
2123 1765 2387 1837 dicitur
2428 1765 2507 1832 in
2554 1757 2915 1855 Iohanne,
2980 1763 3207 1857 capite

1239 1879 1515 1952 decimo
1551 1883 1800 1966 quarto
1813 1897 1835 1961 ‚²
1886 1867 2277 1939 Veniemus
2309 1867 2402 1934 ad
2433 1885 2619 1948 eum,
2665 1877 2734 1934 et
2764 1865 3204 1936 mansionem

1238 1979 1424 2075 apud
1476 1998 1637 2048 eum
1687 1972 2047 2041 faciemus.
2151 1964 2599 2053 Intelligatur
2623 1976 2860 2036 autem
2886 1964 3201 2036 remissio

1237 2091 1723 2176 peccatorum,
1775 2073 1864 2140 de
1899 2066 2236 2138 continua
2267 2065 2444 2134 rem·
2520 2064 2720 2152 ione,
2766 2065 2977 2137 etiam
3007 2077 3208 2157 post-

1239 2203 1452 2275 quam
1484 2172 1714 2248 renati
1746 2188 2028 2247 sumus,
2091 2166 2272 2242 sicut
2290 2161 2409 2238 Ro
2488 2188 2599 2234 an.
2625 2166 2880 2258 quinto
2910 2167 3206 2238 dicitur:

1239 2280 1490 2354 Gratia
1521 2289 1590 2346 et
1620 2275 1888 2343 donum
1922 2291 2051 2360 per
2077 2265 2408 2358 gratiam,
2458 2289 2637 2359 quae
2668 2277 2773 2337 est
2816 2268 3031 2338 unius
3051 2263 3212 2368 =ho-

1238 2381 1456 2453 minis
1499 2377 1660 2447 Iesu
1699 2366 1992 2442 Christi.
2119 2362 2218 2437 Et
2272 2366 2494 2436 sciant
2542 2367 2770 2438 renati
2806 2390 2881 2437 se
2923 2391 3211 2461 quoqne

1241 2482 1517 2564 assidue
1560 2474 1873 2563 accipeoe
1915 2467 2402 2539 remissionem
2449 2478 2926 2556 peccatorum,
2979 2479 3051 2539 et
3092 2467 3210 2536 ni.

1240 2596 1432 2655 tatur
1463 2579 1637 2647 fides
1671 2570 2177 2665 propiciatore,
2226 2568 2390 2638 Deo
2424 2580 2493 2637 et
2527 2562 2843 2640 homine.

1444 2722 1814 2800 LXXVII.
1878 2718 2018 2791 De
2054 2714 2525 2793 Ecclesia.
2627 2715 2823 2791 Deus
2867 2719 3216 2791 immensa

1241 2830 1597 2914 bonitate,
1639 2820 2229 2918 propterFilium,
2280 2834 2349 2891 et
2378 2844 2504 2912 per
2538 2842 2727 2907 eum,
2778 2821 3051 2911 colligit
3074 2820 3214 2892 sibi

1239 2949 1596 3007 aeternam
1625 2923 2017 2997 Ecclesiam
2044 2924 2119 2991 in
2151 2943 2405 3012 genere
2430 2916 2786 3008 humano,
2831 2944 2960 3014 per
2996 2919 3215 2992 ffi-

1237 3034 1532 3109 sterium
1571 3025 1983 3118 Evangelii,
2058 3038 2128 3095 et
2181 3018 2366 3092 hanc
2421 3022 2577 3094 vult
2631 3022 2903 3094 incoari
2955 3022 3036 3092 in
3082 3017 3214 3093 hac

1238 3134 1530 3209 mortali
1557 3132 1699 3203 vita
1717 3180 1740 3211 ‚
1790 3130 1982 3199 iuxta
2008 3118 2181 3195 haec
2210 3124 2361 3216 ipsa
2391 3121 2608 3207 dicta,
2658 3120 2890 3194 Marci
2917 3121 3212 3194 ultimo:

1239 3238 1393 3323 Ite,
1446 3238 1692 3307 docete
1716 3226 2185 3319 Evangelium
2230 3247 2479 3294 omnes
2524 3236 2802 3314 gentes,
2869 3234 2939 3294 et
2977 3222 3215 3314 bapti-

1242 3353 1395 3414 z'ate
1439 3351 1570 3411 etc.
1685 3330 1905 3416 Item,
1966 3333 2040 3401 2.
2068 3320 2398 3398 Corinth.
2428 3323 2531 3400 5.:
2601 3323 3216 3419 superinduemur

1245 3444 1306 3514 si
1351 3454 1589 3512 tamen
1639 3455 1792 3502 non
1838 3429 2018 3499 nudi
2076 3428 2531 3519 reperiemur.
2663 3424 2875 3497 Item:
2940 3421 3216 3498 Omnes

1241 3533 1680 3610 manifestari
1722 3541 2002 3623 oportet
2046 3550 2282 3597 coram
2321 3525 2672 3598 tribunali
2701 3521 2877 3597 Iesu
2905 3516 3218 3612 Christi,

1241 3652 1328 3711 ut
1368 3645 1682 3729 reportet
1724 3627 2210 3721 unusquisque
2249 3650 2328 3698 ea
2378 3650 2558 3721 quae
2601 3627 2743 3716 egit
2785 3627 2866 3696 in
2900 3652 3216 3720 corpore.
3276 3677 3278 3679 »

1244 3738 1428 3814 Item
1473 3730 1937 3826 Apocalypsis
1977 3729 2251 3799 decimo
2302 3740 2587 3822 quarto:
2668 3724 2870 3796 Beati
2924 3730 3215 3813 mortui,

1246 3839 1374 3934 qui
1404 3834 1803 3908 inDomino
1831 3829 2260 3903 moriuntur.
2359 3822 2841 3898 Describenba
2868 3841 2973 3899 est
3000 3827 3217 3920 igitur
3258 3848 3260 3850 ·

1243 3938 1600 4018 Ecclesia,
1650 3936 1729 4004 in
1774 3957 1913 4026 qua
1958 3932 2037 4001 in
2077 3926 2212 4000 bac
2240 3928 2385 3998 vita
2414 3939 2622 3998 sonat
2649 3951 2786 3996 vox
2812 3928 3215 4006 ministerii.

1245 4038 1380 4114 Est
1406 4031 1831 4130 igiturffiaec
1870 4031 2171 4102 visibilis
2214 4025 2569 4111 Ecclesia,
2633 4027 2935 4101 visibilis
2978 4043 3218 4102 coetus

1247 4136 1821 4235 amplectentium
1851 4129 2320 4222 Evangelium
2347 4127 2840 4223 incorruptum
2859 4179 2882 4212 ,
2933 4145 3003 4202 et
3032 4143 3217 4203 recte

1246 4238 1821 4337 amplectentium
1867 4247 1933 4304 et
1978 4234 2329 4304 utentium
2377 4230 2851 4305 sacramentis
2869 4286 2893 4321 ,
2948 4231 3031 4306 in
3073 4257 3216 4328 quo

1246 4345 1443 4420 Deus
1485 4366 1614 4436 per
1658 4334 2131 4409 ministerium
2164 4334 2424 4406 multos
2468 4348 2865 4425 regenerat,
2915 4349 3220 4428 suntque

1246 4447 1328 4518 in
1354 4471 1437 4519 eo
1463 4458 1667 4517 coetu
1699 4436 1907 4511 multi
1934 4458 2084 4505 non
2110 4434 2370 4519 sancti,
2419 4436 2540 4504 sed
2568 4447 2804 4505 tamen
2836 4436 2924 4505 de
2955 4435 3221 4507 doctri-

1249 4571 1345 4620 na
1373 4543 1914 4618 consentientes.

1455 4688 1869 4763 LXXVIII.
1946 4689 2032 4758 In
2075 4698 2274 4758 tanta
2315 4681 2729 4754 confusione
2772 4683 3220 4776 opinionum,

1248 4795 1330 4865 in
1365 4791 1582 4864 tantis
1619 4788 1850 4856 ruinis
1887 4810 2307 4877 regnorum,
2358 4804 2562 4873 saepe
2604 4777 2718 4853 his
2752 4785 3222 4858 dubitationi-

1248 4896 1388 4973 bus
1430 4885 1933 4960 concutiuntur
1972 4885 2232 4968 animi,
2281 4906 2387 4959 an,
2412 4882 2503 4953 sit
2539 4885 2777 4979 aliqua
2819 4883 2951 4956 Dei
2971 4883 3222 4959 Eccle-

1253 4997 1402 5079 sia,
1447 5013 1664 5087 quae,
1714 4999 1784 5057 et
1834 4986 1961 5056 ubi
2002 4983 2129 5069 sit,
2175 4995 2247 5055 et
2281 4986 2508 5078 qualis
2539 4987 2654 5062 sit.
2754 4986 3051 5060 Necesse
3084 4989 3221 5081 igi-

1247 5111 1369 5170 tur
1397 5106 1532 5179 est,
1580 5095 1761 5166 bene
1794 5087 2235 5179 confirmatas
2267 5110 2412 5159 esse
2444 5089 2523 5158 in
2550 5089 2848 5181 singulis
2889 5087 3020 5162 has
3058 5114 3221 5163 sen-

1248 5195 1541 5277 tentias,
1585 5195 1775 5287 quod
1821 5204 1892 5264 et
1932 5212 2205 5283 semper
2237 5214 2458 5284 usque
2503 5194 2591 5264 ad
2636 5193 3217 5269 resurrectionem

1248 5308 1695 5368 mortuorum
1725 5292 1960 5384 aliqua
1990 5293 2080 5364 sit
2107 5314 2269 5373 vera
2288 5291 2423 5363 Dei
2442 5290 2796 5383 Ecclesia,
2845 5310 2913 5370 et
2943 5319 3221 5388 semper

1248 5410 1442 5471 ratae
1470 5393 1612 5465 sint
1646 5391 2143 5482 promissiones
2171 5393 2659 5477 credentibus,
2707 5395 2982 5470 etiamsi
3011 5420 3219 5490 saepe

1249 5500 1499 5590 exigua
1524 5507 1630 5566 est
1651 5487 1990 5573 Ecclesia,
2037 5486 2135 5561 Et
2167 5491 2359 5583 quod
2390 5505 2713 5580 oporteat
2742 5521 3219 5592 unumquem-

1250 5625 1391 5698 que
1437 5616 1588 5673 sese
1627 5590 2015 5686 adiungere
2051 5589 2144 5660 ad
2175 5610 2425 5677 veram
2466 5586 2848 5668 Ecclesiam
2867 5652 2891 5684 ‚
2940 5600 3218 5670 confes-

1254 5704 1453 5778 sione
1498 5692 1898 5787 doetrinae,
1962 5700 2033 5763 et
2076 5687 2524 5763 invocatione
2565 5692 2696 5763 filii
2735 5695 2913 5786 Dei,
2959 5713 3035 5772 et
3071 5711 3218 5775 sta.

2706 572 3764 662 ›puorostrtoussss

5123 590 5277 671 482

3304 767 3502 826 tuere
3545 774 3693 824 sese
3738 748 4146 826 membrum
4173 771 4323 826 esse
4356 776 4561 828 verae
4589 751 4939 836 Ecclesiae
4966 762 5284 837 ubicun-
5371 794 5376 798 ·

3305 877 3444 951 que
3474 866 3601 929 est.

3509 954 3618 1029 De
3660 952 4035 1026 duratione
4065 959 4376 1040 tenenda
4407 973 4577 1032 sunt
4607 957 4783 1034 haec
4811 965 5030 1055 dicta,
5080 967 5284 1039 Mat-

3304 1053 3498 1130 thaei
3550 1054 3840 1127 ultimo:
3930 1051 4112 1127 Ecce
4179 1080 4307 1148 ego
4376 1062 4746 1134 vobiscum
4827 1086 4978 1136 sum
5052 1091 5281 1161 usque

3307 1160 3400 1230 ad
3450 1155 4130 1238 consummationem
4177 1160 4415 1238 seculi.
4557 1160 4907 1235 Matthaei
4951 1167 5274 1238 vicesimo

3308 1271 3596 1354 quarto:
3649 1256 3952 1350 Propter
3993 1258 4247 1330 electos
4287 1260 4903 1335 abbreviabuntur
4941 1267 5096 1336 dies
5141 1268 5281 1342 isti.

3307 1359 3604 1452 Semper
3631 1358 3851 1450 igitur
3875 1372 4086 1432 erunt
4110 1359 4344 1454 aliqui.
4368 1360 4605 1447 electi,
4659 1365 4888 1434 donec
4923 1365 5279 1438 illucescat

3307 1462 3462 1532 dies
3494 1459 4048 1533 resurrectionis.
4153 1458 4363 1534 Item=
4409 1460 4495 1533 In
4533 1464 4845 1536 adventu
4875 1464 5008 1532 filii
5045 1462 5281 1537 homi-

3308 1563 3424 1636 nis
3465 1563 3609 1634 duo
3651 1574 3862 1633 erunt
3909 1561 3989 1630 in
4033 1569 4242 1653 agro,
4290 1586 4476 1636 unus
4515 1576 4904 1635 assumetur
4925 1618 4948 1649 ,
5001 1579 5072 1637 et
5101 1568 5281 1640 alter

3309 1664 3773 1756 relinquetur.
3853 1659 4202 1736 Matthaei
4229 1663 4502 1736 decimo
4530 1665 4770 1736 tertio:
4821 1662 5052 1736 Sinite
5079 1679 5285 1740 utra-

3308 1787 3446 1858 que
3479 1785 3786 1834 crescere
3814 1786 4039 1857 usque
4079 1765 4169 1834 ad
4211 1787 4530 1838 messem.
4625 1761 4724 1838 Et
4751 1777 5025 1858 postea:
5077 1765 5281 1839 Mes-

3305 1865 3401 1934 sis
3443 1864 3962 1935 consummatio
4003 1865 4227 1935 seculi
4278 1879 4403 1938 est.
4532 1864 4812 1937 Primae
4856 1862 5277 1938 Corinthios

3302 1964 3717 2036 undecimo:
3771 1961 3930 2034 Hoc
3957 1965 4166 2035 facite
4209 1965 4291 2035 in
4332 1967 4476 2037 mei
4523 1968 5281 2053 commemorationem,

3305 2068 3530 2138 donec
3556 2064 3862 2137 veniam.
3965 2061 4164 2135 Haec
4198 2069 4571 2159 perspicua
4615 2067 5050 2148 testimonia,
5102 2093 5285 2161 quae

3264 2204 3266 2238 1
3308 2188 3623 2258 expresse
3661 2167 4057 2259 loquuntur
4098 2166 4188 2235 de
4230 2167 4613 2239 duratione
4636 2164 4988 2241 Ecclesiae
5028 2168 5108 2237 in
5149 2165 5284 2239 hac

3312 2268 3598 2339 mortali
3621 2267 3764 2337 vita
3790 2288 4013 2359 nsque
4043 2267 4136 2335 ad
4159 2269 4781 2356 resurrectionem,
4824 2269 4965 2340 sint
4994 2269 5073 2337 in
5105 2293 5283 2340 con-

3315 2380 3582 2462 spectu,
3629 2377 3713 2436 ut
3741 2365 3926 2437 inter
3949 2377 4142 2437 tanta
4171 2369 4498 2440 scandala
4529 2392 4666 2439 nos
4696 2369 5138 2455 confirment,
5185 2395 5282 2440 ne

3314 2469 3791 2540 existimemus
3819 2487 4106 2558 prorsus
4143 2467 4403 2538 nullam
4453 2491 4603 2539 esse
4630 2465 5026 2540 Ecclesiam
5047 2524 5070 2555 ,
5120 2495 5287 2541 cum

3251 2639 3253 2642 .
3314 2580 3551 2640 tantae
3580 2567 3727 2637 sint
3761 2566 4186 2659 opinionum
4211 2579 4278 2636 et
4300 2589 4578 2640 morum
4617 2570 5112 2656 confusiones,
5181 2572 5285 2640 si-

3250 2681 3253 2686 '
3315 2682 3434 2740 cut
3458 2681 3528 2738 et
3552 2662 3946 2757 Prophetas
3978 2664 4325 2736 excruciat
4350 2660 4520 2738 haec
4545 2670 4896 2760 cogitatio.
4990 2665 5284 2741 Adiun-

3315 2791 3556 2861 gamus
3585 2780 3817 2838 autem
3846 2779 3914 2836 et
3942 2761 4117 2836 haec
4141 2768 4286 2835 duo
4313 2765 4704 2842 testimonia
4737 2768 5092 2842 exEsaiae
5116 2768 5281 2843 59.:

3315 2869 3474 2941 Hoc
3521 2882 3624 2941 est
3660 2867 3910 2938 foedus
3957 2889 4196 2937 meum
4244 2890 4408 2937 cum
4452 2866 4590 2952 eis,
4667 2870 4837 2942 dicit
4877 2866 5290 2957 Dominus,

3317 2969 3624 3064 Spiritus
3660 2991 3858 3039 meus
3898 2966 4023 3061 qui
4064 2978 4168 3036 est
4210 2966 4290 3037 in
4333 2980 4443 3049 te,
4494 2979 4568 3039 et
4607 2969 4818 3040 verba
4861 2995 5050 3060 mea,
5099 2997 5290 3068 quae

3273 3131 3274 3137 ,
3318 3070 3521 3165 posui
3569 3070 3648 3140 in
3678 3092 3802 3140 ore
3845 3081 4010 3153 tuo,
4071 3090 4222 3137 non
4265 3069 4602 3140 recedent
4639 3070 4736 3141 ab
4775 3093 4896 3141 ore
4936 3085 5101 3159 tuo,
5153 3098 5291 3144 nec
5333 3148 5338 3153 ,

3315 3174 3407 3244 ab
3441 3194 3564 3242 ore
3590 3168 3880 3240 seminis
3908 3169 4054 3253 tui,
4102 3167 4278 3237 dicit
4303 3164 4699 3255 Dominus,
4751 3170 5082 3265 deinceps
5109 3187 5180 3243 et
5210 3174 5291 3242 in

3317 3271 3846 3364 sempiternum.
3942 3264 4193 3340 Esaiae
4223 3264 4385 3345 46.:
4453 3263 4692 3350 Etiam
4720 3270 4803 3342 in
4841 3286 5117 3347 senecta
5160 3298 5287 3365 ego

3319 3373 3600 3465 808me
3633 3394 3782 3447 Vm·

3520 3472 3630 3547 De
3657 3472 4113 3545 adiunctione
4150 3473 4597 3565 singulorum
4631 3475 4734 3557 ,ad
4773 3497 5012 3547 veram
5033 3469 5288 3546 Eccle-

3319 3579 3535 3669 siam,
3579 3589 3752 3649 nota
3774 3575 3922 3646 sint
3947 3568 4125 3646 haec
4147 3575 4589 3663 testimonia,
4638 3590 4710 3648 et
4753 3588 5014 3648 statuat
5059 3599 5289 3647 unus-

3320 3679 3619 3772 quisque
3648 3700 3796 3748 sese
3820 3676 4217 3747 membrum
4245 3698 4397 3746 esse
4426 3699 4630 3748 verae
4643 3671 5027 3753 Ecclesiae.
5085 3674 5292 3747 Psal-

3320 3802 3437 3847 mo
3482 3777 3813 3847 vicesimo
3856 3789 4088 3847 sexto:
4150 3771 4392 3849 Unum
4441 3770 4579 3845 hoc
4616 3777 4794 3867 petii
4839 3802 4882 3847 a
4926 3773 5293 3863 Domino,

3316 3874 3454 3949 hoc
3480 3877 3767 3972 requiro
3790 3931 3813 3963 ,
3863 3891 3945 3948 ut
3984 3871 4295 3948 habitem
4341 3875 4435 3944 in'
4464 3875 4677 3960 domo
4707 3872 5006 3947 Domini
5046 3879 5296 3946 omni-

3318 3981 3453 4052 bus
3483 3979 3733 4049 diebus
3760 3978 3945 4051 vitae
3975 4000 4208 4064 meae,
4253 3989 4337 4049 ut
4366 3974 4645 4047 videam
4674 3975 5109 4048 voluntatem
5127 3972 5294 4048 Do-

3317 4079 3523 4165 mini,
3570 4091 3639 4150 et
3664 4077 3944 4150 visitem
3972 4077 4317 4171 templum
4341 4076 4518 4153 eius.
4580 4074 4864 4149 Psalmo
4879 4076 5031 4151 84⁶
5079 4075 5294 4151 Beati

3278 4234 3279 4240 η
3320 4181 3446 4275 qni
3488 4176 3812 4251 habitant
3858 4179 3936 4248 in
3976 4180 4193 4250 domo
4236 4160 4356 4251 tua
4379 4173 4715 4253 Domine.
4813 4177 5098 4263 Psalmo
5131 4177 5290 4250 91.:

3319 4279 3630 4354 Plantati
3670 4281 3751 4350 in
3791 4280 4006 4351 domo
4051 4277 4383 4367 Domini,
4459 4280 4539 4351 in
4594 4280 4793 4351 atriis
4856 4281 5117 4351 domus
5157 4279 5294 4351 Dei

3322 4383 3545 4456 nostri
3586 4381 4024 4457 florebimus.
4136 4379 4421 4454 Psalmo
4467 4379 4801 4451 vicesimo
4844 4405 5070 4452 nono:
5137 4377 5293 4451 Odi

3311 4481 3712 4557 Ecclesiam
3749 4482 4289 4573 malignantium
4317 4479 4666 4564 Domine,
4717 4481 4934 4553 dilexi
4963 4483 5292 4553 decorem

3321 4587 3576 4658 domus
3618 4598 3803 4660 tuae.
3900 4582 4182 4656 Psalmo
4226 4582 4585 4673 trigesimo
4630 4595 4915 4678 quarto:
4965 4580 5293 4655 confite·-

3320 4689 3455 4773 bor
3486 4686 3620 4758 tibi
3648 4686 3729 4758 in
3758 4681 4077 4759 Ecclesia
4099 4704 4375 4776 magna.
4477 4682 4642 4758 Huc
4666 4684 5020 4778 pertinent
5048 4688 5294 4758 omnia

3322 4788 3545 4872 dicta,
3616 4811 3797 4880 quae
3850 4785 4296 4878 praecipiunt
4346 4785 4587 4857 audiri
4631 4784 5145 4871 ministerium,
5224 4801 5295 4859 et

3321 4882 3705 4982 prohibent
3742 4886 4249 4959 disiunctiones
4296 4886 4527 4958 facere
4572 4910 4614 4958 a
4658 4909 4827 4958 vero
4873 4886 5299 4973 ministerio,

3319 5002 3431 5061 ut:
3487 4988 3635 5078 Qui
3663 5011 3791 5060 vos
3818 4986 4038 5072 audit,
4087 5010 4202 5057 me
4232 4988 4458 5075 audit,
4506 4989 4792 5083 quivos
4818 4991 5127 5082 spernit,
5181 4980 5296 5059 me

3320 5091 3608 5185 spernit.
3705 5083 4054 5183 Ephesios
4083 5101 4374 5182 quarto:
4422 5088 4709 5162 Soliciti
4734 5113 5014 5165 servare
5050 5089 5296 5159 unita—

3320 5206 3492 5265 tem·
3526 5191 3816 5286 spiritus
3873 5188 4188 5284 copulati
4252 5213 4445 5284 pace.
4561 5188 4924 5264 Hebraeos
4978 5186 5290 5259 decimo:

3318 5292 3484 5369 Non
3514 5293 3988 5389 relinquentes
4015 5291 4642 5385 congregationem
4669 5306 4985 5365 vestram.
5098 5285 5297 5361 Cum

3320 5410 3563 5485 antem
3603 5397 3940 5477 sciamus,
4004 5404 4076 5465 et
4113 5396 4530 5478 duraturam
4571 5415 4718 5466 esse
4741 5387 5129 5463 Ecclesiam
5148 5440 5169 5470 ,
5222 5406 5298 5464 et

3316 5520 3452 5566 nos
3484 5511 3807 5588 oportere
3836 5497 3987 5567 eius
4020 5497 4341 5568 membra
4386 5518 4565 5581 esse,
4611 5512 4887 5563 necesse
4922 5505 5026 5562 est
5072 5491 5296 5564 simul

3317 5596 3787 5689 considerari,
3838 5621 4018 5691 quae
4048 5611 4123 5669 et
4151 5597 4277 5685 ubi
4308 5596 4399 5668 sit
4428 5617 4590 5666 vera
4612 5588 4926 5679 Ecclesia
4944 5645 4967 5679 ,
5015 5606 5086 5663 et
5114 5617 5298 5686 qua-

3316 5698 3410 5771 lis
3438 5697 3565 5785 sit,
3614 5712 3685 5772 et
3718 5721 3900 5794 quae
3932 5721 4044 5770 res
4067 5701 4159 5771 ad
4185 5698 4338 5774 eius
4369 5697 4712 5773 unitatem
4741 5693 5227 5795 requirantur.
