6025 6775
501 654 576 727 915
1060 641 1088 719 Ι.
1138 633 1430 716 CHRONlCON
1454 628 1702 710 CARlONlS.
1750 630 1877 707 PARS
1900 629 1949 707 11.
2122 687 2164 766 ο
2258 649 2261 655 ·
2430 629 2507 702 914

553 818 661 892 Anno
678 816 806 893 mundi
825 810 1150 911 quater'millesimo
1167 811 1295 903 primo.
1607 798 1609 801 ⁴
1632 799 1773 872 Claudii
1794 818 1949 894 tempore
1974 804 2051 873 dira
2073 802 2182 872 lames
2199 801 2271 873 luit
2300 801 2339 870 in
2361 795 2446 871 Asia
2469 816 2504 872 et

555 920 662 991 Auno
714 918 852 991 Romae
894 913 1199 1008 septingentesimo
1243 907 1477 999 octuagesimo
1529 899 1693 993 Europa,
1717 917 1882 994 utsupra
1904 904 2076 988 diximus,
2102 904 2141 971 in
2163 928 2232 996 qua
2257 903 2502 972 lamemodius

707 1044 819 1089 nono.
1528 1005 1699 1074 frumenti
1718 1019 1854 1094 emptus
1869 1017 1919 1073 est
1932 1028 1991 1074 sex
2007 999 2203 1083 drachmis,
2229 1028 2308 1073 curn
2323 1003 2409 1071 alias
2425 1026 2501 1070 me-

557 1119 664 1190 Anno
682 1116 815 1190 Christi
837 1114 1012 1187 tricesimo
1032 1138 1145 1185 nono,
1529 1105 1709 1174 diocribus
1723 1106 1824 1173 annis
1840 1105 2007 1176 usitatum
2022 1105 2179 1196 precium
2196 1114 2267 1173 tres
2282 1103 2431 1173 sestertii
2445 1124 2499 1170 es-

605 1231 723 1308 Cnius
746 1226 929 1326 Caligula
952 1232 1115 1303 successit
1138 1226 1296 1299 Tiberio'.
1347 1223 1479 1293 Tenuit
1527 1218 1624 1290 ⁵0⁰1,
1653 1206 1690 1272 id
1714 1219 1783 1286 est,
1817 1219 1989 1276 nostrates
2022 1204 2161 1275 nummi
2190 1204 2315 1293 viginti
2338 1216 2501 1295 quatuor.

503 1340 690 1430 imperium
712 1359 824 1405 annos
848 1350 938 1418 tres,
966 1353 1104 1401 memes
1128 1330 1259 1400 decem,
1309 1322 1351 1394 ln
1379 1326 1485 1395 euius·
1526 1302 1615 1375 Eius
1627 1306 1730 1376 sdmlss
1744 1307 1884 1377 initium
1899 1306 2005 1377 luisse
2019 1329 2113 1376 311Πο
2128 1302 2402 1398 qulnloeldllllll
2415 1303 2501 1372 sell-

503 1435 651 1508 historia
673 1450 851 1529 utrunque
877 1434 1135 1523 deplorandum
1156 1443 1225 1513 est,
1248 1428 1343 1519 quod
1359 1420 1477 1495 horri-
1526 1407 1635 1478 bitur·

502 1540 620 1609 biliter
633 1540 847 1627 degenerant
862 1534 935 1602 nati
953 1557 994 1602 ex
1009 1530 1215 1623 parentibus
1231 1526 1292 1620 qui
1307 1526 1478 1596 excellue-
1628 1522 1672 1592 ln
1696 1520 1851 1595 Ecclesia
1875 1523 1961 1596 haee
1985 1529 2075 1598 facta
2098 1538 2196 1595 sunt:
2227 1518 2363 1593 Maria
2385 1523 2498 1610 virgo,

502 1651 586 1708 runt
602 1651 748 1708 naturae
765 1634 882 1718 bonis,
908 1647 943 1704 et
956 1636 1051 1725 quod
1069 1633 1108 1700 in
1123 1630 1262 1718 fastigio
1276 1650 1393 1696 rerum
1410 1621 1477 1695 hu·
1528 1636 1640 1692 mater
1656 1615 1821 1711 Christi,
1852 1652 1893 1695 ex
1914 1624 1979 1697 hac
1995 1628 2066 1698 vita
2084 1626 2240 1695 discessit
2256 1622 2398 1694 Claudii
2412 1640 2502 1694 tem-

499 1762 686 1808 manarum
702 1760 804 1826 saepe
820 1747 908 1804 tetra
930 1747 1091 1824 portenta
1115 1722 1359 1801 dominantur,
1405 1725 1479 1797 Na·
1529 1748 1631 1814 pore,
1656 1748 1754 1809 cum,
1778 1740 1818 1796 ut
1832 1723 2051 1818 Nicephorus
2067 1727 2206 1810 scribit,
2227 1748 2361 1794 annum
2385 1736 2501 1812 ageret

502 1853 558 1908 tus
574 1834 697 1910 fuit-G.
709 1834 870 1923 Caligula
884 1859 926 1903 ex
938 1833 1186 1904 laudatissima
1203 1830 1326 1919 stirpe:

500 1952 617 2014 Drusus,
635 1947 844 2016 lrater‘liberii,
862 1964 940 1998 mor·
1023 1942 1155 2009 Antonia,
1175 1940 1302 2007 coniunx,
1312 1936 1375 2005 lilia
1390 1937 1478 1990 Anto·

500 2030 565 2073 tuus
597 2020 626 2071 in
652 2016 801 2070 Germania
828 2024 939 2085 accepto
1144 2005 1357 2064 niierOctaria.

655 2085 779 2141 vulnere.

505 2203 639 2252 Claudius
709 2199 890 2251 Germanicus
910 2195 1085 2248 mortuusin
1103 2195 1122 2247 S
1142 2219 1159 2231 ·
1200 2193 1356 2260 Agrippina
1410 2208 1478 2244 uror

503 2266 664 2337 liuperator.
706 2267 763 2327 ria,
781 2282 886 2317 veneno
905 2261 1096 2316 interlectusa
1133 2263 1159 2314 i·
1200 2259 1476 2341 Germanici7Agrip·

705 2350 772 2385 sone
788 2333 861 2383 iussu
879 2330 992 2382 Tiberii.
1027 2330 1248 2405 Excelluitvpae
1266 2338 1292 2382 et
1311 2327 1395 2380 lulrae
1411 2326 1475 2393 lilia,

704 2401 818 2467 virtute,
835 2397 900 2451 rexit
919 2398 1108 2464 Germaniam,
1132 2406 1159 2449 et
1200 2397 1273 2449 unde
1303 2414 1405 2449 nomen
1437 2403 1477 2447 est

705 2467 804 2520 deinde
821 2465 981 2519 Armeniam
1001 2464 1157 2532 etSyriem.
1201 2468 1331 2519 Coloniae
1346 2462 1475 2534 Agrippi·

703 2535 802 2588 Latino
814 2532 935 2588 carmine
947 2532 1065 2586 reddidit
1077 2534 1156 2586 Aro-
1198 2549 1250 2586 nas
1268 2532 1301 2587 sd
1319 2530 1452 2586 Rhenum.

499 2671 551 2746 Ex
567 2670 623 2744 his
639 2613 808 2744 nardinis
826 2661 1008 2766 Caligula
1023 2674 1201 2744 teterrima
1221 2673 1337 2746 belua.

1529 1849 1663 1895 nonum
1684 1837 1717 1893 et
1732 1826 2074 1917 quinquagesimum.
2123 1825 2208 1895 Fuit
2231 1848 2312 1914 ergo
2329 1835 2501 1914 superstes

1529 1939 1608 2014 post
1630 1927 1921 1996 resurrectionem
1945 1927 2010 1996 filii
2034 1949 2146 1996 annos
2167 1925 2324 2016 aliquot,
2354 1937 2388 1993 et
2411 1923 2501 1993 vidit

1527 2026 1629 2095 initia
1646 2022 1823 2096 Ecclesiae
1838 2026 1913 2095 eius
1928 2028 2113 2117 temporis,
2138 2026 2248 2097 multa
2263 2025 2419 2112 ingentia
2432 2023 2503 2092 mi·

1526 2128 1645 2196 recula
1662 2140 1696 2197 et
1711 2127 1881 2218 supplicia
1894 2140 2108 2210 sanctorum,
2134 2141 2168 2196 et
2185 2125 2343 2196 consiliis
2356 2125 2429 2196 suis
2445 2148 2501 2194 re-

1527 2227 1579 2297 xit
1594 2226 1796 2319 Apostolos.
2069 2243 2072 2250 “

1628 2341 1736 2436 Apud
1770 2346 1917 2416 unicum
1942 2342 2160 2414 Clementem
2192 2343 2321 2432 legitur
2349 2355 2383 2413 ει
2404 2334 2505 2412 Petri

1526 2444 1683 2515 confisus
1700 2447 1834 2515 adlecta
1852 2468 1924 2514 esse
1939 2443 2134 2535 supplicio,
2165 2442 2393 2527 ubidicitur,
2419 2464 2505 2510 voce

1525 2544 1623 2616 Petri
1657 2547 1863 2616 confirmata
1895 2560 1968 2630 est,
2001 2545 2062 2638 qui
2093 2544 2195 2613 iussit
2226 2566 2303 2611 eam
2324 2541 2505 2612 recordari

1524 2641 1695 2720 Domini.
1749 2645 1789 2715 ld
1809 2647 1839 2716 si
1854 2670 1976 2716 verum
1990 2658 2060 2725 est,
2087 2644 2226 2714 circiter
2247 2644 2342 2712 idem
2366 2654 2504 2733 tempus

1524 2747 1655 2817 factum
1670 2770 1743 2815 esse
1763 2748 1926 2830 videtur,
1952 2768 2025 2837 quo
2038 2741 2156 2814 Maria
2182 2744 2339 2816 decessit.

599 2774 725 2845 Voluit
740 2798 776 2844 se
791 2776 944 2844 adorari.
994 2774 1153 2846 Statuam
1174 2798 1273 2845 suam
1293 2775 1389 2844 misit
1401 2771 1475 2841 col·

500 2876 686 2945 locandam
715 2876 757 2944 in
789 2876 961 2965 templum
986 2872 1231 2970 lerosolymae.
1283 2875 1373 2945 'l'res
1395 2893 1474 2941 suas

499 2999 635 3046 sorores
650 2975 836 3067 stupravit.
888 2974 1023 3047 Multos
1038 2975 1223 3048 Senatores
1240 2991 1273 3047 et
1290 2976 1378 3046 alios
1394 2995 1475 3042 cru-

430 3164 434 3172 ·
499 3077 625 3146 deliter
642 3076 839 3157 interfecit,
863 3076 963 3146 euius
977 3077 1109 3146 dictum
1125 3090 1192 3147 est:
1214 3068 1372 3146 Oderint
1388 3070 1475 3142 dum

499 3184 672 3249 metuant.
721 3176 878 3249 Conatus
902 3190 952 3246 est
973 3178 1114 3247 abolere
1129 3174 1324 3249 Homerum
1340 3193 1374 3248 et
1391 3172 1484 3250 Vin,

496 3278 641 3365 gilium,
682 3290 717 3349 ει
750 3280 861 3347 libros
889 3275 1239 3352 Iurisconsultorum.
1291 3278 1361 3349 Sed
1394 3299 1475 3345 curn

1549 2948 1552 2954 g
1626 2862 1702 2933 Sub
1721 2859 1872 2932 Claudio
1888 2875 1922 2933 et
1931 2857 2108 2929 Iacobum
2123 2861 2299 2932 interfecit
2314 2884 2373 2928 rex
2388 2856 2504 2928 Hero-

1525 2965 1587 3032 des
1604 2958 1779 3052 Agrippa,
1806 2961 1868 3053 qui
1885 2976 1919 3031 et
1932 2962 2007 3053 ipse
2022 2983 2098 3030 non
2113 2962 2227 3030 multo
2243 2973 2321 3051 post
2342 2955 2505 3049 phtiriasi

1525 3063 1643 3155 periit.
1694 3059 1833 3132 Deinde
1848 3058 2020 3131 Claudius
2036 3058 2203 3131 Iudaeam
2227 3083 2357 3142 rursus,
2370 3059 2409 3127 in
2429 3060 2505 3128 for·

1526 3186 1620 3233 mam
1637 3162 1843 3253 provinciae
1865 3162 2013 3252 redegit.

1625 3293 1700 3365 Nec
1726 3295 1838 3365 multo
1862 3306 1942 3387 post
1962 3292 2131 3388 Synodus
2153 3294 2222 3364 luit
2236 3286 2503 3385 Apostolorum,

431 3448 434 3455 ,
496 3403 572 3448 non
592 3379 655 3450 diu
677 3395 874 3469 regnasset,
900 3379 1105 3450 interfectus
1126 3393 1178 3450 est
1195 3404 1217 3451 a
1233 3376 1371 3450 Phereo
1390 3375 1477 3447 Tri-

497 3479 595 3549 buno
610 3481 777 3553 militum.
1382 3470 1391 3487 ’

1526 3421 1621 3467 anno
1635 3396 1724 3487 ,post
1747 3395 2042 3467 resurrectionem
2065 3391 2198 3466 Christi
2220 3395 2414 3478 sedecimo,
2440 3394 2503 3488 qui

1525 3499 1595 3567 fuit
1619 3521 1733 3566 annus
1756 3495 1900 3567 Claudii
1921 3509 2084 3581 octavus,
2117 3511 2179 3568 aut
2200 3496 2349 3583 circiter.
2401 3492 2444 3563 ln
2465 3517 2505 3563 ea

1526 3597 1672 3692 Synodo
1689 3599 1849 3668 doctrina
1872 3599 1916 3666 de
1932 3597 2041 3687 gratia
2063 3610 2098 3668 et
2117 3595 2187 3667 fide
2211 3596 2445 3687 repetitam,
2470 3609 2505 3666 ει

1527 3699 1735 3770 asseveratio
1773 3698 1903 3769 tradita
1945 3712 2016 3778 ert,
2056 3720 2130 3767 non
2169 3719 2241 3766 esse
2275 3695 2504 3765 necessariam

1526 3800 1807 3871 observationem
1824 3798 2104 3869 ceremoniarum
2117 3794 2369 3867 Mosaicarum.
2402 3792 2522 3864 Hanc

1526 3901 1820 3971 asseverationem
1841 3899 2006 3991 Apostoli
2026 3923 2101 3968 non
2132 3897 2321 3968 autoritate
2348 3891 2506 3966 humana

549 3703 656 3766 Anno
673 3699 798 3767 mundi
816 3694 1147 3790 quater'millesimo
1172 3697 1309 3789 quinto.

551 3796 658 3866 Anno
675 3795 812 3867 Rornae
836 3800 1144 3890 septingentesimo
1165 3797 1393 3888 nonagesimo
1407 3811 1477 3869 ter·

670 3897 763 3967 'tio.

546 3995 655 4069 Auno
673 3992 808 4068 Christi
827 4001 1092 4092 quadragesimo
1107 4003 1223 4074 tertio.

597 4110 780 4186 Claudius
799 4123 966 4192 suecessit
979 4119 1171 4211 Caligulae.
1215 4119 1351 4191 ‘lenuit
1365 4120 1477 4209 impe·
1525 4102 1671 4192 P⁰llfii¹e
1692 4098 1875 4183 llldstlc‘le»
1903 4112 1936 4167 ‘l
1958 4099 2002 4164 ‘le
2026 4098 2228 4167 dl⁸0¹3ffll¹¹⁰
2250 4097 2349 4186 ‘⁰8⁰5
2369 4096 2505 4187 P⁰ll¹l⁰l

496 4219 589 4288 rium
604 4243 717 4288 annos
732 4221 921 4306 tredecim,
943 4245 1080 4291 menses
1095 4237 1174 4293 octo
1199 4236 1234 4291 ει
1248 4222 1323 4291 dies
1340 4220 1476 4306 viginti.
1526 4214 1560 4270 ‘l
1575 4201 1676 4288 “inl
1692 4194 1846 4277 Christi,
1873 4209 1908 4267 ‘l
1928 4196 2086 4265 imildae
2101 4199 2381 4268 ⁶²¹⁶¹⁰⁰¹¹l³¹¹¹¹¹¹
2398 4208 2432 4266 el
2447 4196 2504 4266 lu·

495 4315 609 4386 ΝΜ,
628 4334 724 4407 pm,
747 4314 891 4387 Druso,
943 4319 1059 4407 Qum,
1080 4347 1185 4412 sup„
1205 4321 1360 4390 diximus
1382 4321 1477 4389 ime,
1526 4300 1646 4370 stiriae
1669 4314 1832 4370 aeternae
1855 4322 1874 4368 a
1903 4294 1980 4367 Deo
2011 4320 2074 4387 per
2092 4295 2288 4390 Prophetas
2315 4296 2503 4367 revelatam

498 4412 619 4485 salam
637 4414 852 4490 &Rhenum
869 4420 1216 4510 ,u1n„„„,pf„,‚
1242 4434 1391 4510 pamm,
1407 4416 1477 4490 Ca.
1525 4423 1621 4485 esse,
1662 4396 1724 4469 has
1749 4399 1887 4470 divinas
1918 4397 2176 4489 praedictiones
2208 4399 2446 4491 repetiverunt
2472 4411 2506 4467 et

497 4514 627 4602 ligulae
642 4539 784 4606 regnare
799 4522 914 4612 coepit
926 4542 1006 4589 eum
1021 4543 1156 4592 annum
1168 4535 1284 4610 ageret
1299 4522 1476 4617 quinqua·
1525 4503 1803 4572 illustraverunt·

498 4613 681 4705 gesimam.
730 4613 960 4693 Amilitibus
982 4645 1024 4690 ex
1045 4621 1190 4692 latebris
1214 4635 1265 4694 est
1289 4635 1475 4706 extractus,
1624 4617 1693 4690 Sed
1712 4612 1751 4686 hi
1766 4615 1828 4709 qui
1846 4610 2240 4710 contenduntSynodos
2258 4625 2294 4683 et
2310 4608 2506 4704 Episcopus

496 4738 537 4786 ac
569 4715 705 4806 primus
733 4718 918 4809 imperium
949 4737 1123 4792 mercatus
1153 4736 1223 4808 est,
1265 4724 1475 4815 promittens
1524 4717 1655 4793 habere
1675 4719 1899 4789 autoritatem
1924 4716 2103 4786 condendi
2135 4737 2246 4784 novas
2275 4715 2386 4803 leges,
2419 4738 2506 4807 quas

498 4815 842 4907 singulismilitibus
865 4824 1106 4916 quaterdena
1137 4825 1314 4908 sestertia,
1340 4826 1378 4894 id
1412 4836 1473 4904 est,
1524 4821 1686 4914 amplecti
1710 4816 1904 4896 Ecclesiam
1929 4839 2068 4890 necesse
2091 4816 2156 4903 sit,
2196 4816 2306 4886 citant
2326 4816 2506 4893 decretum
2569 4826 2573 4833 '

497 4929 674 4987 trecentos
699 4932 883 4992 coronatos
906 4937 941 4994 et
962 4921 1227 5018 quinquaginta.
1281 4923 1324 4993 ln
1348 4924 1475 4994 studiis
1518 4922 1563 4992 ‘in
1589 4949 1627 4993 ea
1644 4920 1790 5015 Synodo
1813 4920 1945 4990 lactum
1968 4920 2013 5017 de
2028 4911 2256 5010 idolothytis,
2282 4915 2505 5000 scortatione,

497 5017 718 5108 eloquentiae
742 5040 783 5086 eo
807 5025 991 5110 processit,
1029 5038 1070 5094 ut
1095 5019 1261 5096 historias
1285 5024 1475 5116 scripserit,
1522 5024 1693 5094 suffocato
1717 5035 1752 5091 et
1776 5020 1960 5109 sanguine.
2010 5013 2069 5088 Ad
2085 5012 2178 5087 hanc
2195 5017 2429 5088 obiectionem
2445 5040 2502 5085 re-

495 5138 565 5209 qua
583 5117 623 5185 in
638 5141 676 5186 re
691 5118 896 5207 magistrum
910 5117 1197 5197 habuitLivium.
1248 5123 1316 5196 Sed
1334 5125 1475 5195 fatuitas
1523 5121 1770 5214 spondendum
1788 5131 1855 5188 est:
1883 5117 2143 5190 scortationem
2158 5131 2194 5189 ει
2215 5108 2507 5210 esnmidolotby-

494 5216 570 5287 eius
584 5218 829 5310 multipliciter
843 5221 1008 5310 exagitata
1023 5242 1092 5313 εει,
1119 5251 1198 5297 cum
1215 5227 1402 5318 praecipue
1418 5247 1476 5293 re·
1523 5237 1641 5294 torum
1665 5215 1848 5313 prohiberi
1872 5218 2120 5290 universaliter
2147 5218 2314 5289 omnibus
2337 5217 2506 5317 tempori-

494 5331 636 5407 geretur
657 5343 676 5388 a
694 5318 868 5400 Libertis‚
893 5345 1044 5415 quorum
1064 5327 1222 5418 ingentia
1244 5328 1337 5399 furta
1359 5340 1393 5398 et
1417 5349 1475 5418 sy·
1523 5327 1612 5405 bus,
1637 5322 1827 5393 autoritate
1842 5317 2020 5410 Decalogi.
2069 5316 2166 5410 Ergo
2185 5321 2282 5412 quod
2306 5320 2350 5388 ad
2368 5319 2436 5388 ista
2451 5330 2505 5387 at-

492 5413 740 5511 cophanticam
753 5420 906 5512 populus
921 5423 1175 5499 detestabatur:
1191 5427 1345 5521 Fuitque
1360 5429 1399 5495 in
1416 5450 1475 5496 eos
1522 5427 1623 5509 tinet,
1647 5419 1740 5492 nihil
1756 5420 1843 5492 novi
1861 5421 2122 5493 constituerunt
2137 5421 2314 5512 Apostoli,
2342 5420 2402 5488 sed
2427 5430 2505 5487 tan-

491 5519 749 5608 pronunciatus
771 5543 893 5591 versus
915 5522 956 5590 in
976 5517 1129 5597 theatro:
1163 5523 1350 5624 ἀφόρητος
1373 5521 1474 5599 ἐστὶν
1522 5540 1599 5597 tum
1620 5523 1861 5616 repetiverunt
1876 5519 2111 5612 Decalognm,
2146 5524 2209 5615 qui
2231 5533 2283 5590 est
2295 5521 2352 5588 lex
2365 5529 2507 5589 aeterna

494 5616 662 5711 εὐτυχῶν
687 5616 905 5719 μαστιγίας,
932 5637 974 5695 ut
997 5623 1103 5712 vulgo
1124 5630 1276 5702 dicitur:
1302 5627 1473 5723 Asperius
1523 5624 1816 5697 etimmutabilis.
1851 5621 1922 5695 Sed
1940 5625 1984 5693 de
1999 5622 2171 5714 sanguine
2186 5634 2220 5691 et
2236 5619 2405 5688 suffocato
2420 5638 2507 5686 con·

493 5712 586 5791 nihil
602 5735 653 5792 est
666 5724 795 5793 misero
808 5747 886 5794 cum
900 5725 1012 5814 surgit
1038 5724 1077 5792 in
1094 5725 1216 5804 altum.
1523 5727 1747 5800 suetudinem
1765 5738 1918 5797 veterem
1934 5726 2099 5797 traditam
2113 5746 2134 5793 a
2148 5721 2247 5805 Noe,
2272 5717 2508 5794 retinuerunt.

1527 4003 1782 4082 condiderunt,
1814 4003 1873 4069 sed
1899 4022 1979 4070 cum
2002 3999 2131 4068 scirent
2153 3997 2351 4068 doctrinam
2373 3997 2418 4065 de
2436 3997 2506 4064 fine
2543 4072 2546 4078 ¹
2671 3996 2673 4001 ’
