6025 6775
421 665 469 739 ua
857 757 864 762 ᾖ
1039 647 1042 652 ·
1172 653 1327 727 nucu.
1375 650 1449 726 uu
1485 652 1709 725 uersuta,

420 836 584 923 telligunt
609 831 728 903 Deum
759 825 864 898 hunc·
878 826 1022 895 'radium
1046 827 1236 917 sapientiae
1265 851 1347 918 suae
1371 827 1410 895 in
1462 823 1571 892 fuisse
1585 823 1678 913 apud
1693 816 1903 908 Phoenices,
1929 822 2096 897 Sidonios
2112 841 2146 899 et
2163 826 2310 922 Tyrios,
2333 846 2367 901 et
2381 828 2447 903 ho·

420 934 585 1006 homines
608 930 858 1012 transfudisse,
886 940 919 996 et
944 928 1120 997 vindicem
1137 952 1210 999 esse
1227 930 1411 1013 scelerum,
1462 948 1541 992 rum
1558 924 1710 1006 vicinos,
1737 939 1911 1012 acceptam
1928 949 1947 993 a
1965 928 2089 1015 primis
2107 932 2286 1019 patribus,
2311 929 2448 1004 aNoha

422 1039 635 1125 intelligunt
658 1034 764 1123 igitur
784 1030 815 1097 ei
840 1030 1080 1099 obediendum
1103 1054 1196 1109 esse,
1222 1031 1320 1101 iuxta
1343 1025 1409 1099 hoc
1462 1040 1497 1094 et
1514 1026 1588 1094 eius
1602 1025 1683 1094 filiis
1700 1037 1733 1093 et
1755 1027 1960 1113 nepotibus,
1986 1031 2116 1121 qulbus
2137 1030 2234 1102 Deus
2249 1047 2344 1105 certo
2362 1060 2449 1104 con·

422 1138 620 1208 discrimen
636 1130 860 1202 honestorum
888 1143 924 1199 et
937 1131 1109 1221 turpium.
1158 1134 1234 1202 lam
1251 1128 1413 1202 haecsa-·
1461 1126 1541 1195 silio
1557 1126 1654 1194 illam
1675 1140 1911 1217 opportunam
1929 1131 2045 1198 sedem
2061 1132 2242 1215 attribuit,
2267 1150 2308 1205 ut
2324 1160 2448 1206 eorum

423 1238 562 1329 pientia
597 1234 784 1302 multarum
817 1252 1023 1320 magnarum
1060 1256 1179 1302 rerum
1210 1235 1407 1304 doctrinam
1461 1228 1621 1297 doctrina
1643 1229 1713 1297 late
1736 1231 1781 1296 ad
1804 1240 1922 1298 ortum
1950 1243 1983 1297 et
2004 1232 2048 1298 ad
2072 1257 2233 1304 oceasum
2260 1240 2449 1328 propagari

428 1338 591 1407 continet.
650 1331 746 1402 Hinc
779 1332 888 1423 igitur
913 1347 989 1403 orta
1022 1333 1256 1419 iusticiam,
1291 1333 1407 1404 Deum
1461 1343 1586 1431 posset.
1639 1328 1723 1399 Sive
1735 1322 2031 1418 igituraPhiueo
2046 1349 2184 1426 accepta
2200 1350 2251 1406 est
2265 1340 2450 1431 sapientia,

429 1451 516 1507 recte
532 1457 737 1524 agnoscere,
763 1447 797 1504 et
814 1434 846 1503 ei
861 1433 1007 1503 obedire
1023 1434 1118 1504 iuxta
1135 1436 1324 1504 discrimen
1341 1431 1408 1505 ho·
1461 1430 1535 1500 sive
1557 1454 1576 1501 a
1602 1430 1729 1499 vicinis
1751 1428 1916 1514 Ionibus,
1948 1431 2011 1522 qui
2036 1432 2196 1505 doctrina
2221 1453 2256 1508 et
2281 1442 2449 1511 omnihus

425 1551 601 1606 nestorum
629 1549 664 1606 et
690 1536 869 1627 turpium,
910 1548 944 1605 et
974 1548 1119 1627 propter
1149 1536 1260 1607 Deum
1289 1539 1408 1606 fovere
1460 1533 1596 1602 artibus
1613 1533 1874 1617 excelluerunt,
1901 1556 1979 1600 curn
1998 1548 2112 1604 essent
2128 1530 2294 1608 haeredes
2308 1544 2449 1632 sapien-

420 1661 643 1707 communem
681 1637 995 1719 consociationem,
1035 1638 1212 1707 neminem
1249 1639 1409 1722 laedere,
1459 1633 1530 1702 tiae
1547 1629 1688 1723 laphet,
1724 1647 1878 1703 vetustae
1900 1656 1954 1702 res
1976 1632 2160 1726 Mysorum
2183 1644 2375 1713 ostendunt
2388 1667 2449 1713 eos

418 1740 529 1807 vitare
554 1754 588 1809 et
612 1740 741 1830 punire
762 1739 903 1808 scelera.
962 1735 1016 1806 Ex
1041 1736 1108 1809 hoc
1123 1741 1222 1808 fonte
1242 1742 1408 1810 oriuntur
1460 1734 1646 1825 disciplina
1664 1734 1792 1803 vicinis
1806 1735 2058 1808 antecelluisse.

419 1841 566 1925 veritas,
597 1842 684 1909 fides
708 1840 747 1908 in
777 1840 908 1931 pactis,
940 1839 1188 1926 beneficentia,
1220 1844 1408 1930 gratitudo,
1561 1833 1651 1905 Cum
1667 1849 1825 1905 veterum
1842 1834 2027 1929 Mysorum
2043 1836 2124 1907 talis
2134 1839 2241 1908 fuerit
2258 1841 2450 1927 virtus,·et

420 1944 549 2029 gradus
565 1943 604 2010 in
620 1941 796 2032 imperiis,
822 1954 858 2010 et
871 1941 1007 2010 ordinis
1023 1943 1253 2013 conservatio.
1460 1960 1591 2005 nomen
1618 1949 1651 2004 et
1675 1937 1795 2023 lingua
1823 1938 2010 2006 conveniat
2029 1963 2110 2009 cum
2134 1934 2199 2008 hac
2214 1956 2334 2041 gente,
2360 1968 2450 2035 qnae

520 2041 660 2112 Deinde
683 2043 801 2136 inquit
818 2039 1013 2128 Homerus,
1039 2043 1163 2137 Mysos
1178 2045 1407 2136 praeliatores
1459 2039 1503 2107 ad
1527 2032 1649 2107 Albim
1675 2039 1853 2121 consedit,
1886 2040 2130 2128 cognationem
2156 2065 2231 2110 non
2257 2063 2449 2134 aspernan-

420 2165 512 2225 esse,
552 2144 691 2215 Videtis
720 2143 895 2236 sapienter
922 2144 1166 2216 fortitudinem
1204 2148 1406 2216 adiunctam
1460 2139 1821 2208 damesseexistimo.
1873 2137 1912 2209 si
1938 2142 1996 2209 cui
2013 2155 2127 2210 autem
2145 2138 2212 2212 hae
2226 2145 2449 2216 coniecturae
2507 2230 2509 2233 1

421 2247 678 2318 esseiusticiac.
730 2244 824 2334 Quia
837 2248 1125 2333 gubernationem
1143 2248 1270 2318 iustam
1287 2269 1408 2316 neces·
1459 2242 1709 2331 nonptacent‚
1737 2242 2450 2333 quaetameningeniosissimoetdoetis.

422 2369 457 2414 se
472 2361 523 2416 est
539 2372 635 2417 arma
651 2362 786 2427 tenere,
814 2362 849 2417 et
863 2348 899 2415 vi
916 2341 1100 2417 cohercere
1116 2372 1156 2417 ac
1166 2348 1294 2439 punire
1308 2347 1408 2416 domi
1459 2341 1549 2411 simo
1565 2342 1643 2421 viro
1653 2337 1799 2412 Philoni
1808 2339 1998 2411 Dresdensi
2010 2344 2207 2435 placebant,
2229 2371 2301 2417 non
2314 2372 2450 2439 pugna-

2325 662 2447 770 *ss

421 2461 646 2518 contumaees
675 2451 783 2532 cives,
822 2462 856 2518 et
881 2450 969 2518 foris
1003 2450 1178 2539 depellere
1210 2448 1405 2519 latrocinia.

420 2546 575 2638 Propter
598 2546 660 2620 has
682 2574 802 2621 causas
827 2550 922 2621 scitis
943 2551 1092 2641 imperia
1109 2549 1280 2623 divinitus
1300 2567 1332 2623 et
1349 2553 1406 2620 in-

420 2649 540 2720 stituta
557 2665 832 2724 ctarmataesse.
1001 2667 1004 2672 ’

523 2750 644 2823 Tertia
667 2755 781 2823 virtus
805 2766 858 2822 est
882 2753 1132 2843 temperantia,
1163 2779 1253 2849 quae
1276 2754 1406 2824 multa-

419 2876 499 2920 rum
524 2854 672 2924 aliarum
698 2855 819 2922 nutrix
850 2866 918 2938 est,
950 2856 1142 2926 modestiae
1171 2870 1204 2926 et
1226 2855 1406 2926 castitatis.

419 2950 541 3046 Inquit
556 2957 652 3023 enirn
667 2953 846 3024 Homerus
863 2956 915 3024 lac
936 2956 1042 3025 luisse
1057 2972 1182 3048 potum
1202 2958 1300 3026 illius
1315 2955 1408 3026 anti-

418 3077 510 3145 quae
542 3058 676 3145 gentis,
716 3081 796 3126 cum
830 3052 986 3127 Thraces
1023 3059 1132 3127 vicini
1162 3059 1409 3150 vituperentur

416 3168 564 3243 propter
577 3158 833 3229 temulentiam.
883 3155 933 3229 Et
948 3159 1076 3229 Strabo
1089 3161 1214 3228 recitat
1223 3159 1406 3230 Posidonii

416 3254 625 3321 testimonia
645 3257 689 3318 de
713 3256 868 3320 castitate
884 3254 1072 3345 Mysorum
1094 3272 1128 3325 et
1145 3256 1341 3344 Getarum,
1369 3282 1409 3325 ac

355 3418 363 3433 ,
417 3350 634 3420 nominatim
656 3350 795 3442 inquit,
828 3354 920 3442 apud
954 3352 1194 3423 Menandrum
1218 3356 1408 3447 vituperari

415 3452 464 3519 ab
483 3451 532 3519 eis
546 3452 795 3544 polygamiam.

521 3547 563 3619 ln
579 3554 807 3640 argonautico
822 3553 977 3621 carmine
991 3553 1157 3618 scribitur
1172 3565 1332 3618 amanter
1348 3572 1408 3617 ex·

417 3664 537 3742 ceptus
560 3675 633 3721 esse
657 3654 696 3719 in
713 3651 829 3742 Mysia
851 3670 992 3736 graecos
1007 3650 1133 3727 duces,
1158 3662 1191 3719 et
1205 3672 1326 3719 rursus
1342 3673 1421 3718 na·-

417 3753 490 3820 vim
509 3752 561 3822 ibi
579 3753 786 3822 instructam
801 3750 1001 3834 frumento,
1027 3749 1213 3833 carnibus,
1239 3750 1335 3821 vino.

520 3853 605 3923 Fuit
627 3851 737 3942 igitur
760 3851 798 3919 in
821 3850 1001 3941 illagente
1023 3850 1223 3921 intellectus
1238 3845 1407 3922 honesto-

417 3979 498 4025 rum
511 3955 709 4025 olliciorum
726 3966 761 4023 et
775 3951 984 4042 disciplina,
1012 3976 1120 4044 quare
1132 3969 1167 4024 et
1184 3953 1294 4043 ipsam
1312 3976 1330 4021 a
1347 3975 1406 4042 ge-

418 4080 544 4127 nerosa
567 4058 693 4148 stirpe,
727 4078 817 4148 quae
842 4052 1008 4124 virtutem
1035 4054 1208 4124 intellexit
1231 4067 1265 4123 et
1286 4054 1407 4138 coluit,

417 4175 532 4230 urtam
546 4181 621 4236 esse
635 4170 909 4227 consentaneum
925 4169 985 4225 est.
1036 4154 1291 4226 Narratautem
1302 4155 1408 4226 Aria-

417 4283 487 4330 nus
510 4261 550 4328 in
570 4254 792 4353 Bithynicis,
827 4259 917 4326 duos
938 4257 1045 4326 luisse
1064 4257 1156 4326 filios
1180 4251 1308 4325 Phinei
1323 4254 1406 4350 My·

419 4387 497 4431 sum
518 4375 553 4431 et
575 4357 764 4454 Thynum,
797 4373 831 4429 et
852 4359 898 4427 ab
926 4360 1036 4429 altero
1058 4357 1199 4451 Mysos,
1227 4360 1273 4427 ab
1295 4357 1405 4426 altero

418 4459 594 4557 Bithynos
623 4475 824 4553 procreatus
854 4483 939 4531 esse.
1004 4459 1057 4529 Ac
1085 4461 1191 4528 fuisse
1224 4460 1262 4526 in
1288 4459 1407 4528 littore

1459 2468 1538 2514 mus
1553 2446 1596 2513 de
1614 2441 1679 2512 hac
1693 2457 1812 2514 nostra
1829 2445 2016 2534 opinione,
2044 2459 2078 2517 et
2095 2448 2233 2517 ostendi
2251 2451 2357 2519 nobis
2375 2475 2450 2520 ccr-

1458 2545 1584 2615 tiorem
1602 2546 1776 2634 originem
1798 2546 1962 2637 petimus.
2014 2543 2186 2640 Exempla
2206 2551 2379 2622 virtutum
2395 2566 2451 2621 ta-
2502 2614 2504 2619 .

1459 2670 1542 2717 men
1567 2670 1704 2717 sumere
1729 2643 1821 2716 hanc
1843 2663 1981 2736 gentem
2005 2673 2024 2718 a
2048 2651 2226 2721 veteribus
2254 2650 2389 2747 Mysis,
2416 2669 2450 2725 et

1460 2748 1625 2819 delectari
1649 2772 1725 2819 eam
1749 2750 1912 2822 societate
1936 2752 2094 2821 nominis
2110 2748 2277 2825 honestae
2293 2755 2449 2825 nationis

1460 2849 1588 2918 sinant.
1806 2936 1812 2946 .

1562 2947 1666 3018 Nunc
1699 2953 1743 3017 de
1777 2948 1842 3019 hac
1877 2968 1990 3025 vestra
2027 2955 2140 3043 patria
2167 2955 2358 3024 dicendum
2386 2969 2448 3026 est.

1460 3049 1555 3130 Sunt
1569 3062 1686 3119 autem
1704 3053 1743 3116 in
1759 3052 1942 3135 regionum
1960 3066 1993 3120 et
2011 3055 2168 3141 gentium
2187 3056 2353 3127 laudibus
2370 3079 2449 3145 gra-

1460 3155 1538 3223 dus.
1589 3149 1671 3220 Non
1686 3149 1944 3218 contemnenda
1961 3163 2012 3216 est
2035 3152 2104 3217 loci
2122 3168 2248 3221 natura
2265 3180 2326 3224 seu
2342 3158 2450 3224 uber-

1461 3267 1525 3323 tas.
1576 3247 1642 3318 Est
1664 3250 1758 3316 enim
1782 3245 1850 3315 Dei
1876 3249 2031 3326 donum,
2064 3261 2097 3316 et
2115 3245 2182 3347 hoc
2198 3272 2307 3338 genus
2323 3248 2452 3322 huma-

1461 3373 1550 3417 num
1566 3349 1749 3420 conditum
1765 3360 1836 3433 est,
1861 3360 1901 3418 ut
1916 3348 2037 3417 multis
2051 3349 2158 3420 rebus
2171 3351 2347 3441 indigeat,
2368 3355 2451 3448 quia

1462 3451 1540 3518 vult
1554 3447 1651 3516 Deus
1674 3451 1784 3518 multa
1807 3471 1880 3517 esse
1905 3449 2149 3536 providentiae
2170 3455 2391 3540 testimonia,
2418 3471 2452 3527 et

1460 3548 1608 3615 diversis
1629 3549 1755 3617 officiis
1776 3562 1810 3618 ct
1836 3550 1991 3635 artibus,
2021 3564 2189 3645 tanquam
2214 3555 2368 3628 vinculis
2384 3553 2452 3628 ho·

1458 3646 1599 3717 minum
1619 3650 1820 3721 societatem
1843 3652 2020 3723 astrictam
2046 3677 2129 3724 esse.
2186 3653 2327 3728 Deinde
2343 3685 2451 3730 orna-

1460 3762 1576 3818 menta
1592 3766 1675 3821 sunt
1694 3752 1848 3842 regionis
1864 3755 1990 3838 urbes,
2016 3767 2052 3823 et
2073 3756 2313 3829 aedificiorum
2337 3786 2393 3831 ars
2417 3777 2452 3832 et

1459 3851 1652 3940 elegantia,
1677 3877 1767 3945 quae
1789 3855 1895 3924 etiam
1916 3851 2102 3925 hominum
2120 3859 2281 3948 ingenia,
2308 3878 2343 3934 et
2358 3864 2451 3933 vitae

1459 3955 1752 4024 consuetudinem
1767 3956 1886 4048 aliqua
1903 3982 1943 4026 er
1958 3971 2058 4049 parte
2072 3962 2276 4033 ostendunt.
2327 3963 2450 4035 Tertia

1459 4066 1494 4121 et
1507 4077 1589 4123 vera
1606 4055 1682 4125 laus
1702 4071 1754 4127 est
1770 4058 1827 4147 pia
1845 4054 2084 4129 Ecclesiarum
2109 4064 2334 4151 constitutio,
2359 4067 2451 4138 iusta

1458 4153 1572 4224 sorma
1588 4156 1855 4242 gubernationis
1882 4174 1916 4229 et
1939 4161 2083 4250 politica
2110 4163 2307 4254 disciplina.
2361 4167 2451 4239 Vult

1459 4256 1555 4323 enim
1572 4253 1668 4325 Deus
1677 4254 1890 4341 Ecclesiam,
1917 4261 1974 4328 cui
1991 4261 2030 4328 in
2045 4274 2116 4332 tuta
2131 4269 2338 4339 aeternitate
2352 4293 2452 4338 com-

1459 4356 1654 4426 municabit
1681 4381 1779 4427 suam
1813 4360 2041 4449 sapientiam,
2074 4364 2250 4435 iusticiam
2284 4385 2318 4439 et
2348 4370 2452 4439 laeti-

1459 4458 1570 4548 ciam,
1595 4453 1661 4528 hoc
1675 4462 1782 4530 ruodo
1800 4472 1929 4541 et.non
1948 4464 2052 4532 aliter
2065 4464 2250 4555 colligere,
2275 4468 2452 4543 Videlicet

418 4563 643 4656 Hellesponti
667 4587 786 4633 senem
810 4576 925 4631 vatem
949 4556 1083 4630 Phinea
1107 4562 1330 4631 manifestum
1357 4573 1407 4630 cst
1458 4581 1545 4627 voce
1562 4554 1767 4650 Evangelii,
1794 4586 1861 4654 qua
1876 4564 1955 4634 vult
1977 4560 2166 4634 hominum
2181 4584 2315 4640 mentes
2330 4573 2368 4641 in
2383 4568 2450 4644 hac

418 4690 460 4735 ex
485 4667 713 4756 argonautico
738 4664 912 4748 carmine,
935 4661 999 4754 qui
1020 4663 1154 4734 etiamsi
1173 4663 1328 4732 nonfuit
1344 4686 1406 4753 pa·
1459 4661 1631 4728 imbecilli
1648 4676 1683 4730 et
1697 4664 1839 4733 mortali
1856 4665 1929 4735 vita
1946 4669 1988 4734 ad
2005 4666 2222 4756 agnitionem
2239 4669 2451 4745 Mediatoris

418 4783 473 4837 ter
495 4769 637 4838 illarum
659 4766 838 4858 gentium,
871 4778 989 4835 tamen
1009 4764 1216 4856 sapientiam
1238 4765 1281 4832 de
1301 4764 1408 4833 moti·
1458 4762 1571 4846 flecti,
1597 4777 1630 4833 et
1652 4759 1796 4834 haurire
1817 4766 1919 4836 initia
1936 4769 2029 4840 vitae
2044 4783 2216 4840 aeternae.
2270 4772 2344 4846 Nec
2365 4802 2449 4848 vero

420 4868 489 4934 bus
503 4871 728 4959 coelestibus,
754 4872 798 4939 de
814 4862 970 4960 physicis
989 4868 1102 4936 causis
1115 4865 1351 4936 mutationum
1369 4867 1406 4933 iu
1459 4864 1535 4932 sine
1549 4864 1661 4933 literis
1680 4880 1712 4934 et
1730 4866 1806 4936 sine
1823 4868 2025 4957 linguarum
2044 4883 2079 4941 et
2101 4873 2231 4942 artium
2247 4878 2450 4967 cognitione

423 4969 649 5059 corporibus,
673 4975 717 5040 de
735 4970 901 5040 remediis
916 4969 1141 5052 morborum,
1168 4967 1295 5037 deDeo
1312 4970 1407 5036 etde
1459 4968 1822 5057 propagari'doctrina
1844 4983 1968 5057 potest.
2020 4969 2113 5044 Sunt
2128 4974 2238 5063 igitur
2252 4972 2337 5049 haec
2352 5005 2450 5050 sum·

419 5067 585 5148 iusticia,
615 5091 653 5137 ex
673 5069 862 5142 Phoenicia
892 5094 953 5138 seu
977 5095 1018 5139 ex
1040 5068 1138 5164 Tyro
1163 5084 1197 5139 et
1217 5067 1351 5139 Sidone
1368 5070 1405 5137 in
1458 5092 1515 5135 ma
1534 5092 1639 5157 opera
1654 5068 1692 5135 in
1707 5070 1962 5156 gubernatione
1972 5071 2177 5160 hominum,
2198 5102 2320 5148 vocem
2330 5079 2450 5153 Evan-

419 5171 519 5238 illam
542 5167 652 5237 Asiae
668 5194 759 5241 oram
777 5172 909 5243 intulit.
961 5170 1092 5241 Natum
1117 5171 1210 5239 enim
1228 5191 1301 5238 esse
1317 5165 1406 5240 Phi·
1459 5169 1791 5259 geliiiucorruptam
1809 5196 2016 5263 proponere,
2041 5188 2074 5244 et
2092 5200 2301 5251 conservare
2316 5187 2450 5255 doctri-

418 5296 484 5340 nea
502 5270 540 5338 in
556 5268 658 5362 Tyro
673 5284 730 5338 aut
744 5272 872 5344 Sidone
889 5298 1012 5342 omnes
1027 5274 1222 5355 affirmant,
1246 5286 1279 5340 ct
1296 5271 1408 5365 aliqui
1458 5293 1526 5338 nac
1549 5271 1686 5350 studia,
1719 5274 1762 5340 ad
1787 5267 1855 5344 hoc
1878 5297 2055 5343 summum
2080 5278 2216 5348 bonum
2235 5285 2295 5352 alii
2311 5286 2450 5357 labores

418 5377 561 5443 fratrem
579 5371 689 5440 fuisse
707 5366 837 5459 Cephei
853 5376 1030 5459 scribunt,
1052 5399 1157 5466 aquo
1174 5374 1255 5467 quia
1275 5373 1410 5471 doctri·=
1459 5371 1498 5439 in
1522 5371 1594 5441 vita
1624 5374 1841 5456 referantur,
1873 5389 1906 5445 et
1936 5377 2008 5446 sint
2036 5377 2185 5469 imperia
2214 5386 2358 5475 politica
2382 5389 2470 5459 Dei·

419 5499 500 5544 uam
536 5476 581 5542 de
614 5472 775 5542 motibus
808 5476 1010 5546 coelestibus
1046 5476 1271 5566 propagavit,
1310 5476 1407 5543 sidus
1460 5468 1614 5564 hospitia
1631 5491 1665 5544 et
1679 5477 1774 5545 muri
1790 5474 2043 5550 Ecclesiarum.
2095 5479 2172 5552 Hos
2185 5488 2448 5573 gradus'bono-

420 5577 597 5668 quoddam
613 5575 831 5665 appellatum
848 5587 906 5642 est.
956 5577 1060 5647 Scitis
1077 5592 1191 5646 autem
1214 5578 1408 5647 vetustissi-
1459 5600 1538 5644 rum
1556 5577 1593 5644 iu
1609 5578 1890 5649 consideratione
1908 5582 2094 5670 regionum
2111 5599 2147 5653 et
2168 5590 2325 5675 gentium
2343 5588 2448 5657 intel-

420 5702 512 5746 mam
534 5675 728 5769 sapientiae
753 5674 1029 5768 possessionem,
1057 5678 1212 5762 deDeo,
1238 5683 1282 5748 de
1304 5680 1407 5749 iusti·
1460 5679 1608 5767 ligamus
1625 5693 1657 5750 et
1673 5695 1765 5751 recte
1786 5682 2039 5755 discernamus.
2093 5683 2154 5756 Sic
2171 5689 2267 5756 enim
2292 5689 2362 5756 vita
2382 5682 2448 5759 hu-

421 5780 495 5864 cia,
528 5782 570 5848 de
591 5779 748 5850 motibus
771 5777 1001 5858 coelestibus,
1029 5796 1062 5852 et
1082 5784 1267 5854 denatura
1288 5805 1407 5852 rerum
1459 5781 1596 5851 minum
1619 5807 1637 5852 a
1656 5781 1729 5854 Deo
1752 5784 1914 5854 ordinata
1940 5798 2010 5869 est,
2036 5800 2076 5855 ut
2100 5787 2308 5868 nutricatis,
2344 5815 2449 5863 oeco-

1777 5879 1832 5954 81
