6025 6775
572 717 598 792 a
1104 703 1263 786 osca
1301 702 1378 784 ou
1407 705 1719 789 canuntur
1749 708 2052 796 oscarum.
2270 659 2274 666 ’
2568 732 2592 803 a

572 886 670 960 Haec
691 871 775 957 sunt
802 884 915 975 capita
944 881 1179 953 atrocissimae
1208 878 1488 965 criminationis,
1519 882 1558 948 in
1606 885 1817 955 nominatim
1841 889 2055 978 praecipitur
2076 889 2277 982 inquisitio,
2308 919 2354 963 an
2378 895 2428 981 is,
2460 900 2522 991 qui
2545 904 2591 968 ad

576 1014 646 1084 qua
670 1012 744 1057 non
772 1002 812 1056 ut
834 986 986 1054 Pericles
1018 993 1116 1051 tonat
1140 995 1182 1070 ,et
1210 980 1394 1065 fulminat,
1425 984 1484 1051 sed
1520 996 1558 1051 ut
1607 985 1849 1055 Ministerium
1876 1002 2019 1058 vocatus
2047 1004 2118 1074 est,
2151 986 2335 1080 probibeat
2348 996 2516 1087 Nuptias,
2544 1024 2591 1069 an

575 1089 687 1161 Cleon
707 1101 768 1158 aut
781 1085 1030 1181 Hyperbolus,
1054 1095 1258 1169 arroganter
1280 1094 1314 1149 et
1328 1077 1560 1174 [impudenter
1608 1086 1785 1175 improbet
1821 1090 2013 1158 secundum
2051 1090 2254 1179 coniugium
2287 1096 2407 1184 priore
2440 1101 2591 1189 coniuge

577 1189 734 1259 convicia
768 1203 802 1257 et
834 1183 1024 1255 calumnias
1058 1196 1252 1280 coacervat..
1289 1179 1493 1275 &leniatur
1523 1204 1560 1249 se
1608 1202 1765 1270 mortua,
1796 1201 1829 1256 et
1854 1211 1952 1256 esum
1976 1191 2146 1259 carnium.
2197 1190 2255 1259 An
2279 1210 2357 1283 post
2376 1197 2513 1287 lapsum
2536 1224 2592 1268 re-

576 1292 773 1359 libertatem
790 1286 991 1365 retinuisse,
1016 1306 1079 1349 nec
1098 1281 1280 1380 admisisse
1299 1276 1386 1354 haee
1404 1283 1558 1352 vincula.
1608 1289 1756 1355 deuntes
1776 1289 1821 1354 ad
1843 1290 2094 1378 poenitentiam
2116 1292 2271 1382 recipiat.
2338 1292 2396 1363 An
2422 1300 2594 1385 originale

577 1389 628 1458 lli
652 1391 817 1457 clamores
844 1386 882 1452 in
912 1395 1008 1452 tanta
1032 1372 1425 1483 liceuth'·.bl·dvupxio
1454 1378 1561 1451 buius
1608 1387 1739 1456 malum
1767 1387 1897 1460 iudicet
1920 1413 1993 1458 esse
2021 1405 2210 1481 peccatum.
2263 1390 2321 1462 An
2342 1396 2408 1464 ulli
2431 1390 2594 1467 homines

579 1491 744 1579 temporis
759 1484 961 1575 plausibiles
977 1477 1333 1586 οιαοιζζοῂιιάἰηιιὴοε,
1359 1484 1420 1575 qui
1442 1482 1561 1550 inlini·
1610 1500 1704 1555 extra
1727 1482 1920 1555 Ecclesiam
1941 1491 2012 1561 sint
2027 1485 2191 1561 haeredes
2208 1494 2300 1562 vitae
2315 1508 2486 1567 aeternae.
2538 1496 2594 1568 De

579 1604 650 1659 tam
668 1587 850 1655 licentiam
866 1584 932 1675 sibi
955 1576 1099 1664 ssumnirt
1123 1581 1277 1669 fingendi
1297 1582 1501 1672 opiniones,
1528 1596 1563 1650 et
1609 1600 1680 1655 tam
1695 1588 1816 1655 multis
1834 1590 1939 1656 rebus
1958 1614 2138 1680 expressae
2152 1595 2421 1664 asseverationes
2439 1601 2595 1687 postula·

581 1683 780 1781 Pyrrhonio
801 1668 1156 1767 more-,labefactandi
1174 1684 1294 1751 omnia
1310 1698 1402 1753 recte
1422 1683 1561 1753 tradita.
1609 1701 1664 1756 tae
1678 1706 1771 1759 sunt.
1822 1685 1870 1757 Et
1883 1687 2039 1760 Graecus
2054 1689 2178 1760 Canon
2197 1717 2280 1763 usus
2302 1712 2352 1764 est
2369 1701 2476 1765 verbo
2503 1694 2595 1770 ἀγα.

580 1788 649 1858 Sed
673 1788 722 1877 pii
738 1772 984 1883 cthalel'de‘tltes
1013 1806 1085 1849 non
1112 1783 1187 1850 sine
1210 1807 1337 1871 magno
1357 1786 1481 1852 dolore
1507 1784 1561 1851 vi·
1609 1784 1885 1878 κρινέσθωσαν,
1925 1794 2020 1883 quod
2052 1792 2223 1881 significat
2255 1819 2412 1865 severam
2444 1798 2595 1890 inquisi-

490 1905 496 1912 ·
581 1875 799 1979 dept,'‚·q1ifd·
810 1873 975 1954 moliatur
991 1877 1075 1949 baec
1088 1882 1218 1950 furiosa
1237 1879 1483 1973 reprehensio,
1507 1886 1561 1950 vi·
1610 1887 1755 1957 tionem.

559 1971 798 2075 -1lelicel‘,'ut
825 2009 868 2050 ne
893 1986 1149 2051 admoneantur
1171 1985 1312 2073 quidem
1342 1984 1500 2052 iuniores
1529 1998 1563 2052 et
1711 1985 1807 2055 llaec
1828 1989 2010 2077 diligentia
2037 2006 2071 2061 et
2094 2005 2176 2060 tunc
2196 1989 2373 2065 Ecclesiae
2401 1999 2595 2068 necessarie

581 2073 735 2156 saniores
757 2088 800 2151 de
821 2083 1001 2153 modestia.
1052 2081 1142 2151 Nam
1165 2079 1327 2153 homines
1350 2085 1434 2167 feri,
1460 2097 1562 2175 petu-
1611 2088 1697 2171 fuit,
1726 2100 1759 2155 et
1780 2111 1916 2178 semper
1939 2093 2129 2160 necessaria
2153 2108 2221 2176 est,
2252 2119 2327 2163 non
2352 2110 2402 2165 est
2425 2100 2596 2189 tyrannis,

579 2190 709 2266 lantes,
734 2184 846 2253 inflati
864 2183 1096 2264 admiratione
1118 2185 1190 2264 sui,
1216 2179 1279 2254 καὶ
1298 2182 1562 2277 τετυφωμένοι,
1611 2213 1812 2279 quanquam
1838 2191 1966 2258 deinde
1995 2194 2128 2284 aliquot
2162 2197 2309 2263 saeculis
2330 2194 2485 2267 Romani
2505 2195 2595 2288 Epi·

580 2313 645 2359 nec
666 2282 722 2354 bis
743 2284 1054 2376 promissionibus,
1081 2308 1145 2353 uec
1167 2284 1246 2354 aliis
1267 2285 1417 2355 vinculis
1439 2280 1564 2354 coher—
1610 2289 1707 2379 scopi
1730 2302 1764 2357 ct
1785 2290 1847 2356 alii
1862 2291 2075 2362 addiderunt
2097 2294 2226 2363 iniusta
2243 2320 2348 2364 onera
2365 2310 2399 2367 et
2414 2312 2595 2387 corrupte-

582 2389 651 2458 ceri
669 2402 826 2479 possunt.
1032 2399 1034 2404 '
1611 2390 1672 2458 las.
1722 2387 1791 2459 Sed
1810 2414 1872 2459 nos
1889 2392 2033 2484 abiectis
2049 2394 2166 2482 impiis
2179 2397 2357 2480 oneribus,
2382 2411 2516 2465 tantum
2533 2422 2594 2487 pe-

681 2488 839 2558 Primum
857 2502 972 2558 autem
989 2492 1033 2560 de
1055 2492 1236 2561 autoribus
1259 2507 1396 2561 nostrae
1417 2514 1564 2560 consue·
1611 2492 1717 2562 timus
1736 2516 1837 2559 verae
1849 2492 2031 2562 doctrinae
2046 2495 2363 2576 adseverationem,
2390 2498 2479 2568 sicut
2491 2513 2594 2576 yetus

580 2590 715 2663 tudinis
741 2605 774 2658 et
801 2592 843 2657 de
860 2615 981 2659 eorum
1007 2593 1153 2661 consilio
1169 2594 1292 2666 dicam.
1343 2591 1425 2660 Non
1443 2614 1564 2660 recens
1611 2590 1766 2663 Ecclesia
1789 2594 1930 2682 petivit,
1956 2595 2184 2663 necessariam
2208 2599 2251 2663 ad
2270 2620 2384 2662 veram
2401 2595 2467 2664 Dei
2492 2596 2593 2685 agni-

582 2717 602 2763 a
618 2692 723 2759 nobis
737 2692 928 2778 excogitata
944 2704 994 2761 est
1008 2688 1091 2761 baec
1106 2694 1301 2781 promissio,
1327 2695 1387 2761 sed
1402 2693 1563 2762 instituta
1611 2694 1743 2764 tion'em
1760 2705 1794 2762 et
1809 2694 2087 2780 invocationem,
2113 2698 2155 2764 ad
2171 2693 2346 2764 Ecclesiae
2360 2697 2596 2781 concordiam,

582 2794 627 2862 ab
651 2787 717 2860 boc
739 2792 884 2880 collegio
906 2806 988 2861 aute
1007 2816 1119 2861 annos
1135 2795 1206 2861 fere
1224 2793 1366 2882 viginti,
1391 2792 1563 2876 videlicet,
1612 2796 1654 2862 ad
1684 2796 1890 2863 frenandam
1921 2798 2102 2865 audaciam
2129 2796 2283 2885 fingendi
2302 2820 2391 2864 nova
2413 2799 2594 2884 dogmata:

580 2888 792 2975 aLutliero,
818 2892 923 2973 lona,
954 2908 989 2963 et
1012 2907 1148 2981 pastore
1172 2889 1277 2961 bilius
1297 2890 1473 2962 Ecclesiae
1491 2892 1562 2962 Do·
1612 2889 1676 2962 bac
1697 2894 1770 2983 ipsa
1795 2897 2056 2966 adseveratione
2079 2896 2185 2965 etiam
2209 2910 2351 2987 propter
2375 2892 2595 2966 Osiandcom

580 3007 676 3063 ctore
694 2990 902 3062 Pomerano.
953 2991 1029 3062 Hos
1051 2994 1293 3082 integerrimos
1319 2994 1413 3062 vicos
1437 3014 1562 3080 magna
1611 3019 1700 3085 opus
1716 2996 1801 3078 fuit,
1830 2996 1893 3086 qni
1907 2996 2092 3089 aliquoties
2109 3011 2322 3064 monstrosas
2335 2998 2520 3087 opiniones
2535 3021 2595 3086 ge-

580 3093 711 3162 iniuria
734 3094 850 3161 adlicit
871 3089 1067 3175 Osiamler,
1100 3118 1178 3161 cum
1206 3094 1289 3161 serit
1318 3094 1563 3186 suspicionem,
1613 3096 1709 3178 nuit,
1733 3119 1822 3185 qnae
1839 3109 1956 3163 tamen
1973 3095 2142 3185 sapientia
2158 3109 2191 3165 et
2212 3096 2339 3185 pietate
2355 3096 2504 3167 Senatus
2521 3097 2595 3166 No-

580 3195 674 3285 quod
692 3193 870 3261 voluerint
893 3193 1114 3284 tyrannidem
1138 3193 1367 3273 constituere,
1393 3219 1473 3262 cum
1497 3190 1563 3262 bo-
1612 3196 1833 3283 sibergensis,
1855 3221 1934 3264 cum
1951 3220 1970 3264 a
1987 3196 2133 3285 collegio
2149 3211 2268 3265 nostro
2284 3198 2457 3266 indicatae
2471 3211 2597 3280 essent,

579 3292 775 3362 nestissima
792 3315 891 3359 causa
909 3293 1047 3360 consilii
1066 3294 1103 3359 in
1120 3307 1306 3382 conspectu
1322 3295 1378 3366 sit.
1418 3292 1465 3363 Et
1480 3308 1563 3364 tunc
1612 3319 1786 3388 repressae
1807 3312 1898 3365 sunt.
1960 3295 2062 3367 Unde
2084 3311 2118 3366 et
2144 3293 2205 3365 has
2226 3298 2298 3365 odii
2321 3297 2479 3367 llanrmas
2503 3312 2597 3372 ortas

581 3396 798 3482 vagabantur
820 3392 924 3461 inulti
951 3392 1094 3461 fanatici
1117 3389 1298 3476 homines,
1328 3396 1388 3484 qui
1413 3398 1563 3463 subinde
1613 3422 1685 3464 esse
1702 3398 1951 3469 existimamus.
2003 3399 2071 3470 Sed
2094 3393 2179 3466 baec
2195 3400 2331 3466 omitto.

580 3519 673 3565 nova
688 3493 916 3561 deliramenta
933 3493 1158 3583 spargebant,
1177 3491 1453 3589 ‘Anabaptistam
1479 3492 1562 3561 ser·
1714 3493 1810 3578 Quid
1835 3500 2018 3571 estautem
2043 3500 2138 3564 aliud
2163 3494 2246 3565 haec
2263 3509 2381 3564 nostra
2398 3495 2596 3584 promissio,

578 3610 696 3674 vetus,
720 3591 937 3682 Campanus,
963 3593 1223 3663 Stenckleldius
1246 3593 1374 3664 etalii.
1425 3590 1473 3661 Et
1489 3617 1563 3659 non
1612 3593 1679 3660 nisi
1704 3591 1932 3659 confessionis
1961 3595 2141 3680 repetitio,
2172 3619 2276 3683 quam
2307 3610 2423 3661 extare
2445 3608 2596 3682 oportet,

580 3700 708 3766 desunt
725 3695 808 3764 tales
825 3692 935 3762 suriae
950 3695 1024 3764 ullo
1039 3702 1205 3784 tempore.
1258 3694 1440 3782 Quantum
1455 3693 1564 3779 igitur
1612 3708 1651 3764 ut
1682 3717 1762 3761 vera
1789 3687 1944 3761 Ecclesia
1980 3694 2024 3761 ab
2059 3692 2138 3761 aliis
2168 3693 2329 3778 gentibus
2366 3692 2597 3766 discernatur.

580 3794 933 3882 humana‘diligentia
956 3820 1076 3864 cavere
1095 3797 1225 3885 potuit,
1253 3795 1363 3864 voluit
1380 3791 1435 3864 liic
1451 3794 1562 3864 Sena·
1612 3793 1775 3886 Denique
1801 3816 1875 3861 non
1900 3793 2018 3863 differt
2042 3789 2099 3861 liic
2121 3793 2209 3859 ritus
2225 3793 2269 3859 ab
2285 3793 2443 3881 exemplo
2463 3790 2597 3878 losuae,

581 3913 637 3970 tus
654 3899 746 3966 bona
770 3895 909 3982 ingenia
933 3898 976 3963 de
995 3897 1163 3965 modestia
1188 3899 1504 3973 cocrrmouefacece,
1529 3906 1563 3962 et
1613 3898 1674 3990 qui
1693 3895 1828 3964 vocavit
1843 3896 2012 3985 populum
2031 3895 2066 3961 iu
2082 3888 2244 3972 sichem,
2281 3905 2313 3960 et
2330 3892 2596 3981 promissionem

580 4013 688 4068 metas
703 3998 906 4079 ostendere,
932 4012 1025 4065 extra
1043 4022 1129 4089 quas
1143 4022 1217 4065 uon
1231 4011 1358 4065 temere
1374 4020 1563 4085 erumpen-
1614 3997 1822 4090 postulavit,
1852 4011 1890 4064 ut
1916 4020 2037 4064 verum
2059 3993 2174 4064 Deum
2198 4006 2425 4080 agnoscerent
2450 4007 2484 4063 et
2505 4007 2598 4061 recte

580 4103 665 4169 dum
683 4113 785 4181 esset,
811 4096 923 4168 voluit
936 4112 971 4169 et
983 4100 1132 4181 frenare,
1155 4111 1326 4189 quantum
1345 4112 1471 4190 posset,
1496 4098 1563 4164 mi-
1613 4101 1778 4170 colerent.

581 4224 648 4271 nus
662 4199 808 4292 quietos.
859 4196 927 4267 Hic
945 4222 1020 4269 mos
1033 4200 1101 4269 fuit
1117 4213 1151 4268 et
1165 4196 1340 4269 Ecclesiae
1355 4200 1498 4284 veteris,
1525 4199 1563 4266 in
1715 4199 1796 4266 Non
1817 4198 1971 4264 adferam
1998 4191 2066 4263 lmc
2088 4194 2235 4263 aliarum
2260 4194 2463 4284 politiarum
2480 4218 2597 4263 exem-

581 4325 649 4396 qua
665 4302 825 4370 noudum
841 4301 979 4394 tyranni
993 4301 1279 4380 dominabantur,
1305 4315 1338 4369 et
1353 4298 1468 4371 adbuc
1482 4302 1564 4368 fon·
1616 4303 1686 4392 ple,
1711 4299 1774 4366 etsi
1793 4310 1914 4364 notum
1931 4311 2000 4378 cst,
2027 4296 2177 4363 inomni
2195 4292 2338 4363 honesta
2355 4298 2516 4365 societate
2530 4295 2597 4363 ali-

579 4418 630 4473 tes
645 4403 825 4474 doctrinae
839 4403 917 4493 puri
933 4417 1044 4476 erant.
1095 4401 1285 4472 Petebatur
1299 4402 1508 4490 subscriptio
1525 4401 1562 4466 in
1614 4425 1681 4492 qna
1708 4420 1780 4465 esse
1803 4397 1962 4481 foedera,
1987 4397 2116 4488 quibus
2137 4400 2180 4464 ad
2206 4413 2379 4465 certorum
2401 4397 2597 4463 officiorum

580 4503 733 4597 Synodis
766 4506 842 4593 piis.
901 4504 941 4573 lu
966 4503 1095 4572 Nicena
1120 4500 1265 4592 Synodo
1297 4526 1370 4570 nou
1397 4499 1563 4589 Episcopi
1614 4499 1971 4569 connr'runicationem¹
1986 4494 2148 4566 homines
2165 4494 2309 4582 obligati
2328 4495 2597 4582 snsit,utapud

578 4617 735 4685 tantum,
767 4607 828 4670 sed
852 4605 954 4672 etiam
976 4601 1229 4673 Constantinus
1261 4602 1470 4691 imperator,
1501 4622 1563 4668 sua
1614 4594 1886 4687 Xenophontem
1902 4599 2048 4668 dicitur:
2071 4603 2264 4687 πανταχοῦ
2280 4598 2319 4667 ἐν
2333 4599 2380 4686 τῇ
2395 4588 2518 4664 ἑλλάδι
2533 4586 2598 4663 νό-

580 4728 689 4772 manu
703 4704 848 4771 decretis
863 4704 937 4770 eius
953 4703 1086 4795 Synodi
1102 4702 1319 4788 subscripsit.
1612 4725 1682 4790 ,uos
1708 4702 1842 4783 κεῖται,
1876 4695 1964 4779 τούς
1996 4694 2147 4776 πολίτας
2177 4693 2337 4787 ὀμνύναι
2367 4689 2598 4785 ὁμονοήσειν.

682 4801 752 4870 Nec
767 4803 810 4869 ad
831 4803 1066 4872 ministerium
1084 4797 1270 4887 Evangelii
1287 4799 1564 4869 admittebantur
1603 4801 1709 4891 ‘Hasce
1734 4802 1886 4891 primurn
1903 4801 1974 4868 dixi
1989 4803 2032 4868 de
2055 4799 2238 4867 autoribus
2255 4809 2393 4863 nostrae
2410 4809 2599 4863 consuetu-

581 4903 659 4988 ulli,
681 4903 748 4971 uisi
763 4904 1026 4992 praecessissent
1041 4896 1253 4991 δοκιμασία,
1277 4925 1337 4968 seu
1350 4924 1505 4982 exanren,
1532 4913 1566 4968 et
1614 4903 1729 4985 dinis,
1757 4903 1854 4971 etde
1881 4925 2001 4970 eorum
2022 4900 2191 4979 consilio,
2217 4921 2313 4965 riurrc
2330 4898 2444 4965 videte
2460 4897 2598 4984 singula

580 5026 738 5095 expressa
755 5002 934 5094 professio,
961 5003 1081 5094 inqua
1098 5003 1210 5071 vocati
1228 5005 1272 5071 ad
1288 5003 1486 5069 docendum
1500 5003 1564 5068 ad·
1613 5003 1736 5092 capita.
1797 4999 2052 5071 Rabiosissime
2074 4999 2239 5085 exagitat,
2272 4999 2368 5088 quod
2390 4998 2427 5063 in
2453 5011 2597 5066 contro-

580 5107 768 5175 firmabant
789 5129 825 5173 se
847 5103 1010 5195 amplecti
1032 5107 1272 5193 incorruptam
1291 5100 1476 5190 Evangelii
1499 5106 1564 5169 do·
1615 5103 1736 5170 versiis
1756 5102 2016 5170 difficilioribus
2037 5100 2215 5178 iubemus,
2241 5112 2280 5165 ut
2301 5098 2495 5165 ‹leliberent
2516 5115 2595 5160 cum

580 5207 748 5287 ctrinam,
781 5218 816 5274 et
837 5206 1088 5293 promittebant
1108 5228 1143 5272 se
1170 5229 1244 5271 eam
1271 5229 1342 5271 narn
1368 5204 1564 5271 abiectnros
1613 5205 1810 5273 senioribus
1832 5201 1871 5268 in
1893 5198 1957 5269 bae
1982 5198 2172 5267 Academia
2204 5211 2238 5267 et
2258 5198 2452 5266 coniunctis
2472 5189 2595 5258 Eccle-
2650 5192 2653 5199 '

580 5329 663 5379 esse.
702 5302 833 5374 Extant
849 5301 964 5375 adhuc
980 5307 1091 5396 capita
1108 5304 1277 5372 examinis
1293 5304 1330 5372 in
1349 5302 1508 5394 Decretis
1524 5327 1562 5368 ex
1612 5305 1684 5376 siis.
1735 5301 1804 5370 llic
1828 5314 1966 5370 tantum
1989 5300 2253 5368 deliberationis
2277 5299 2488 5367 mentionem
2506 5290 2595 5357 faci·

577 5403 776 5507 Augustino
794 5408 978 5497 descripta,
996 5410 1076 5476 dist.
1091 5405 1254 5474 vicesima
1270 5407 1383 5484 tertia,
1407 5407 1468 5474 ubi
1487 5416 1564 5494 post
1613 5429 1709 5483 mus,
1738 5426 1817 5482 cion,
1837 5403 2070 5492 praecipimus
2096 5413 2135 5468 ut
2160 5401 2343 5490 quisquam
2370 5390 2596 5472 adsentiatur,

578 5508 945 5577 commemorationem
986 5505 1149 5602 Symboli
1191 5507 1321 5596 petitur
1360 5507 1464 5577 etiam
1503 5528 1562 5571 ex·
1613 5504 1815 5595 praesertim
1833 5503 1860 5570 si
1877 5501 2106 5570 dissentiendi
2125 5524 2262 5568 causam
2282 5494 2395 5564 babet·
2465 5589 2513 5606 ..

577 5633 691 5696 pressa
708 5611 955 5679 condemnatio
972 5633 1144 5689 errorum,
1170 5607 1231 5698 qui
1248 5631 1289 5676 eo
1305 5621 1460 5697 tempore
1475 5629 1494 5673 a
1511 5605 1563 5672 fa·
1712 5604 1900 5696 Utrunque
1920 5601 2252 5692 periculosissimum
2265 5611 2336 5676 est,
2363 5604 2597 5683 praecipitan-

575 5711 701 5779 naticis
727 5704 949 5794 honiinibus,
981 5705 1221 5788 Manichaeis,
1249 5705 1409 5787 Arianis,
1443 5706 1562 5775 Nova·
1612 5718 1664 5773 ter
1690 5706 1865 5783 iudicare,
1898 5717 1931 5772 et
1952 5695 2230 5794 ἰδιοβουλεύειν.
2281 5694 2372 5764 Nota
2395 5702 2479 5762 sunt
2500 5692 2599 5760 enim

573 5811 680 5880 tianis
706 5825 740 5882 et
766 5809 963 5901 Pelagianis
989 5813 1117 5905 passim
1144 5809 1498 5896 circumferebantur,
1523 5829 1562 5874 ac
1594 5806 1722 5898 dicta:
1748 5805 1805 5877 Ad
1822 5805 2076 5899 poenitendum
2091 5810 2265 5892 properat,
2289 5796 2360 5866 cito
2376 5794 2438 5887 qui
2453 5792 2598 5868 iudicat.
