6025 6775
1060 638 1210 710 881
2160 632 2171 639 ’
2430 631 2491 707 Ῑ.
2594 615 3717 705 CHRONICON'CARIONIS.
4934 636 5085 710 882
5187 741 5196 750 ἱ

1060 805 1596 899 Aemylianum,
1660 804 1825 896 quia
1887 824 2045 873 cum
2104 802 2183 869 in
2234 800 2564 870 secundis
2617 801 2866 882 rebus,
2932 800 3008 866 in
3057 816 3065 849 ¹
3110 798 3423 890 potentia
3484 810 3654 868 tunc
3718 798 4052 884 florebat,
4119 816 4187 872 et
4242 798 4496 873 horum
4558 798 4867 879 hostium
4926 829 5073 874 non

932 911 961 948 ⁸·
1056 921 1343 995 magna·
1387 904 1612 992 gloria
1665 917 1730 973 et
1785 902 1991 972 rebus
2043 901 2279 989 gestis,
2354 925 2532 993 quae
2588 902 3008 993 profuerunt
3110 922 3400 989 magnae
3430 899 3613 969 vires
3640 913 3862 969 erant.
3940 899 4110 970 Ideo
4137 900 4518 973 Pausanias
4550 905 4816 999 inquit:
4872 906 5069 1000 θρα-

1056 1006 1360 1094 patriae‚
1414 1004 1575 1074 iusti
1619 1016 1688 1073 et
1730 1001 2028 1080 modesti
2060 1001 2362 1087 fuerint,
2413 1002 2728 1092 exempla
2760 1024 3002 1070 eorum
3109 993 3332 1093 σύτης
3373 996 3559 1090 μετὰ
3604 994 3999 1080 ἀσθενείας
4035 996 4274 1091 μανία
4316 997 4505 1085 ἐστὶ,
4578 1008 4700 1097 qui
4744 1019 4813 1075 et
4855 1006 5065 1074 finem

1057 1120 1223 1175 nota
1260 1127 1404 1172 esse
1435 1104 1758 1171 omnibus
1786 1101 1960 1170 utile
1991 1114 2119 1176 est.
3104 1096 3398 1169 Achaici
3438 1100 3611 1169 belli
3656 1100 3872 1170 fuisse
3900 1101 4184 1185 scribit,
4234 1097 4661 1194 Olympiade
4689 1107 5063 1176 centesima

1255 1202 1484 1274 Carbo
1531 1214 1766 1291 postea
1813 1202 1950 1270 sibi
1990 1195 2690 1288 mortemfconscivit.
2789 1198 3000 1272 Caius
3103 1214 3171 1272 et
3200 1200 3654 1289 sexagesima,
3706 1199 4145 1294 maximeque
4172 1214 4339 1271 tunc
4366 1202 4465 1271 ait
4493 1203 4890 1273 debilitatas
4914 1228 5064 1275 esse

1056 1298 1412 1373 Gracchus
1469 1313 1535 1368 et
1590 1300 1919 1384 Fulvius,
1984 1324 2144 1373 cum
2196 1300 2522 1371 seditiose
2562 1301 2996 1371 Aventinum
3103 1299 3443 1369 Graeciae
3497 1302 3706 1374 vires.
3820 1300 3967 1371 Nec
4027 1315 4261 1372 tamen
4305 1302 4661 1395 quiescere
4705 1300 4783 1370 in
4828 1325 4909 1373 ea
4952 1307 5059 1375 sa.-

1049 1416 1355 1472 montem
1403 1423 1559 1468 cum
1595 1413 1857 1468 armata
1891 1399 2345 1470 multitudine
2374 1414 2864 1492 occupassent,
2904 1403 2996 1470 ab
3098 1401 3301 1473 ctiosi
3331 1402 3517 1472 cives
3546 1414 3957 1493 potuerunt.

1047 1498 1337 1591 Opimio
1368 1496 1679 1569 Consule
1724 1499 2073 1569 interfecti
2105 1512 2305 1583 sunt,
2353 1515 2420 1571 et
2454 1499 2796 1571 trucidata
2830 1517 2996 1573 sunt

1043 1602 1118 1668 in
1153 1624 1234 1670 eo
1270 1599 1535 1689 praelio
1569 1601 1842 1668 urbano
1881 1597 2010 1669 tria
2042 1600 2264 1667 millia
2297 1594 2692 1675 hominum.

1241 1697 1398 1769 Caii
1431 1695 1737 1767 Gracchi
1779 1700 2179 1791 eloquentia
2226 1699 2324 1768 sic
2360 1702 2695 1771 laudatur
2720 1725 2760 1771 a
2791 1700 2996 1772 Cice-

1040 1824 1246 1871 rone:
1302 1797 1618 1868 Grandis
1660 1801 2071 1892 est,verbis,
2123 1800 2398 1888 sapiens
2426 1802 2825 1887 sententiis,
2873 1824 2992 1891 ge·-

1038 1924 1207 1970 nere
1269 1913 1415 1968 toto
1470 1898 1736 1987 gravis,
1800 1921 2050 1968 manus
2115 1913 2422 1970 extrema
2475 1924 2624 1968 non
2684 1904 2992 1973 accessit.

1035 2000 1406 2088 Legendus
1432 2012 1534 2068 est
1564 1994 1680 2066 hic
1704 2010 1959 2072 orator.
2058 1996 2222 2067 Non
2249 1999 2440 2069 enim
2462 2001 2692 2070 solum
2723 2025 2992 2087 acuere,

1034 2103 1159 2168 sed
1187 2100 1394 2169 etiam
1422 2098 1608 2167 alere
1636 2097 1998 2187 ingenium
2030 2111 2289 2186 potest,
2337 2113 2467 2171 etc.
2572 2100 2782 2192 Apud
2813 2100 2988 2172 Gel-

1034 2201 1212 2268 lium
1259 2200 1443 2267 libro
1485 2199 1599 2270 11.
1655 2221 1806 2287 cap.
1841 2198 1957 2268 10.
2009 2192 2180 2266 haec
2227 2200 2377 2267 eius
2425 2201 2636 2270 verba
2683 2202 2988 2273 recitan-

1030 2313 1175 2370 tur:
1229 2294 1500 2366 Omnes
1540 2320 1673 2366 nos
1716 2298 1839 2389 qni
1878 2297 2088 2366 verba
2121 2297 2457 2379 facimus,
2507 2301 2775 2391 aliquid
2808 2303 2984 2393 peti-

1029 2420 1186 2468 mus
1205 2450 1228 2482 ,
1276 2421 1501 2489 neque
1525 2397 1745 2465 ullius
1773 2397 1872 2465 rei
1907 2419 2111 2466 causa
2144 2398 2513 2490 quisquam
2545 2403 2632 2470 ad
2663 2425 2787 2471 vos
2817 2426 2984 2493 pro-

1031 2500 1174 2580 dit,
1225 2497 1360 2565 nisi
1399 2509 1484 2565 ut
1523 2496 1794 2588 aliquid
1841 2496 2131 2566 auferat.
2230 2495 2383 2588 Ego
2416 2500 2564 2590 ipse
2592 2525 2741 2571 non
2767 2503 2984 2592 gratis

1021 2597 1314 2688 prodeo.
1413 2593 1684 2664 Verum
1721 2607 1882 2686 peto
1914 2618 1955 2665 a
1988 2596 2192 2666 vobis
2223 2621 2368 2669 non
2405 2603 2810 2689 pecuniam,
2859 2607 2980 2674 sed

1020 2697 1281 2767 bonam
1314 2694 1921 2766 existimationem.
2024 2694 2172 2784 Qui
2201 2700 2980 2788 prodeuntdissuasuri,

1020 2821 1112 2866 ne
1157 2792 1342 2865 hanc
1374 2795 1595 2883 legem
1625 2794 2015 2886 accipiatis,
2060 2799 2428 2888 pecuniam
2461 2814 2730 2892 petunt.
2832 2801 2975 2891 Qui

1018 2909 1256 2967 autem
1302 2919 1385 2963 ex
1427 2896 1673 2964 eodem
1715 2895 1871 2965 loco
1911 2909 2119 2988 atque
2151 2898 2401 2968 ordine
2433 2911 2702 2983 tacent,
2754 2900 2835 2973 hi
2867 2904 2975 2972 vel

1017 2994 1340 3066 acerrimi
1397 3007 1604 3075 sunt,
1669 3018 1836 3063 nam
1895 2996 1986 3065 ab
2041 2998 2373 3069 omnibus
2424 3001 2743 3095 precium
2795 3004 2975 3074 acci-

1018 3096 1261 3189 piunt,
1304 3106 1374 3165 et
1401 3116 1649 3165 omnes
1678 3095 1958 3165 fallunt.
3281 3096 3627 3170 Successit
3678 3090 3962 3167 Aristio
4034 3109 4418 3192 tyrannus,
4502 3098 4806 3168 sentiens
4879 3123 5042 3169 cum

3080 3194 3540 3284 Mithridate,
3591 3199 3935 3269 conflatus
3977 3212 4060 3269 ut
4092 3194 4347 3267 Graeci
4389 3198 4745 3280 scribunt,
4796 3221 4879 3268 ex
4915 3223 5043 3289 pe-

1540 3349 1615 3419 D
1633 3368 1676 3420 e
1727 3344 1769 3420 b
1786 3348 1968 3420 eno
2019 3349 2087 3419 Α
2101 3370 2140 3421 c
2154 3346 2459 3425 hoico·
2796 3309 2800 3313 ’
3080 3299 3377 3371 tulantia
3409 3312 3479 3370 et
3505 3298 3937 3418 crudelitate.
4030 3295 4173 3367 Hic
4202 3291 4569 3389 prohibuit
4600 3320 4689 3366 ne
4719 3290 5041 3369 Athenae

3075 3400 3407 3474 Romano
3461 3400 3628 3470 ducx
3678 3398 3913 3493 Syllae
3966 3420 4039 3468 se
4096 3399 4455 3484 dederent,
4556 3396 4795 3487 Quare
4839 3398 5041 3494 Sylla

1215 3498 1444 3589 Supra
1490 3499 1755 3570 dictum
1803 3513 1945 3585 est,
1994 3523 2164 3592 pace
2207 3503 2387 3573 facta
2435 3525 2595 3572 cum
2636 3499 2972 3595 Philippo
3074 3502 3326 3572 urbem
3371 3513 3557 3572 terra
3602 3499 3927 3593 marique
3971 3498 4512 3578 circumsidens,
4564 3500 4849 3569 tandem
4882 3523 5039 3568 eam

1015 3618 1175 3685 rege
1229 3595 1743 3685 Macedonum,
1799 3598 2166 3672 Romanos
2217 3599 2595 3687 Graeciae,
2661 3600 2824 3695 quia
2882 3606 2974 3675 ab
3020 3569 3029 3638 μ
3075 3602 3148 3673 vi
3199 3600 3463 3693 coepit,
3532 3614 3599 3672 et
3658 3622 3985 3691 magnam
4047 3598 4309 3669 civium
4366 3598 4896 3668 multitudinem
4959 3601 5038 3668 in

1013 3718 1093 3764 ea
1137 3696 1492 3765 doctrinas
1532 3714 1598 3769 et
1641 3701 1827 3790 leges
1871 3715 2316 3792 acceperant,
2365 3725 2607 3791 pacem
2657 3715 2724 3772 et
2753 3704 2973 3774 liber·
3073 3703 3251 3772 urbe
3317 3699 3717 3772 trucidavit.
3867 3699 4088 3770 Multi
4148 3711 4356 3768 antea
4414 3698 4598 3767 fame
4658 3699 5039 3789 perierant.

1012 3807 1234 3866 tatem·
1260 3796 1644 3867 restituisse
1664 3852 1685 3881 ,
1730 3815 1798 3870 et
1829 3803 2186 3871 decretum
2216 3800 2305 3876 T.
2323 3800 2659 3871 Flaminii
2690 3805 2971 3893 publice
3073 3800 3483 3874 Medimnus
3506 3800 3698 3872 enim
3723 3798 4058 3870 frumenti
4086 3798 4526 3868 vendebatur
4551 3797 4748 3867 mille
4779 3795 5037 3868 drach-

1003 3895 1376 3967 recitatum
1451 3911 1552 3968 est
1618 3898 1696 3968 in
1756 3895 2102 3987 Isthmiis,
2185 3924 2372 3971 anno
2433 3904 2634 3973 urbis
2695 3901 2968 3975 Romae
3073 3905 3248 3989 mis,
3311 3903 3388 3972 id
3428 3915 3567 3988 est,
3618 3915 3901 3972 centum
3952 3898 4344 3978 coronatis,
4392 3899 4516 3990 qui
4559 3899 5034 3969 mediocribus

1003 3995 1570 4088 quingentesimo
1603 3997 2181 4092 quinquagesimo
2211 4004 2532 4092 septimo.
2583 4000 2741 4073 Hoc
2769 4017 2968 4076 tanto
3069 4005 3278 4074 annis
3323 4001 3821 4072 aestimabatur
3868 3999 4183 4090 quinque
4226 3990 4603 4070 drachmis.
4706 3998 5031 4069 Aristion

1001 4095 1344 4167 beneficio
1381 4093 1679 4167 Graecia
1710 4100 2040 4170 universa
2073 4102 2218 4172 frui
2250 4116 2321 4174 et
2353 4104 2656 4174 retinere
2686 4105 2966 4175 dulcem
3012 4072 3020 4166 l
3069 4106 3159 4175 ab
3189 4127 3311 4173 ara
3336 4100 3623 4172 avulsus
3647 4110 3935 4167 necatus
3967 4109 4099 4168 est.

1001 4197 1588 4314 tranquillitatem
1621 4212 1930 4289 poterat,
1976 4203 2098 4271 sed
2131 4203 2445 4295 inquieta
2460 4204 2760 4320 5ingenia
2795 4206 2969 4274 sub-
3269 4248 3520 4320 Postea
3547 4244 3744 4340 Sylla
3791 4244 3870 4314 in
3896 4241 4265 4325 Bpeofiam
4303 4244 4650 4316 transiens
4687 4245 4854 4316 vicit
4885 4247 5033 4317 At·

1003 4295 1457 4465 ἱζῗξίηἳὲνὲθ
1512 4299 1860 4466 ¹¹¹lm¹3¹t¹¹⁸
1918 4303 2321 4417 m⁰vfb³¹¹¹·
2425 4301 2520 4371 Et
2568 4304 2965 4397 plerunque
3008 4408 3009 4415 κ
3065 4348 3389 4424 chelaum
3433 4349 3683 4419 ducem
3717 4341 4160 4417 Mithridatis
4200 4346 4481 4415 duobus
4514 4346 4786 4435 magnis
4821 4370 5030 4435 prae-

1401 4421 1569 4486 mgu
1602 4421 1709 4465 arr
1753 4397 2139 4487 petulantia
2173 4400 2419 4472 fatales
2451 4425 2717 4493 poenas
2746 4417 2963 4475 attra-
3065 4455 3222 4539 ms,
3273 4465 3344 4522 et
3387 4461 3658 4541 panem
3688 4447 3888 4518 urbis
3914 4441 4303 4515 Thebanae
4331 4468 4616 4534 prorsus
4652 4447 4908 4530 diruit,
4961 4465 5031 4517 et

3297 1549 3469 1621 Fuit
3523 1564 3681 1641 post
3740 1574 3963 1621 annos
4012 1551 4561 1645 quinquaginta,
4620 1576 4810 1623 anno
4856 1555 5054 1624 urbis

3095 1647 3366 1720 Romae
3410 1653 3906 1721 sexcentesimo
3951 1653 4369 1740 sexagesimo
4402 1665 4630 1735 sexto,
4679 1654 4868 1722 bello
4902 1652 5054 1722 Mi-

3094 1745 3478 1820 thridatico
3520 1745 3996 1842 Philosophus
4038 1747 4341 1821 Athenis
4387 1752 4677 1821 nomine
4715 1748 5054 1837 Athenio,

3094 1849 3216 1942 qui
3265 1851 3652 1920 conductus
3695 1873 3948 1937 magna
3991 1851 4291 1940 pecunia
4336 1877 4375 1920 a
4405 1848 4823 1922 Mithridate
4874 1853 5050 1923 civi-

3092 1950 3226 2020 bus
3256 1948 3512 2034 suasit,
3554 1960 3702 2019 uta
3733 1946 4080 2020 Romanis
4111 1953 4196 2019 ad
4231 1975 4388 2020 eum
4420 1952 4831 2037 deficerent,
4883 1954 5052 2045 quia

3091 2048 3343 2119 melius
3386 2062 3602 2133 esset,
3648 2072 3871 2119 unum
3902 2070 4049 2118 esse
4080 2052 4274 2119 orbis
4302 2046 4758 2120 monarcham
4789 2075 5050 2141 regem,

3091 2173 3302 2241 quam
3351 2163 3455 2221 tot
3500 2171 3745 2219 avaros
3793 2148 4120 2218 dominos
4160 2142 4574 2220 Romanos.
4672 2150 4767 2221 Et
4807 2153 5047 2221 nomi-

3089 2252 3302 2319 nabat
3349 2239 3760 2322 Romanum
3816 2248 4195 2339 imperium
4240 2246 4636 2343 ἀναρχίαν.
4758 2248 5049 2345 Iamque

3086 2345 3544 2420 Mithridates
3599 2370 3928 2437 magnam
3970 2343 4179 2436 Asiae
4238 2362 4506 2439 partem
4551 2366 4618 2419 et
4666 2346 5050 2421 Thraciam
5129 2422 5138 2431 ,

3084 2451 3403 2534 tenebat,
3454 2474 3535 2520 ac
3699 2450 3783 2518 lti
3826 2448 4201 2539 sperabant
4244 2465 4650 2519 eversurum
4702 2472 4849 2519 esse
4893 2449 5049 2523 Ro·
5123 2537 5132 2542 -

3084 2573 3376 2621 manum
3421 2473 3822 2641 impexum.
3922 2545 4061 2617 Hic
4103 2544 4581 2639 Philosophus
4627 2550 5048 2642 aliquandiu

3083 2651 3277 2721 velut
3318 2665 3663 2744 tyrannus
3704 2661 3942 2738 septus
3972 2660 4239 2717 armato
4270 2649 4603 2719 satellitio
4641 2650 5044 2721 dominatus

3083 2763 3188 2819 est
3235 2747 3573 2834 Athenis,
3639 2748 3993 2819 interfecit
4050 2748 4311 2817 multos
4370 2750 4589 2833 cives,
4653 2751 5046 2820 multorum

3079 2849 3440 2920 facultates
3488 2849 3822 2940 diripuit,
3872 2860 3942 2918 et
3983 2846 4259 2935 magnis
4295 2850 4561 2919 acervis
4595 2852 4933 2938 pecuniae
4964 2852 5044 2918 in

3076 2945 3335 3019 Delum
3368 2948 3634 3035 missis,
3677 2948 3880 3036 fugit.

1000 4487 1184 4660 hup:
1205 4543 1228 4574 '
1274 4510 1455 4660 ’ἔξω
1481 4496 1811 4626 Lucamffs
1844 4510 2114 4589 ’,ηοω
2143 4608 2162 4626 .
3008 4600 3012 4606 -
3065 4551 3433 4624 Thebanis
3475 4548 3845 4619 dimidiam
3872 4545 4239 4618 Boeotiam
4272 4546 4670 4638 ademptam
4702 4548 5029 4616 attribuit

1098 4618 1240 4760 P⁰⁰
1269 4618 1309 4678 Ρ
1336 4614 1530 4763 ,3¹:¹⁰
1559 4628 1795 4728 sapen,
1848 4607 2192 4767 mulbwh'
2220 4621 2683 4732 vertere-cuncta
3061 4650 3565 4724 Phocensibus.
3667 4646 3773 4720 lta
3808 4645 4105 4739 Graecia
4150 4661 4220 4719 et
4259 4646 4448 4716 vires
4494 4667 4659 4715 suas
4700 4659 4768 4715 et
4809 4647 5029 4717 liber-

1101 4719 1357 4862 dogio„
1416 4803 1432 4821 .
1503 4720 1787 4823 &mmm
1816 4727 2000 4828 enlm
2041 4729 2110 4769 ¹¹⁸
2141 4708 2364 4832 fidem,
2381 4732 2626 4775 ‘mmm‘
3061 4769 3271 4826 tatem
3305 4764 3373 4823 et
3404 4765 3708 4824 veterem
3727 4747 4197 4839 Reipublicae
4222 4748 4522 4815 formam
4554 4745 4814 4830 amisit,
4864 4744 5025 4815 cum

1176 4821 1210 4861 ι
1276 4801 1388 4862 hm
1411 4823 1727 4888 mmuh
1775 4821 2169 4892 nocituraque
2196 4832 2500 4892 P⁰⁸⁰¹m¹¹⁸
2531 4833 2714 4879 ‘nm‘
3057 4857 3245 4928 bella
3293 4878 3444 4924 non
3482 4849 3869 4921 necessaria
3912 4859 3981 4918 et
4014 4847 4281 4919 iniusta
4309 4846 4495 4917 cives
4529 4844 4752 4939 aliqui
4784 4846 5024 4937 priva-

1197 4892 1451 4966 Statim
1492 4911 1650 4987 -post
1692 4926 1932 4993 pacem
1978 4927 2138 4974 cum
2163 4899 2499 4997 Philippo
2546 4908 2800 4977 factam
2840 4930 2955 4978 re-

995 4991 1351 5066 bellarunt
1381 4991 1645 5087 Aetoli.
1744 5001 1885 5073 Sed
1913 5003 2125 5091 longe
2156 5005 2384 5075 maius
2417 5006 2682 5078 bellum
2714 5020 2954 5097 postea
2996 5090 2997 5094 Ἰ

990 5109 1374 5167 moverunt
1409 5091 1681 5169 Achaei
1722 5113 1792 5171 et
1812 5098 2091 5187 Boeotii
2134 5128 2322 5176 anno
2368 5107 2948 5200 quinquagesimo
3253 5101 3448 5172 Haec
3481 5101 3569 5168 de
3603 5095 3944 5168 Graeciae
3974 5095 4206 5166 ruinis
4232 5120 4380 5167 uno
4412 5096 4485 5165 in
4519 5097 4679 5165 loco
4710 5096 5022 5166 breviter
5103 5184 5108 5190 .

989 5207 1149 5287 post
1176 5195 1586 5269 libertatem
1631 5220 1671 5266 a
1717 5197 1888 5267 Tito
1921 5201 2277 5276 Flaminio
2328 5203 2619 5279 Graecis
2665 5207 2951 5277 restitu-
3053 5201 3429 5287 annotavi,
3475 5200 3604 5270 etsi
3639 5198 3714 5266 in
3748 5197 3924 5267 serie
3960 5193 4291 5267 historiae
4321 5198 4643 5266 nondum
4672 5197 4762 5265 ad
4784 5194 5020 5291 Syllae

988 5309 1160 5372 tam.
1264 5295 1350 5366 In
1408 5320 1491 5366 eo
1542 5295 1732 5368 bello
1773 5309 1844 5367 et
1887 5293 2329 5378 Achaeorum
2375 5320 2443 5378 et
2487 5298 2946 5378 Boeoti'orum
3049 5318 3327 5395 tempus
3369 5299 3847 5394 pervenimus:
3901 5300 4026 5367 sed
4059 5297 4135 5366 in
4169 5293 4462 5368 historia
4499 5295 4836 5367 continua
4866 5321 5017 5365 me-

986 5395 1331 5469 exercitus
1375 5397 1515 5468 cito
1565 5396 1896 5468 trucidati
1939 5418 2122 5476 sunt.
2218 5405 2384 5479 Dux
2421 5407 2684 5480 Diaeus
2725 5407 2948 5478 inter-
3049 5405 3187 5475 lius
3234 5401 3547 5495 conspici
3585 5411 3849 5492 potest,
3893 5393 4022 5468 has
4060 5398 4302 5469 fatales
4332 5420 4598 5490 poenas
4624 5418 5017 5486 paucorum

984 5499 1155 5568 fecit
1214 5498 1624 5589 coniugem}
1699 5521 1790 5568 ne
1841 5497 2036 5571 fieret
2092 5507 2404 5596 captiva,
2471 5522 2539 5580 et
2589 5531 2945 5580 venenum
3045 5505 3405 5577 furoribus
3443 5514 3768 5574 attractas
3800 5521 3985 5580 esse,
4036 5499 4164 5591 qni
4192 5501 4478 5570 fuerunt
4507 5496 4773 5587 patriae
4795 5489 5017 5565 Ἀλά-

985 5591 1220 5670 hausit
1264 5600 1434 5690 ipse.
1534 5593 1927 5671 Corinthus
1970 5599 2201 5673 deleta
2243 5622 2343 5679 est
2371 5632 2410 5679 a
2438 5608 2746 5682 Consule
2774 5609 2945 5679 Mu·
3045 5627 3317 5703 στορες.
3426 5601 3830 5675 Retinenda
3891 5612 3995 5670 est
4049 5599 4265 5692 igitur
4318 5593 4656 5668 modestia
4717 5607 5013 5688 propter

983 5695 1154 5767 mio.
1249 5698 1394 5772 Nec
1435 5700 1730 5792 longum
1771 5698 2037 5772 bellum
2079 5698 2255 5790 fuit,
2301 5710 2465 5801 quia
2505 5726 2576 5784 et
2613 5709 2941 5786 Romana
2997 5702 2998 5715 ¹
3041 5721 3355 5780 nostram
3384 5717 3456 5776 et
3472 5704 3750 5798 patriae
3778 5701 4095 5773 salutem.
4215 5730 4226 5735 ·

3053 4957 3148 5031 tis
3175 4953 3681 5047 cupiditatibus
3708 4948 4114 5020 movissent.
