6025 6775
1230 540 1377 616 403

1451 699 1654 771 XVI.
1731 698 1817 766 In
1861 692 1990 764 hac
2034 697 2406 784 depravata
2446 704 2698 764 natura
2741 693 2893 762 sine
2919 716 3210 782 regene-

2741 519 3750 603 PnorostrloNES.
4292 575 4321 614 „-
4442 525 4523 640 ζ·
4630 491 4637 497 ’

5042 503 5047 508 ’
5122 523 5275 615 4'04

3510 693 3714 766 XIX.
3783 692 3928 767 Sed
3979 690 4099 768 bic
4145 641 4784 790 magna'dissensio
4822 717 4932 775 est
4973 679 5276 775 rationis

1249 807 1527 878 ratione
1569 811 1803 869 manet
1845 798 1923 863 in
1963 790 2252 863 homine
2292 793 2533 888 aliquo
2572 794 2784 863 modo
2812 795 3080 863 noticia
3108 795 3215 863 le-
3313 809 3381 866 et
3409 791 3802 883 Evangelii.
3902 794 4120 868 Ratio
4153 801 4546 871 admiratur
4576 803 5055 895 disciplinam,
5104 805 5281 897 quia

1256 912 1395 999 gis,
1443 904 1625 972 sicut
1676 901 1918 964 insunt
1964 889 2314 966 humanae
2355 894 2578 964 menti
2620 893 2921 964 noticiae
2959 917 3216 964 nume-
3317 909 3419 967 est
3490 911 3861 985 magnum·
3898 897 4149 979 decus,
4224 913 4306 970 ut
4360 925 4525 971 vere
4586 903 4852 975 dictum
4911 919 5044 1004 est:
5128 904 5282 977 Nec

1259 1027 1535 1084 rorum,
1585 1012 1652 1067 et
1682 997 1857 1065 aliae
1889 998 2232 1086 quaedam
2271 990 2599 1088 physicae
2627 995 2951 1068 noticiae.

1259 1118 1382 1175 net
1426 1102 1636 1170 etiam
1677 1093 1851 1165 haec
1889 1119 2050 1185 pars
2088 1096 2468 1181 libertatis,
2512 1097 2702 1189 quod
2748 1119 2948 1165 mens
2993 1107 3062 1165 et
3091 1119 3221 1164 vo-

1261 1209 1497 1277 luntas
1541 1208 1835 1291 possunt
1877 1197 2220 1289 imperare
2261 1197 2762 1279 locomotivae,
2807 1210 2893 1265 ut
2938 1208 3224 1266 externa

1265 1305 1581 1375 membra
1630 1299 1739 1366 vel
1783 1312 2097 1382 moveat,
2164 1297 2279 1366 vel
2321 1299 2663 1367 coerceat.
2767 1294 2866 1367 Ut
2909 1292 3226 1367 Achilles

1271 1423 1670 1499 quanquam
1729 1398 1983 1483 iratus,
2048 1411 2283 1467 tamen
2322 1399 2595 1468 ratione
2639 1399 3228 1467 commonefactus

1266 1514 1491 1595 potest
1533 1501 1879 1590 imperare
1926 1499 2293 1582 manibus,
2354 1521 2447 1567 ne
2492 1499 2840 1587 stringant
2889 1498 3230 1587 gladium,

1270 1618 1336 1673 et
1366 1600 1661 1692 pedibus
1680 1649 1699 1678 ,
1753 1613 1833 1668 ut
1866 1600 1954 1667 ab
1978 1594 2511 1686 Agamemnone
2536 1600 2917 1668 discedant.
3024 1596 3230 1666 Hanc

1267 1715 1542 1794 partem
1584 1697 1928 1768 libertatis
1972 1699 2200 1770 voluit
2227 1698 2421 1769 Deus
2459 1698 2538 1766 in
2566 1694 2855 1769 homine
2888 1698 3232 1789 reliquam

1269 1826 1438 1873 esse.

1272 1922 1485 1991 agens
1528 1899 1834 1967 liberum
1880 1916 1946 1971 et
1974 1905 2123 1967 non
2152 1898 2481 1967 liberum.
2586 1896 2899 1983 Deinde,
2948 1912 3028 1969 ut
3058 1897 3235 1968 scia-

1272 2025 1432 2070 mus
1461 2000 1689 2087 ipsum
1720 1996 1955 2069 Deum
1986 2021 2130 2067 esse
2159 2020 2369 2086 agens
2398 1998 2864 2071 liberrimum.
2968 1998 3238 2083 Tertio,

1274 2116 1355 2171 nt
1398 2123 1528 2166 nos
1575 2121 1901 2186 regamur
1944 2097 2340 2188 disciplina.
2443 2096 2755 2185 Quart0,
2806 2112 2886 2168 ut
2918 2099 3239 2168 conside-

1274 2221 1510 2270 remus
1541 2199 2100 2286 magnitudinem
2130 2198 2650 2290 depravationis
2680 2199 2756 2265 in
2786 2199 3029 2283 nobis,
3078 2221 3240 2267 cum

1276 2299 1737 2387 intelligimus
1788 2300 2181 2368 libertatem
2231 2320 2377 2367 esse
2423 2299 2781 2381 mutilam,
2833 2313 2899 2368 et
2940 2321 3062 2368 cor
3092 2321 3242 2367 non

1282 2401 1569 2470 obedire
1617 2398 1755 2483 legi
1799 2399 1968 2480 Dei,
2018 2412 2089 2465 et
2127 2409 2482 2465 externam
2527 2398 2941 2488 disciplinae
2983 2400 3243 2487 guber-

1279 2501 1642 2571 nationem
1692 2496 2050 2565 difficilem
2095 2516 2261 2562 esse.
2383 2493 2578 2566 Haec
2619 2512 2702 2567 ut
2743 2499 2983 2590 aliquo
3029 2500 3241 2567 modo

1282 2599 1745 2689 aspiciantur,
1799 2608 1966 2665 nota
2012 2597 2100 2664 sit
2142 2594 2437 2684 puerilis
2485 2597 2806 2669 doctrina
2855 2601 2942 2666 de
2989 2613 3243 2688 poten-

1284 2714 1403 2766 tus
1430 2719 1725 2765 ammae.

1483 2793 1715 2863 XVII.
1782 2793 2232 2863 Severissime
2268 2796 2613 2888 praecipit
2656 2796 2851 2869 Deus
2889 2813 3243 2870 externam

1285 2894 1761 2983 disciplinam,
1813 2905 1881 2961 et
1901 2894 2107 2983 punit
2134 2895 2589 2965 violationem
2620 2900 2974 2970 atrocibus
3002 2897 3246 2989 poenis
3299 2902 3300 2905 ’

1283 2997 1362 3062 in
1389 2990 1519 3063 hac
1543 2995 1707 3077 vita,
1750 3006 1818 3061 et
1847 2994 2090 3081 poenis
2109 2997 2433 3081 aeternis,
2474 2998 2532 3067 si
2552 3022 2697 3068 non
2719 3001 2837 3068 fiat
2859 2999 3245 3069 conversio.

1285 3094 1393 3164 Ac
1420 3108 1588 3163 nota
1614 3093 1757 3164 sint
1780 3094 1964 3164 dicta
1990 3096 2199 3164 etiam
2229 3099 2318 3165 de
2340 3099 2823 3188 praesentibus
2854 3098 3124 3189 poeniS,
3166 3109 3246 3164 ut
3288 3164 3289 3169 ,

1286 3199 1375 3264 de
1422 3197 1615 3266 cultu
1661 3195 2054 3279 idolorum,
2118 3192 2587 3288 blasphemia,
2653 3198 2876 3285 magia
2899 3252 2919 3283 ,
2986 3197 3246 3266 dicitur

1285 3293 1513 3366 Exod.
1540 3295 1694 3366 20.:
1748 3293 2048 3362 Puniam
2084 3295 2163 3362 in
2196 3297 2473 3366 tertiam
2503 3310 2576 3365 et
2601 3311 2925 3391 quartam
2957 3321 3246 3389 genera-

1288 3396 1584 3464 tionem.
1688 3393 1899 3476 Item,
1951 3393 2176 3464 Levit.
2203 3400 2359 3468 20.:
2410 3394 2680 3466 Ponam
2721 3400 2970 3469 faciem
2999 3405 3246 3482 {meam

1289 3506 1532 3559 contra
1563 3513 1697 3572 e05‚
1744 3508 1823 3560 ut
1851 3492 2262 3562 interficiam
2296 3518 2410 3564 eos
2434 3498 2522 3563 de
2547 3499 2779 3567 medio
2808 3500 3077 3590 populi.
3142 3497 3246 3569 De

1290 3585 1693 3655 homicidiis
1726 3587 2148 3661 Matih.28.:
2203 3593 2348 3678 Qui
2370 3596 2677 3680 gladium
2695 3600 3059 3686 acceperit,
3102 3600 3246 3688 gla-

1292 3691 1410 3754 dio
1455 3687 1732 3777 peribit.
1836 3685 1939 3754 De
1974 3690 2179 3758 furtis
2212 3687 2464 3760 Esaiae
2490 3694 2645 3766 38.;
2699 3695 2898 3764 Vaeh
2929 3700 3053 3788 qui
3086 3722 3246 3788 spo-

1292 3787 1443 3869 lias,
1493 3787 1659 3878 quia
1691 3786 2123 3876 spoliaberis,
2224 3787 2333 3858 De
2364 3790 2640 3895 incestis
2667 3793 3060 3871 Levit.18.:
3113 3796 3246 3867 Ca-

1291 3900 1446 3955 vete
1478 3910 1566 3954 ne
1594 3900 1659 3955 et
1689 3909 1812 3954 vos
1839 3887 2163 3956 similiter
2188 3905 2508 3979 evomat,
2562 3917 2718 3962 cum
2748 3897 3005 3966 similia
3039 3899 3246 3968 facie-

1294 3986 1421 4064 tis,
1473 3987 1652 4056 sicut
1691 3987 2001 4055 evomuit
2032 4003 2307 4078 gentem
2340 4015 2518 4084 quae
2546 3994 2681 4064 fuit
2709 4010 2871 4066 ante
2906 4020 3054 4069 vos.
3155 3994 3246 4067 Et

1291 4086 1456 4177 quia
1505 4087 1580 4153 in
1627 4098 1773 4155 toto
1818 4111 2068 4177 genere
2109 4085 2422 4160 humano
2455 4095 2942 4185 multipliciter
2968 4111 3037 4167 et
3061 4112 3246 4168 atro—

1290 4186 1461 4257 citer
1503 4187 1812 4255 violatur
1847 4188 2255 4280 disciplina,
2300 4191 2457 4261 ideo
2488 4196 2938 4268 cumulantur
2963 4222 3246 4288 poenae,

1285 4286 1467 4357 fiunt
1508 4309 1799 4376 magnae
1837 4290 2150 4377 gentium
2192 4291 2682 4383 dissipationes
2711 4311 2779 4367 et
2805 4300 3245 4384 vastationes,

1287 4388 1470 4457 sicut
1507 4384 1753 4457 Esaias
1801 4388 2072 4480 inquit,
2119 4413 2270 4481 cap.
2301 4391 2456 4462 64.:
2507 4393 2919 4487 Iniquitates
2963 4414 3244 4470 nostrae

1285 4490 1465 4559 sicut
1502 4490 1691 4557 venti
1724 4487 2238 4577 dissipaverunt
2266 4514 2420 4562 nos.

1490 4585 1755 4656 XVIII.
1830 4585 2066 4659 Etiam
2127 4611 2275 4658 non
2332 4592 2594 4677 renati,
2654 4608 2947 4685 possunt
3000 4599 3239 4691 aliquo

1285 4684 1501 4751 modo
1548 4699 1828 4756 externa
1874 4689 2048 4775 legis
2082 4712 2291 4777 opera
2322 4690 2584 4770 facere,
2637 4708 2703 4763 et
2735 4695 3046 4766 sciantur
3075 4722 3243 4770 cau-

1284 4801 1399 4848 sae
1433 4794 1776 4871 quatuor,
1823 4809 1949 4855 cur
1974 4783 2145 4855 haec
2174 4787 2545 4878 disciplina
2578 4791 2670 4862 sit
2701 4799 3136 4881 praestanda.

1486 4878 1806 4949 Primum
1849 4884 2014 4973 quia
2041 4883 2235 4954 Deus
2282 4910 2432 4956 eam
2477 4893 2865 4982 praecepit,
2916 4897 3031 4963 cui
3065 4899 3236 4967 sim-

1275 4977 1557 5069 pliciter
1586 5004 1830 5050 omnes
1865 4995 2219 5055 creaturae
2246 4989 2509 5061 debent
2536 4992 3029 5065 obedientiam.
3106 4998 3237 5070 Se-

1564 1798 1924 1884 Primum,
1990 1812 2073 1867 ut
2127 1798 2561 1886 intelligatur
2621 1799 3000 1867 discrimen
3048 1799 3233 1868 inter
3291 1790 3292 1801 ¹

3054 992 3217 1065 Ma-
3317 994 3672 1087 Hesperus
3756 1019 3885 1065 nec
3948 996 4234 1067 Lucifer
4327 1001 4712 1073 formosior
4804 1017 4904 1076 est
4977 1004 5280 1076 iusticia:

3321 1119 3401 1166 ac
3476 1096 3780 1165 somniat
3857 1118 4008 1166 eam
4084 1098 4222 1187 legi
4293 1096 4431 1168 Dei
4494 1103 4924 1189 satisfacere,
5000 1105 5286 1195 placare

3325 1197 3505 1264 iram
3564 1192 3737 1274 Dei,
3816 1196 4070 1265 mereri
4123 1197 4603 1267 remissionem
4650 1218 5135 1290 peccatorum,
5213 1221 5287 1278 et

3326 1296 3548 1366 vitam
3595 1308 3972 1365 aeternam.
4085 1291 4180 1366 Et
4220 1292 4351 1366 hac
4394 1300 4734 1389 opinione
4777 1303 4859 1370 in
4907 1302 5131 1375 Israb'l
5162 1330 5288 1378 cu-

3329 1395 3698 1466 mulabant
3740 1394 3951 1465 multi
3992 1395 4354 1480 sacrificia,
4402 1411 4469 1467 et
4499 1422 4774 1490 semper
4803 1402 4980 1488 fuit,
5034 1420 5173 1492 est,
5220 1421 5292 1478 et

3332 1497 3469 1566 erit
3526 1492 3699 1565 haec
3744 1495 4098 1587 persuasio
4152 1495 4619 1585 plurimorum
4667 1494 5086 1587 hominum,
5158 1502 5294 1577 ho-

3333 1597 3559 1665 mines
3603 1618 3750 1665 esse
3796 1597 4020 1666 iustos
4057 1589 4191 1664 hac
4229 1595 4595 1687 disciplina
4644 1621 4878 1669 coram
4922 1598 5114 1674 Deo:
5171 1608 5301 1676 sed

3337 1697 3668 1768 omnibus
3738 1696 4175 1786 temporibus
4251 1718 4387 1764 vox
4451 1697 4823 1768 ministerii
4886 1706 5307 1794 evangelici,

3337 1820 3547 1891 quam
3616 1798 3966 1869 sonabant
4036 1795 4312 1880 Patres,
4386 1793 4816 1888 Prophetae,
4893 1802 5078 1874 filius
5134 1804 5308 1891 Dei,

3338 1898 3701 1988 Apostoli,
3754 1910 3821 1967 et
3861 1897 4118 1966 deinde
4150 1895 4374 1988 aliqui
4406 1910 4592 1968 recte
4622 1899 4984 1986 docentes,
5032 1906 5304 1976 taxavit

3337 2012 3405 2067 et
3437 2012 3625 2069 taxat
3650 1993 4122 2077 Pharisaicas,
4170 1995 4617 2085 Pelagianas,
4663 1994 5200 2093 Philosophicas
5230 2018 5304 2073 et.

3338 2096 3722 2190 Papisticas
3765 2098 4214 2189 persuasione
4268 2099 4358 2168 de
4404 2098 4591 2186 lege,
4642 2111 4712 2168 et
4739 2122 5054 2192 expresse
5086 2104 5300 2174 adfir-

3340 2211 3514 2281 mat,
3568 2198 3646 2265 in
3690 2199 4019 2268 omnibus
4063 2193 4514 2283 hominibus,
4563 2211 4854 2290 propter
4884 2202 5114 2271 filium
5142 2200 5301 2284 Dei,

3341 2293 3772 2368 horrendam
3798 2321 3944 2368 esse
3973 2299 4515 2388 discrepantiam
4543 2301 4634 2369 ad
4665 2299 4889 2389 legem
4922 2298 5087 2389 Dei,
5132 2327 5301 2394 pro-

3342 2410 3503 2490 pter
3547 2422 3757 2490 quam
3792 2399 4327 2490 discrepantiam
4356 2398 4462 2468 rei
4491 2414 4696 2484 sunt,
4749 2402 4838 2470 de
4870 2424 5008 2496 qua
5036 2400 5304 2476 Paulus

3344 2498 3613 2589 inquit,
3663 2495 3877 2573 Rom.
3907 2500 4011 2574 8.:
4060 2499 4319 2570 Sensus
4361 2500 4593 2569 carnis
4627 2500 5007 2573 inimicicia
5041 2517 5144 2575 est
5171 2507 5304 2575 ad—

3344 2621 3586 2682 versus
3631 2596 3903 2685 Deum,
3968 2624 4098 2668 nec
4152 2613 4381 2689 potest
4439 2599 4576 2688 legi
4623 2595 4760 2669 Dei
4813 2603 5088 2678 subiici.
5203 2602 5305 2675 Et

3345 2696 3674 2768 Ieremias
3704 2699 3941 2792 inquit
3973 2724 4122 2789 cap.
4143 2699 4284 2774 17.:
4334 2698 4745 2770 Perversum
4775 2713 4876 2770 est
4908 2725 5030 2770 cor
5059 2697 5303 2773 homi-

3344 2799 3459 2867 nis
3509 2811 3578 2869 et
3622 2822 4157 2884 aerumnosum,
4218 2800 4290 2868 id
4335 2814 4470 2886 est,
4533 2821 4850 2870 aversum
4892 2824 4934 2870 a
4979 2797 5175 2888 Deo,
5229 2819 5307 2874 et

3344 2899 3537 2967 varie
3576 2921 3820 2983 ruens,
3887 2912 3955 2969 et
3994 2900 4271 2988 fugiens
4309 2898 4537 2970 Deum
4583 2899 4763 2970 tristi
4802 2901 5090 2976 fremitu
5144 2905 5307 2975 sine

3346 2996 3827 3071 consolatione
3861 3014 3928 3070 et
3959 3001 4118 3071 fide.

3547 3150 3704 3225 XX.
3774 3151 4017 3244 Inquit
4047 3151 4265 3241 igitur
4283 3150 4578 3222 Paulus:
4630 3147 4745 3222 Ex
4772 3153 5105 3245 operibus
5128 3156 5308 3245 legis

3345 3276 3493 3322 non
3551 3252 4046 3322 iustificabitur
4103 3252 4339 3321 omnis
4390 3275 4555 3323 caro
4614 3277 4855 3323 coram
4902 3251 5079 3328 Deo.
5174 3251 5311 3326 Est

3346 3353 3562 3442 igitur
3620 3366 3977 3443 peccatum
4035 3352 4115 3424 in
4176 3352 4509 3425 omnibus
4562 3348 4978 3427 hominibus
5031 3368 5309 3449 praeter

3347 3450 3705 3526 Christum
3750 3455 3828 3521 in
3874 3449 4004 3523 hac
4038 3455 4215 3541 vita,
4265 3478 4395 3524 nec
4426 3469 4720 3547 possunt
4745 3452 5065 3527 homines
5095 3457 5308 3527 satis-

3301 3622 3302 3626 ,
3344 3555 3569 3624 facere
3632 3554 3770 3642 legi
3811 3544 3980 3639 Dei,
4056 3579 4182 3624 nec
4242 3555 4622 3648 disciplina
4680 3570 4803 3628 aut
4855 3557 5002 3627 ulla
5056 3570 5309 3627 nostra

3292 3672 3293 3706 t
3346 3678 3555 3744 opera
3628 3668 3991 3725 merentur
4056 3656 4543 3728 remissionem
4609 3671 5099 3750 peccatorum,
5170 3681 5310 3727 nec

3344 3754 3494 3839 lege
3551 3749 3875 3822 homines
3927 3755 4097 3823 iusti
4154 3770 4320 3828 sunt
4375 3780 4613 3828 coram
4672 3756 4854 3834 Deo.
4997 3758 5136 3831 Sed
5192 3759 5307 3828 lex

3345 3854 3721 3922 ostendens
3767 3868 4165 3944 peccatum,
4220 3872 4323 3930 est
4371 3859 4841 3929 ministerium
4884 3858 5173 3938 mortis,
5222 3871 5312 3928 ut

3343 3952 3606 4023 Paulus
3656 3954 3925 4047 inquit,
3984 3954 4293 4031 Roman.
4330 3959 4437 4029 7.:
4506 3958 4649 4029 Lex
4693 3958 4870 4026 iram
4916 3956 5124 4024 efficit
5167 3969 5310 4031 etc.

3346 4052 3804 4125 Manifestum
3836 4069 3939 4127 est
3962 4057 4181 4145 igitur
4207 4081 4645 4154 nequequam
4675 4057 4753 4127 in
4779 4051 5064 4125 homine
5083 4056 5327 4125 talern-

3343 4153 3738 4225 libertatem
3782 4158 4167 4229 voluntatis
4193 4159 4536 4253 reliquam
4564 4180 4740 4240 esse,
4799 4168 4881 4225 ut
4913 4155 5133 4247 possit
5158 4156 5311 4233 tol-„

3340 4253 3485 4322 lere
3530 4269 3891 4345 peccatum
3934 4271 4008 4329 et
4049 4273 4386 4344 mortem,
4434 4281 4553 4329 seu
4585 4256 4853 4325 efficere
4884 4256 5304 4326 interiorem

3340 4355 3855 4438 obedientiam,
3906 4382 4120 4451 quam
4163 4356 4442 4446 lexDei
4481 4356 4808 4448 postulat.
4909 4352 5008 4427 Et
5053 4359 5301 4427 dolea-

3338 4478 3497 4525 mus
3553 4479 3685 4525 nos
3738 4479 3887 4526 non
3920 4460 4115 4531 'satis
4174 4459 4555 4547 intelligere
4610 4458 5190 4548 depravationem
5231 4471 5301 4526 et

3337 4555 3858 4626 immunditiem
3888 4558 3968 4628 in
4000 4561 4329 4630 cordibus
4357 4558 4641 4629 nostris.

3537 4707 3736 4783 XXI.
3805 4707 3992 4798 Quia
4025 4734 4189 4780 vero
4222 4706 4413 4780 Deus
4442 4711 4784 4782 immensa
4817 4710 5302 4782 misericordia

3336 4804 3752 4893 deprecante
3772 4834 3902 4901 pro
3922 4810 4127 4881 nobis
4146 4809 4292 4880 filio
4316 4833 4444 4881 suo
4464 4813 4854 4903 unigenito,
4897 4834 5048 4881 non
5070 4812 5300 4882 voluit

3334 4916 3559 4975 totum
3610 4931 3833 4997 genus
3876 4905 4264 4980 humanum
4314 4914 4577 5002 perire,
4628 4914 4988 4982 decretum
5034 4914 5297 4982 factum

3334 5017 3472 5086 est,
3523 5022 3603 5078 ut
3646 5034 3773 5100 per
3813 5010 4037 5080 filium
4078 5010 4446 5083 satisfieret
4486 5012 4803 5085 iusticiae
4854 5013 5169 5090 divinae,
5220 5025 5297 5078 et

1276 5084 1544 5160 ⁶⁰⁰d0’
1600 5095 1678 5151 ut
1725 5082 2037 5156 ‘’nemu‘'
2069 5110 2355 5178 poenae·
2461 5091 2705 5162 Tertio
2739 5109 3026 5186 propter
3056 5100 3235 5171 alio-
3276 5171 3279 5175 ,
3329 5107 3791 5181 redimeretur
3827 5131 4046 5200 genus
4093 5105 4521 5195 humanum,
4576 5129 4644 5186 et
4684 5112 5052 5206 promissio
5099 5107 5297 5179 edita

1272 5201 1434 5247 rum
1472 5185 2075 5299 “anssuillstatem·
2174 5187 2488 5277 Quarto,
2536 5194 2702 5285 quia
2736 5210 2836 5266 est
2864 5200 3231 5291 multiplex
3327 5220 3464 5290 est,
3516 5234 3696 5300 quae
3742 5223 3844 5280 est
3883 5235 4019 5279 vox
4048 5207 4456 5301 Evangelii,
4508 5209 5009 5305 comprehensa
5051 5210 5128 5279 in
5174 5203 5296 5279 his

1266 5281 1692 5396 Pae-dffgogffl
1755 5299 1821 5356 et
1866 5292 2485 5375 commonefactio,
2549 5308 2616 5363 et
2661 5320 3108 5386 perseverans
3152 5303 3227 5370 in
3326 5309 3560 5377 verbis
3607 5306 3850 5381 Iohan.
3880 5313 3984 5384 5.:
4041 5312 4162 5383 Sic
4214 5312 4405 5384 Deus
4455 5317 4700 5387 dilexit
4757 5314 5144 5396 mundum,
5209 5323 5299 5378 ut

1265 5378 1541 5448 delictis
1574 5395 1814 5452 contra
1846 5387 2380 5473 conscientiam,
2431 5415 2579 5459 non
2607 5409 2708 5463 est
2735 5421 3110 5468 conversus
3138 5405 3226 5471 ad
3323 5407 3546 5476 filium
3607 5433 3810 5481 suum
3873 5410 4320 5504 unigenitum
4380 5416 4686 5501 dederit,
4751 5427 4846 5485 ut·
4888 5410 5123 5483 omnis
5168 5410 5302 5504 qui

1255 5474 1524 5563 Deum,
1589 5480 1779 5550 iuxta
1834 5482 2013 5553 illud
2069 5487 2105 5553 1
2157 5483 2473 5559 Timoth.
2510 5493 2604 5559 1.:

1251 5579 1615 5668 militiam,
1670 5574 1940 5652 habens
1971 5583 2180 5652 fidem
2214 5599 2282 5656 et
2315 5588 2577 5659 bonam
2606 5596 3128 5673 conscientiam.

2677 5491 2914 5566 Milita
2960 5500 3221 5571 bonam
3321 5508 3542 5580 credit
3574 5512 3650 5580 in
3683 5537 3846 5584 eum
3875 5537 4024 5585 non
4057 5530 4333 5608 pereat,
4385 5519 4505 5588 sed
4534 5513 4790 5589 habeat
4817 5512 5034 5586 vitam
5064 5524 5301 5584 aeter-

3272 5622 3275 5626 ’
3320 5626 3505 5675 nam.
