6025 6775
619 737 695 817 sto
868 720 1076 806 SCRIPTA
1099 719 1177 799 PH.
1201 714 1321 798 MEL.
1346 714 1416 792 Ati
1438 713 1566 795 lllST.
1591 712 1736 796 nitor.
1761 713 1830 792 ET
1852 715 2050 796 PHILOS.
2076 720 2399 817 SPECTANTIA.
2573 749 2650 822 816

624 906 756 979 citium
773 899 937 990 rapiunt,
959 909 994 965 et
1009 888 1147 963 Thebis
1162 888 1344 980 expellunt
1361 908 1450 978 quos
1468 886 1610 958 volunt.
1636 890 1745 1020 Jmox
1775 894 2022 975 processerunt
2044 878 2213 951 Thebani
2246 880 2285 949 iii
2312 879 2544 972 Laconicam,
2587 883 2651 952 sed

625 1006 712 1079 ldeo
735 999 923 1091 Pelopidas
951 1008 987 1067 et
1010 989 1301 1086 Epaminondas,
1343 1000 1378 1056 et
1398 984 1461 1058 alii
1481 986 1614 1069 exules,
1639 1027 1641 1045 i

627 1106 768 1177 foedere
791 1100 881 1171 clani
903 1099 1017 1180 iacto,
1049 1115 1178 1183 magna
1200 1087 1391 1183 pmdentia
1411 1098 1446 1155 et
1466 1086 1615 1157 fortitu·
1665 1096 1769 1168 runt,
1810 1095 1846 1152 et
1869 1082 2002 1173 proluit
2023 1077 2109 1152 haec
2132 1079 2290 1170 Agesilai
2314 1083 2511 1154 moderatio
2530 1086 2576 1154 ad
2598 1084 2652 1153 le·

616 1195 714 1277 'dine
729 1204 936 1291 irrumpunt
953 1196 993 1265 in
1007 1217 1145 1281 arcem,
1170 1205 1206 1264 et
1226 1190 1375 1257 aiiciunt
1397 1185 1481 1254 inde
1498 1184 1614 1255 Laco·
1667 1184 1836 1252 niendam
1859 1181 2053 1274 tristiciam.
2106 1180 2284 1252 Usitatum
2302 1184 2374 1255 fuii
2389 1185 2488 1277 apud
2505 1183 2652 1276 Sparta·

630 1308 752 1377 sslfflm
767 1300 1007 1393 Pr³0⁵idi¹¹ffl‚
1030 1295 1167 1384 aliquot
1183 1288 1271 1358 viris
1285 1284 1492 1358 interiectis.
1666 1306 1753 1367 nos,
1776 1295 1818 1352 ut
1833 1281 1896 1375 qui
1913 1307 1954 1351 ex
1969 1281 2042 1351 acie
2056 1279 2218 1369 lugerint
2233 1283 2481 1357 iudicarentur
2494 1286 2653 1371 insanies,

1663 982 1936 1053 Lacedaemonii
1951 981 2118 1053 nunciata
2134 982 2234 1052 clade
2250 982 2362 1053 multa
2385 983 2534 1073 graviter
2555 983 2650 1053 fece·

733 1402 914 1476 Dederant
937 1408 1058 1467 autem
1078 1387 1276 1482 hospitium
1296 1381 1480 1456 Thebanis
1503 1382 1617 1453 exuli·
1668 1383 1730 1477 qui
1747 1383 1892 1476 quidem
1908 1384 1954 1453 ab
1967 1381 2047 1451 aliis
2062 1381 2196 1451 civibus
2210 1383 2507 1457 discernebantur
2522 1388 2654 1458 vestitu

632 1510 700 1578 bus
717 1498 972 1582 Athenienses,
997 1494 1109 1587 quiet
1127 1502 1247 1583 postea
1269 1508 1330 1557 eos
1348 1486 1474 1557 iuvant
1495 1496 1619 1554 contra
1643 1531 1646 1613 q
1668 1498 1701 1554 et
1723 1483 1852 1568 barba,
1886 1507 1926 1554 ac
1947 1483 2076 1552 licebat
2098 1482 2241 1553 cuilibet
2264 1500 2546 1576 praetereuntem
2575 1510 2656 1557 ver·

593 1631 597 1638 ·
634 1602 808 1678 exercitus
840 1596 1048 1670 Laconicus.
1125 1590 1289 1660 Tandem
1330 1610 1391 1655 rex
1424 1584 1620 1676 Spartanus
1643 1619 1646 1664 ς
1671 1586 1815 1669 berare,
1837 1606 1904 1654 nec
1918 1583 2047 1652 licebat
2065 1581 2116 1652 eis
2136 1606 2263 1654 uxores
2282 1586 2420 1657 ducere.
2472 1584 2568 1658 Cum
2590 1610 2658 1659 au-

636 1705 885 1780 Cleombmtus
915 1719 996 1767 ciim
1019 1691 1232 1764 exercituin
1255 1686 1438 1757 Boeotiam
1461 1684 1621 1769 veniens,
1643 1760 1647 1804 Ι
1669 1698 1741 1756 tem
1765 1684 1870 1754 inulti
1895 1683 2034 1754 nobiles
2059 1696 2094 1753 et
2117 1683 2226 1755 sortes
2246 1685 2314 1754 viri
2338 1710 2379 1755 eii
2401 1689 2482 1777 luga
2505 1692 2659 1757 domum

637 1832 713 1878 non
728 1800 853 1897 procul
871 1799 917 1870 ab
939 1794 1090 1887 oppido,
1121 1789 1180 1860 cui
1193 1783 1356 1859 Leuctra
1378 1808 1512 1855 nomen
1535 1798 1622 1870 erat,
1644 1807 1647 1861 i
1671 1785 1875 1870 rediissent,
1901 1798 1936 1855 et
1950 1797 2065 1854 essent
2084 1784 2149 1878 qui
2171 1784 2343 1856 usitatum
2365 1810 2496 1858 morem
2516 1790 2561 1857 de
2586 1783 2659 1872 his,
2694 1797 2697 1882 Ι

640 1930 722 1978 cum
756 1898 939 1972 Thebanis
975 1894 1133 1964 dimicat.
1208 1887 1265 1959 Ibi
1306 1885 1501 1959 intersectis
1541 1907 1621 1975 rege
1645 1886 1647 1889 ’
1671 1885 1733 1978 qui
1752 1887 1933 1973 fugerant,
1958 1885 2091 1954 servari
2108 1886 2257 1972 vellent,
2283 1888 2425 1959 accessit
2445 1890 2489 1958 ad
2511 1889 2658 1958 concio.
2695 1913 2697 1952 i

638 2003 868 2077 Cleombroto
883 2011 918 2068 et
931 1990 1240 2084 milleSpartanis,
1265 2011 1419 2083 quorum
1434 1986 1622 2078 praecipua
1645 1995 1649 2093 1
1673 2009 1756 2054 nein
1771 1985 1974 2074 Agesilaus,
1999 2000 2034 2056 et
2055 1986 2176 2069 iussit,
2201 1998 2242 2056 nt
2263 1988 2419 2059 sinerent
2431 1990 2525 2080 leges
2539 2011 2582 2057 eo
2599 1989 2657 2059 die

641 2118 718 2177 erat
731 2101 917 2181 nobilitas,
949 2108 984 2167 et
1005 2092 1153 2185 dilapsis
1175 2113 1299 2161 eorum
1323 2088 1445 2172 sociis,
1470 2087 1624 2158 victores
1647 2166 1649 2174 ¹
1673 2086 1850 2167 dormire,
1877 2086 1961 2179 quia
1987 2086 2169 2156 calamitas
2193 2088 2394 2176 accidisset,
2423 2114 2497 2160 non
2513 2089 2657 2179 ignavia

642 2210 789 2277 fuerunt
805 2195 984 2270 Themi·
1645 2186 1826 2268 trivium,
1864 2188 1923 2255 sed
1947 2186 2134 2279 iniquitate
2162 2188 2339 2259 fortunae.
2403 2187 2445 2261 lii
2472 2203 2654 2281 posterum

742 2302 797 2374 Ac
825 2299 943 2368 locum
971 2306 1090 2366 tautae
1118 2290 1228 2362 cladis
1247 2287 1363 2361 voluit
1384 2287 1481 2359 Deus
1500 2302 1624 2360 testem
1647 2265 1651 2315 ¹
1674 2302 1791 2358 autem
1812 2288 1856 2357 ab
1875 2311 1916 2357 eo
1930 2288 1989 2356 die
2003 2286 2093 2376 leges
2108 2289 2298 2358 servandas
2314 2314 2400 2361 esse.
2451 2290 2530 2362 Hac
2548 2289 2654 2362 inici.

645 2429 706 2479 seu
722 2398 935 2471 monitorem
956 2417 1029 2466 esse
1051 2395 1096 2464 de
1118 2416 1181 2464 sua
1207 2392 1271 2467 ira.
1329 2388 1419 2460 Nam
1441 2390 1624 2484 aliquanto
1648 2393 1651 2466 ξ
1675 2383 1756 2484 κείᾳ
1774 2410 1934 2458 reversos
1950 2387 2043 2457 cives
2058 2386 2201 2460 infamia
2218 2387 2399 2466 liberavit.

644 2517 725 2577 ante
747 2523 899 2593 pugnam
923 2497 1070 2590 quidam
1092 2517 1134 2564 ex
1155 2492 1328 2584 Spartana
1350 2490 1537 2562 nobilitate
1557 2475 1652 2603 h⁰‘i
1775 2518 1867 2592 Cum
1900 2523 2008 2613 igin„
2035 2522 2232 2595 mmmm
2260 2519 2521 2611 Archidamus,
2563 2525 2653 2594 finus

622 2687 625 2692 -
646 2603 819 2699 'Timum
846 2596 979 2689 ‘mpii
1009 2597 1047 2666 in
1068 2594 1229 2665 heum
1254 2616 1275 2663 ³
1297 2590 1467 2678 scedm’
1506 2604 1627 2683 Imm
1674 2620 1830 2711 Agesilai
1852 2646 1931 2694 cum
1953 2625 2107 2695 exercitu
2122 2621 2296 2695 Laconico
2309 2625 2348 2693 in
2361 2625 2574 2710 Boeotiam,
2605 2649 2654 2694 ac-

645 2700 991 2777 redeuntesabsente
1011 2708 1128 2788 patre,
1153 2694 1244 2764 tilias
1264 2694 1341 2763 eins
1363 2694 1469 2778 duas,
1496 2694 1534 2761 vi
1551 2706 1628 2764 stu·
1648 2671 1653 2784 i
1675 2734 1818 2793 ,mum
1832 2717 1998 2792 Thebani
2015 2724 2175 2794 [mmm
2195 2720 2367 2796 thm
2388 2750 2429 2797 ex
2454 2721 2653 2803 Thessali&

647 2817 786 2898 PP⁸¹³⁸i
804 2798 1022 2872 interficiunt
1039 2809 1075 2866 ‘A
1090 2794 1127 2863 in
1142 2806 1288 2884 puteum
1302 2793 1487 2867 'blidum‘
1522 2792 1628 2865 pm
1650 2789 1654 2870 A
1676 2823 1778 2893 cuius
1794 2835 1891 2893 tanta
1913 2839 1988 2894 crat
2011 2823 2124 2895 virtus
2146 2839 2180 2897 et
2205 2826 2392 2911 autoritas,
2415 2840 2455 2897 ut
2474 2827 2656 2898 existima-

646 2905 776 2977 delndss
791 2902 954 2995 sPartam
979 2898 1217 2989 1)ῑοΐεοῑιιεπ
1239 2908 1380 2985 P⁸¹ffl⁸2
1408 2893 1549 2964 ‘celim
1562 2918 1628 2964 ⁸¹¹·
1650 2875 1654 2984 i
1676 2937 1776 2994 rator
1790 2923 1830 2992 in
1843 2922 1966 2995 Asiam
1985 2923 2194 2996 traiectums
2214 2947 2306 3011 esse,
2330 2939 2372 2996 ot
2391 2927 2525 2996 bellum
2538 2925 2656 2995 Persis

536 3019 547 3042 ⁹
647 3023 743 3081 ¹⁰¹³
772 3002 915 3096 puniri,
949 2998 1097 3118 ,dilium
1125 3008 1188 3065 ⁶⁸²·
1265 2992 1315 3065 Ei
1342 3007 1534 3112 Μῖηὓῑῑξῑ
1560 2994 1628 3112 {¹¹⁵²
1650 2991 1655 3066 i
1679 3025 1839 3100 inferret.
1890 3024 1924 3094 ls
1941 3050 2020 3095 cum
2034 3025 2187 3096 venisset
2201 3026 2247 3096 ad
2265 3023 2471 3111 Thebanos,
2495 3021 2658 3098 hortator

648 3106 807 3199 exempla
825 3101 1044 3174 crudelitatis
1058 3111 1091 3167 et
1112 3095 1324 3178 libidinum,
1348 3095 1478 3187 quibus
1498 3120 1539 3163 in
1561 3119 1630 3162 iiu-

649 3210 749 3301 perio
767 3202 932 3296 Spartani
948 3213 982 3270 et
999 3201 1089 3269 iram
1103 3194 1170 3267 Dei
1187 3195 1392 3281 irritarunt,
1416 3197 1627 3268 etvolunta-
1677 3125 1746 3245 fui-¹
1766 3126 1835 3243 ‘if’
1860 3149 1905 3196 Μ
1926 3125 2136 3245 dimioeiem
2158 3150 2237 3197 ⁰⁰¹⁰
2254 3126 2568 3246 Li⁶⁰d⁸⁸m⁰¹¹ii⁸’
2603 3126 2660 3221 ‘¹¹¹³

649 3324 701 3381 ,es
715 3307 897 3379 civitatum
914 3326 934 3372 a
949 3326 985 3371 se
1002 3302 1217 3372 alienarunt·
1677 3239 1805 3296 irritati
1820 3249 1916 3295 nunc
1930 3239 1964 3297 et
1976 3239 2153 3297 cautiores
2169 3241 2202 3298 et
2215 3228 2389 3297 firmiores
2403 3229 2516 3300 futuri
2532 3242 2660 3301 essent.

869 3403 915 3426 „
1124 3399 1135 3418 ,
1250 3395 1261 3418 ,
1527 3395 1537 3412 ,
1604 3392 1614 3411 ,
1677 3322 1819 3398 Etcum
1833 3326 1993 3422 utrisque
2007 3328 2222 3400 dissuaderet
2240 3330 2433 3420 praelium,
2459 3328 2609 3423 perfecit
2625 3340 2661 3400 ut

750 3407 843 3480 cum
867 3418 976 3495 '⁸¹¹⁰‘
996 3400 1093 3473 Μ’
1123 3423 1163 3468 ¹¹¹
1185 3423 1228 3469 ²⁰
1248 3419 1326 3490 ¹9⁸⁰
1349 3397 1426 3468 ¹⁰⁰⁰
1450 3406 1630 3488 pumen*
1678 3429 1783 3499 certis
1811 3426 2077 3500 conditionibus
2105 3451 2226 3523 pacem
2254 3431 2421 3502 iacerent.
2495 3430 2550 3502 lta
2588 3432 2659 3501 sinc

651 3506 965 3590 Lacedaemonios,
985 3502 1049 3597 qui
1059 3499 1200 3618 sceleris
1216 3500 1402 3590 vestigium
1416 3500 1541 3616 fuerat,
1565 3519 1631 3613 vo-
1652 3474 1656 3561 i
1681 3530 1816 3621 praefi„
1833 3529 2104 3601 Lacedaemonst
2119 3534 2264 3601 domum
2279 3533 2476 3606 redierunt·
2535 3528 2588 3604 Et
2606 3531 2658 3604 12.

652 3611 721 3680 luit
734 3605 897 3679 homines
912 3618 945 3675 et
958 3607 1003 3672 de
1017 3601 1260 3692 magnitudine
1274 3613 1466 3692 perpetrati
1480 3598 1631 3681 sceleris,
1679 3631 1777 3700 sonis
1793 3631 1898 3701 verba
1913 3646 2139 3703 memento,
2152 3634 2247 3724 ,pud
2261 3629 2560 3726 xenophontem,
2597 3633 2657 3705 30,

572 3750 575 3755 ·
653 3714 756 3781 etde
781 3702 1358 3818 iudiciodivinocommonelierit
1408 3698 1630 3814 Denuiiciata
1678 3731 1728 3800 Μ
1748 3729 1846 3801 neu,
1869 3754 1911 3800 ex
1931 3731 2050 3823 parvi,
2070 3754 2217 3823 magno,
2234 3733 2370 3822 snm,
2402 3748 2436 3806 e,
2458 3759 2500 3806 ε,
2522 3734 2656 3828 magni,

650 3812 719 3882 suit
733 3823 835 3881 antea
850 3829 964 3900 poena
978 3804 1140 3887 oraculo,
1171 3804 1268 3894 quod
1289 3813 1413 3871 recitat
1428 3798 1631 3868 Pausanias.
1678 3853 1818 3922 parvos·

652 3911 693 3982 ld
710 3906 766 3981 his
780 3909 938 3980 versibus
955 3904 1112 3977 reddidi:

651 4049 784 4114 Leuctra
797 4048 876 4110 milii
890 4059 959 4109 siint
975 4065 1080 4121 oniae,
1108 4055 1138 4104 et
1150 4062 1232 4106 mors
1246 4041 1432 4120 nbtissima,
1457 4052 1563 4121 gnatae

702 4149 830 4215 Oocisae
844 4147 966 4212 Soedasi
982 4168 1040 4229 qua
1054 4147 1167 4226 pariere
1184 4145 1270 4206 dnae.

654 4252 716 4315 Hic
732 4266 819 4315 atrox
833 4255 883 4312 fiet
898 4267 1018 4331 pogna,
1044 4258 1074 4305 et
1089 4247 1260 4307 saevissima
1274 4244 1388 4318 medes,

703 4354 814 4417 Fatalis
830 4351 951 4436 quando
970 4349 1084 4410 venerit
1099 4349 1152 4406 illa
1168 4344 1242 4407 dias.

656 4452 759 4536 Quam
773 4459 858 4538 prins
872 4451 954 4514 baud
971 4452 1132 4534 quisquam
1147 4450 1246 4524 norit,
1272 4464 1363 4526 quam
1377 4439 1490 4507 Dorica
1505 4446 1602 4525 puiaa

703 4555 837 4620 Aminei
851 4556 962 4630 robur,
987 4552 1177 4632 militiaeque
1193 4548 1294 4610 duces.

1780 3963 1851 4036 Hic
1862 3961 1966 4036 lason
1982 3967 2127 4037 domum
2142 3992 2305 4042 reversus
2319 3972 2441 4043 fraude
2454 3969 2659 4042 interiectus

1679 4078 1743 4139 est.
1792 4065 1956 4160 Cumque
1981 4068 2020 4137 iii
2049 4064 2235 4143 Thessalia
2258 4087 2378 4144 contra
2400 4087 2578 4167 tyrannos
2602 4071 2661 4143 ali-

1679 4189 1767 4260 quae
1784 4166 1941 4237 civitates
1956 4191 1976 4237 a
1990 4163 2175 4241 Thebanis
2187 4173 2355 4259 auxilium
2369 4184 2557 4261 peterent,
2584 4198 2657 4266 pro·

1679 4270 1791 4339 fectus
1806 4291 1847 4338 eo
1863 4265 2071 4359 Pelopidas,
2095 4286 2214 4364 postca
2235 4295 2255 4340 a
2277 4285 2425 4362 tyranno
2446 4266 2653 4344 Alexandra

1680 4364 1818 4439 Phereo
1839 4382 1961 4461 captus
1980 4382 2050 4456 est,
2092 4373 2191 4443 cuius
2208 4382 2303 4440 tanta
2322 4369 2391 4440 luit
2413 4369 2596 4456 saevicia,
2627 4386 2652 4443 u
2689 4382 2693 4415 ¹

1682 4465 1844 4540 homines
1860 4471 1960 4541 vivos
1981 4471 2135 4543 insueret
2155 4492 2321 4541 ursomm
2344 4471 2522 4563 pellibus,
2551 4489 2588 4546 et
2608 4499 2652 4545 ci-
2692 4494 2695 4531 Ι

1681 4594 1744 4639 nes
1758 4584 1880 4641 contra
1893 4594 1952 4643 eos
1968 4572 2136 4642 incitaret.
2179 4571 2288 4642 Acin
2305 4572 2418 4666 prima
2433 4575 2651 4664 expeditione

571 4763 574 4770 ¹
753 4681 861 4753 Tacta
876 4692 1058 4750 astantem
1075 4698 1191 4768 pugna
1206 4670 1411 4747 Leuctrica:
1681 4667 1903 4757 Thessalica,
1942 4697 2022 4743 cum
2044 4669 2251 4764 Pelopidam
2275 4672 2402 4744 fraude
2423 4688 2574 4765 captum
2594 4696 2653 4747 essa

652 4778 763 4856 Auno
777 4777 980 4851 Artaxerxis
994 4780 1057 4852 dt
1680 4767 1947 4863 Epaminondas
1968 4772 2125 4859 audiret,
2145 4775 2323 4865 proiectus
2340 4799 2385 4845 eo
2397 4798 2476 4845 cum
2494 4780 2650 4856 exercitu.

651 4881 761 4955 Auno
784 4879 847 4955 29.
875 4891 954 4973 post
983 4900 1137 4969 pugnam
1156 4869 1336 4973 Lysandri
1354 4872 1401 4942 ad
1424 4866 1541 4961 Aegos
1563 4868 1634 4942 Po-
1681 4885 1819 4944 tantuin
1837 4874 1982 4946 incussit
1996 4870 2207 4945 Alexandro
2227 4889 2415 4961 terrorem,
2440 4887 2484 4947 ut
2498 4882 2650 4950 redderit

702 4999 836 5058 tamon·
1680 4972 1749 5064 ipsi
1765 4973 1885 5045 vivum
1907 4989 1940 5046 et
1963 4973 2178 5044 incolumem
2196 4971 2419 5068 Pelopidam.
2469 4973 2527 5051 lta
2543 4981 2609 5051 fidi
2625 4986 2655 5043 ct

652 5081 764 5155 liiitio
780 5081 865 5155 anni
882 5080 1028 5152 secundi
1046 5072 1274 5174 Olympiadis
1294 5073 1505 5150 centesimae
1523 5086 1557 5144 ct
1578 5094 1634 5142 sc·
1681 5075 1811 5146 virtute
1831 5077 1936 5146 amici
1955 5073 2145 5165 Pelopidas
2169 5091 2252 5147 tiinc
2275 5091 2436 5148 servatus
2454 5093 2525 5151 est.
2597 5077 2655 5150 sed

704 5189 859 5269 cunilae,
885 5184 942 5251 die
958 5183 1084 5275 quinto
1102 5178 1212 5255 lunii.
1680 5193 1802 5268 postea
1818 5199 1979 5246 reversus
1995 5177 2034 5246 iii
2049 5174 2269 5248 Thessaliam
2286 5176 2488 5270 Pelopidas,
2527 5179 2571 5249 iii
2598 5178 2657 5248 atie

573 5321 579 5331 ·
651 5283 762 5361 Anno
794 5298 876 5357 ante
913 5281 1055 5354 initium
1088 5279 1190 5368 regni
1223 5271 1419 5346 Alexandri
1455 5273 1633 5346 tricesimo
1681 5277 1855 5347 diiiiicans
1878 5301 1897 5343 a
1923 5276 2067 5371 tyranni
2081 5279 2235 5350 exercitii
2251 5280 2449 5349 intui-sectus
2465 5293 2535 5353 est.
2595 5280 2652 5374 Ty·
2679 5300 2682 5311 ·

702 5400 821 5474 aerio,
847 5383 1117 5479 quodomnium
1131 5377 1341 5468 scriptorum
1363 5398 1536 5446 consensu
1557 5376 1633 5444 col-
1679 5397 1815 5445 caimos
1844 5400 1927 5447 vero
1955 5391 2076 5470 postca
2104 5379 2206 5448 domi
2233 5403 2255 5449 a
2285 5378 2442 5467 coniugis
2478 5381 2652 5459 fiairitiii

569 5560 572 5565 .
700 5488 894 5563 locatorio
910 5505 1044 5554 anuum
1065 5477 1220 5570 primum
1235 5472 1463 5571 Olympiadis
1480 5477 1631 5546 centesi·
1678 5475 1769 5544 laces
1785 5490 1924 5549 tenente
1940 5480 2110 5571 coniuge,
2141 5482 2321 5551 dormiens
2334 5478 2540 5553 trucidatus
2554 5499 2619 5555 est.

700 5617 780 5664 mae
795 5604 832 5661 et
844 5584 1065 5656 undecim&
1778 5607 1916 5685 Interea
1933 5616 2019 5685 dum
2034 5609 2200 5685 Thebani
2216 5612 2374 5705 occupati
2396 5629 2484 5686 snut
2510 5622 2645 5693 motiliu

748 5721 828 5798 Etsi
843 5730 959 5788 autem
975 5713 1144 5807 usquead
1157 5666 1378 5782 Leuctricam
1398 5710 1534 5779 cladem
1560 5731 1629 5776 nn-
1649 5745 1654 5830 i
1677 5704 1907 5796 Thessalicis,
1944 5729 1979 5785 et
2008 5714 2078 5805 ipsi
2107 5729 2142 5786 ct
2170 5714 2465 5798 Lacedaemonii,
2511 5734 2548 5792 et
2581 5724 2646 5790 aiiii

644 5842 831 5902 merantur
850 5816 937 5893 anni
957 5815 1180 5909 principatus
1199 5807 1386 5904 Spartani,
1409 5821 1529 5879 tamen
1553 5832 1626 5878 non
1648 5837 1656 5908 ζ
1675 5811 1832 5885 civitates
1847 5819 2059 5900 ostendunt,
2085 5838 2256 5908 scpsceni
2268 5817 2484 5893 Antalcidae
2498 5848 2579 5895 noii
2592 5823 2646 5892 iio

2646 5986 2664 6276 i
