6025 6775
1145 743 1295 824 631

2668 718 3652 801 DISPUTATIONES

5042 749 5200 827 σεε
5238 849 5241 855 ,

1374 905 1494 982 17.
1557 900 1655 977 Et
1682 917 1921 975 tamen
1946 894 2177 969 Filius
2206 892 2552 966 adsumsit
2588 887 2978 968 humanam
3015 919 3149 967 na-
3249 897 3618 989 dignitate'.
3712 871 3995 975 Scimus
4039 924 4172 974 nos
4217 899 4534 980 meritos
4559 933 4705 983 esse
4732 937 5027 1007 poenas,
5075 923 5220 992 sci-

1169 1032 1437 1096 turam,
1515 1019 1584 1077 et
1621 1019 1725 1076 est
1768 1000 2042 1086 Homo,
2125 1022 2278 1071 non
2326 994 2574 1085 Pater,
2651 1020 2784 1068 nec
2835 995 3153 1090 Spiritus
3245 1022 3406 1069 mus
3446 997 3683 1071 Deum
3722 1001 3905 1074 iuste
3951 1005 4154 1076 irasci
4200 1012 4502 1098 peccatis
4555 1015 4843 1087 nostris.

3250 1100 3561 1173 clamitat
3595 1102 3675 1170 iu
3703 1105 4035 1177 cordibus
4063 1105 4503 1197 singulorum
4523 1166 4545 1197 ,
4598 1138 4862 1204 poenas
4906 1119 5225 1191 testimo-

1172 1125 1473 1190 ”nelm-

4956 1015 5052 1090 Et
5103 1023 5218 1094 lex

1384 1209 1504 1285 18.
1581 1202 1680 1280 Et
1719 1225 1908 1277 unus
1944 1215 2052 1276 est
2093 1196 2459 1284 Christus,
2537 1199 2732 1273 Deus
2775 1213 2846 1271 et
2888 1197 3159 1287 Homo,
3252 1202 3455 1272 nium
3485 1225 3632 1272 esse
3660 1204 3912 1276 iudicii
3956 1207 4219 1290 divini,
4288 1212 4477 1303 quod
4525 1235 4567 1282 a
4597 1210 4752 1285 Deo
4792 1219 5051 1289 abiecti
5089 1222 5233 1293 sint

1178 1336 1479 1406 regnans
1524 1323 1592 1379 et
1641 1329 1944 1401 operans
1989 1329 2152 1377 cum
2197 1317 2483 1374 aeterno
2512 1301 2725 1374 Patre
2773 1315 2842 1372 et
2880 1301 3161 1398 Spiritu

1183 1428 1445 1487 sancto.
1546 1406 1646 1479 Et
1687 1432 1848 1479 cum
1895 1406 2107 1477 Patre
2151 1418 2437 1476 aeterno
2488 1417 2559 1475 et
2599 1404 2875 1497 Spiritu
2919 1415 3161 1474 sancto

1176 1512 1659 1594 invocandus,
1702 1508 2121 1590 exaudiens,
2172 1530 2377 1598 opem
2407 1507 2672 1592 ferens,
2714 1506 3011 1575 salvans.

1392 1612 1510 1685 19.
1581 1606 1681 1681 Et
1724 1609 1982 1680 fiducia
2025 1608 2158 1677 filii
2186 1604 2609 1678 Mediatoris
2656 1620 2724 1678 et
2764 1603 3165 1679 Sacerdotis

1183 1713 1661 1789 accedendum
1694 1725 1799 1782 est
1828 1712 1917 1782 ad
1955 1710 2223 1782 Deum.

1290 1898 1295 1904 ,
1387 1813 1508 1888 20.
1577 1810 1727 1883 Νεε
1768 1811 2062 1882 accendi
2105 1820 2335 1900 potest
2373 1808 2528 1877 sine
2570 1831 2741 1878 voce
2764 1803 3161 1897 Evangelii,

1188 1940 1367 2012 quae
1399 1917 1640 1994 docet,
1703 1934 1837 1983 nos
1876 1912 2094 2002 gratis
2139 1922 2430 2000 propter
2470 1907 2697 1980 filium
2736 1909 2872 1981 Dei
2921 1909 3164 2000 recipi,

1189 2034 1260 2090 et
1302 2019 1527 2088 iustos
1557 2013 1890 2105 reputari.
1990 2009 2198 2080 Hanc
2238 2005 2454 2079 fidem
2500 2011 2905 2101 praelucere
2952 2032 3169 2102 opor-

1192 2132 1294 2191 tet
1326 2120 1405 2188 in
1438 2117 1635 2187 omni
1661 2112 2131 2185 invocatione.

1396 2219 1520 2292 21.
1602 2213 2065 2285 Manifestum
2127 2225 2232 2282 est
2291 2224 2524 2283 autem
2548 2264 2565 2296 ‚
2637 2212 3036 2284 doctrinam
3083 2212 3171 2280 de

1190 2317 1327 2393 hac
1402 2319 1540 2388 fide
1618 2316 1920 2386 deletam
1990 2311 2208 2383 fuisse
2289 2311 2754 2405 opinionibus
2846 2308 3172 2396 ethnicis,

1197 2444 1372 2516 quas
1405 2417 1802 2489 defendunt
1827 2413 2189 2507 Papistae‚
2235 2414 2426 2506 quod
2454 2413 2548 2483 sit
2575 2413 3050 2484 dubitandum
3081 2415 3171 2483 de

1196 2520 1612 2592 remissione
1641 2528 2083 2608 peccatorum
2103 2566 2125 2599 ‚
2173 2516 2368 2607 quod
2402 2515 2494 2585 sit
2521 2514 2989 2586 dubitandum
3010 2566 3034 2598 ,
3079 2535 3172 2583 an

1200 2644 1440 2714 preces
1489 2630 1771 2688 nostrae
1818 2617 2138 2707 placeant
2186 2630 2258 2687 et
2300 2615 2754 2707 recipiantur.
2852 2611 2949 2685 Et
2979 2615 3172 2707 quod

1198 2722 1646 2794 sentiendum
1680 2718 1807 2801 sit,
1850 2723 1982 2786 nos
2008 2727 2297 2808 propter
2324 2730 2566 2788 nostra
2596 2716 2847 2787 merita
2879 2716 3122 2806 recipi.

1385 2827 1527 2912 22.
1593 2817 2055 2890 Manifestum
2082 2830 2221 2906 est,
2271 2830 2340 2888 et
2373 2817 2564 2888 idola
2609 2818 2687 2886 in
2726 2817 3175 2888 invocatione

1194 2924 1560 3018 proposita
1593 2943 1778 3005 esse,
1826 2918 2092 2989 scilicet
2120 2930 2418 3004 statuas,
2467 2931 2785 2990 mortuos
2828 2913 3176 3001 homines,

1200 3039 1275 3095 ει
1306 3024 1567 3097 multos
1594 3023 1806 3092 falsos
1840 3020 2068 3091 cultus
2111 3019 2533 3111 excogitatos
2576 3043 2757 3104 esse,
2806 3033 2889 3089 ut
2920 3019 3174 3110 depra-

1200 3127 1522 3198 vationes
1553 3117 2160 3206 coenaeDomini,
2209 3116 2708 3198 monachatus,
2761 3118 3175 3189 satisfactio-

1199 3251 1349 3301 nes.
1450 3223 1645 3295 Haec
1676 3248 1834 3294 cum
1863 3222 2008 3293 sint
2039 3222 2445 3305 manifesta,
2495 3243 2642 3289 non
2670 3234 2856 3292 recte
2885 3220 3176 3304 faciunt,

1203 3330 1330 3419 qui
1360 3337 1719 3417 praetextu
1750 3324 2060 3394 nominis
2090 3319 2478 3406 Ecclesiae,
2528 3335 2823 3394 tuentur
2852 3334 2923 3394 et
2956 3321 3174 3393 stabi-

1206 3428 1396 3497 liunt
1431 3448 1740 3510 errores,
1790 3438 1911 3496 aut
1939 3427 2028 3495 ad
2059 3447 2176 3495 eos
2206 3426 2526 3494 redeunt.
2640 3446 2649 3453 ·

1407 3526 1533 3601 23.
1596 3523 1817 3616 Saepe
1843 3527 2270 3617 praedicitur
2303 3525 2378 3592 in
2424 3523 2886 3601 concionibus
2908 3517 3173 3595 Christi

1208 3643 1275 3699 et
1306 3623 1849 3719 Apostolorum,
1914 3627 1993 3695 in
2035 3625 2161 3702 illo
2211 3624 2367 3716 ipso
2415 3636 2651 3708 coetu,
2715 3625 2841 3717 qui
2885 3637 3179 3693 vocatur

1202 3726 1552 3814 Ecclesia,
1615 3751 1941 3818 maguam
1984 3728 2137 3797 fore
2179 3723 2717 3794 multitudinem
2760 3725 3173 3794 errantium.

1206 3827 1332 3900 Ait
1374 3831 1566 3899 enim
1608 3825 1966 3900 Christus:
2039 3824 2261 3896 Multi
2306 3820 2975 3917 pseudoprophetae
3019 3849 3176 3895 sur-

1205 3945 1410 4020 gent,
1463 3944 1533 4000 et
1561 3931 1897 4000 seducent
1933 3925 2210 3996 multos.

1190 4034 1195 4039 ’
1411 4032 1535 4105 24.
1601 4029 1877 4101 Interea
1907 4039 2146 4098 tamen
2170 4023 2484 4098 Ecclesia
2520 4026 2756 4122 aliqua
2791 4025 2926 4098 Dei
2974 4050 3176 4097 man-

1212 4134 1340 4214 sit,
1396 4146 1474 4202 ut
1509 4132 1586 4200 in
1619 4128 1873 4200 Iudaea
1918 4129 2378 4219 regnantibus
2405 4125 2700 4216 Atheis,
2746 4127 3175 4201 Sadducaeis

1204 4249 1269 4305 et
1312 4229 1749 4318 Pharisaeis,
1800 4246 2034 4304 tamen
2083 4231 2343 4302 mansit
2383 4225 2737 4317 Ecclesia,
2787 4246 2989 4302 erant
3037 4230 3177 4300 Za-

1204 4329 1518 4420 charias,
1570 4333 1896 4418 Simeon,
1944 4327 2348 4415 Elisabeth,
2415 4330 2685 4412 Maria,
2748 4328 3051 4417 Hanna,
3108 4345 3177 4401 et

1205 4436 1330 4505 alii
1377 4438 1630 4520 multi,
1705 4437 1893 4526 apud
1947 4454 2124 4526 quos
2170 4430 2532 4502 doctrinae
2582 4431 2849 4523 puritas
2896 4433 3177 4519 mansit,

1209 4549 1279 4602 et
1307 4534 1430 4603 alii
1461 4537 1619 4625 plus
1638 4590 1658 4618 ,
1708 4536 1831 4607 alii
1857 4534 2094 4604 minus
2121 4533 2300 4603 lucis
2335 4527 2758 4602 habuerunt.

1412 4633 1536 4708 25.
1598 4633 1985 4705 Moventur
2011 4630 2338 4704 homines
2364 4630 2571 4703 titulo
2603 4628 2998 4716 Ecclesiae,
3052 4637 3174 4705 de-

1202 4734 1560 4803 formitate
1628 4734 2144 4824 dissipationis,
2234 4731 2585 4804 scandalis
2643 4734 3049 4806 docentium
3109 4748 3177 4807 et

1201 4831 1644 4928 Principum.
1748 4831 2176 4926 Quanquam
2207 4845 2438 4905 autem
2483 4856 2687 4927 saepe
2732 4836 3002 4907 duriter
3045 4861 3175 4929 op-

1202 4952 1609 5028 pugnantur
1637 4935 1858 5006 animi
1892 4930 2004 5005 his
2032 4935 2223 5022 telis,
2272 4949 2505 5007 tamen
2538 4961 2979 5031 opponamus
3023 4963 3174 5009 ma-

1200 5038 1485 5107 nifestos
1517 5063 1785 5109 errores
1817 5033 2159 5123 hostium,
2213 5050 2281 5109 et
2308 5037 2648 5126 sciamus,
2700 5040 3031 5110 omnibus
3062 5065 3173 5109 re-

1198 5138 1334 5209 bus
1387 5141 1916 5210 anteferendum
1982 5163 2128 5209 esse
2194 5140 2604 5210 mandatum
2659 5139 2827 5211 Dei:
2892 5137 3173 5232 ⁸Fugite

1196 5239 1411 5310 idola.
1516 5235 1816 5309 Etiamsi
1849 5240 2040 5311 videt
2068 5239 2333 5309 Moises
2359 5262 2651 5329 regnum
2674 5243 2974 5336 Aegypti
3008 5245 3173 5335 pul-

1198 5340 1583 5410 cerrimum
1623 5341 1884 5423 everti,
1937 5340 2208 5409 etiamsi
2260 5362 2516 5427 magno
2564 5366 2722 5412 cum
2766 5345 3012 5415 dolore
3065 5345 3172 5412 vi-

1194 5443 1367 5512 dent
1399 5435 1724 5530 Apostoli
1772 5435 2209 5509 horribiliter
2236 5438 2567 5527 dissipari
2600 5443 2866 5532 optime
2897 5445 3170 5513 consti-

1196 5555 1416 5613 tutam
1451 5540 1801 5633 politiam,
1854 5550 1921 5608 et
1950 5537 2247 5629 patriam
2273 5538 2596 5609 funditus
2625 5544 2877 5613 deleri:
2930 5556 3170 5615 tamen

1193 5642 1708 5715 confessionem
1739 5639 2053 5712 veritatis
2076 5662 2222 5708 non
2250 5638 2621 5713 abiiciunt.

1394 5744 1518 5818 26.
1599 5741 1833 5815 Multa
1891 5755 2060 5812 suut
2117 5740 2616 5831 impedimenta
2673 5741 3167 5829 invocationis,

3256 1304 3671 1379 calamitosi.
3773 1305 4043 1379 Contra
4065 1302 4237 1379 haec
4278 1322 4594 1383 teneatur
4626 1317 4953 1389 doctrina
4984 1317 5232 1393 Evan-

3257 1405 3461 1494 gelii,
3481 1444 3486 1452 -
3509 1405 3599 1475 de
3627 1408 4068 1497 poenitentia
4106 1421 4175 1479 et
4206 1411 4609 1485 remissione
4632 1432 5120 1509 peccatorum,
5166 1438 5236 1494 et

3259 1508 3346 1574 de
3394 1506 3582 1577 fide-³
3654 1505 4086 1605 Quanquam
4116 1532 4360 1582 sumus
4385 1511 4697 1604 indigni,
4742 1530 4982 1590 tamen
5012 1545 5236 1612 agen-

3265 1618 3371 1676 tes
3403 1608 3948 1698 poenitentiam,
3999 1625 4070 1682 et
4103 1613 4463 1683 credentes
4491 1613 4568 1684 in
4582 1601 4945 1692 Christum
4971 1623 5237 1716 recipi-

3263 1731 3466 1792 mur,
3517 1722 3585 1780 et
3614 1710 3979 1795 iuvamur,
4021 1712 4203 1784 sicut
4252 1714 4590 1805 seriptum
4637 1731 4767 1788 est:
4841 1719 5094 1794 Venite
5138 1729 5233 1795 ad

3260 1831 3376 1979 {ine
3408 1833 3653 1879 omnes
3683 1813 3812 1906 qui
3842 1814 4181 1886 laboratis
4212 1827 4279 1888 et
4309 1816 4585 1887 onerati
4613 1819 4805 1908 estis,
4857 1834 4926 1893 et
4960 1847 5085 1915 ego
5115 1848 5231 1895 re-

3310 1933 3491 1980 ciam
3520 1935 3666 1981 vos.

3437 2180 3702 2304 ²(LV.)
3767 2185 3975 2257 Alia
4042 2186 4625 2279 disputatio:
4679 2191 4788 2309 'de
4828 2195 5031 2272 Fide.

3268 2367 3458 2450 Erat
3485 2376 3850 2448 Wicelius
3876 2391 3943 2449 et
3971 2380 4271 2463 similes,
4321 2396 4393 2454 et
4435 2387 4816 2477 caliginem
4861 2393 5246 2471 offundunt

3267 2478 3653 2548 sententiae
3683 2477 3933 2564 Pauli,
3988 2503 4146 2549 cum
4179 2482 4258 2550 in
4291 2479 4428 2555 hoc
4468 2487 4655 2560 dicto
4695 2489 4943 2562 Pauli:
5008 2490 5196 2566 Fid
5213 2520 5249 2567 ι

3270 2577 3302 2645 i
3315 2604 3360 2646 u
3375 2601 3414 2646 s
3431 2586 3458 2646 t
3475 2577 3597 2674 {fi
3608 2602 3641 2648 c
3656 2603 3705 2647 a
3725 2603 3797 2646 m
3817 2605 3862 2647 u
3885 2604 3923 2647 r
3939 2633 3960 2666 ,
4011 2594 4271 2671 negant
4313 2584 4451 2654 fide
4491 2589 4873 2678 significari
4922 2595 5247 2670 fiduciam

3270 2681 3825 2770 misericordiae,
3875 2693 4163 2772 propter
4186 2678 4557 2756 Christum
4589 2695 5009 2782 promissae.

3471 2816 3546 2889 2.
3609 2812 3790 2885 Cum
3822 2816 4011 2884 enim
4029 2814 4295 2888 Paulus
4322 2816 4575 2897 Roma.
4604 2822 4673 2894 4.
4703 2827 5038 2915 affirmet,
5091 2857 5243 2905 non

3271 2940 3473 3008 posse
3516 2916 3737 3008 accipi
3784 2918 4202 3007 promissam
4248 2923 4735 2995 remissionem
4775 2945 5244 3021 peccatorum,

3270 3018 3413 3086 nisi
3471 3018 3642 3102 fide,
3704 3039 3981 3087 necesse
4038 3031 4140 3089 est
4204 3020 4506 3112 intelligi
4563 3026 4889 3099 fiduciam
4961 3033 5244 3105 miseri-

3273 3118 3571 3188 cordiae.
3672 3116 3790 3189 Sic
3835 3119 4041 3186 fidem
4088 3132 4159 3191 et
4186 3118 4487 3194 Basilius
4526 3126 4916 3217 intellexit,
4960 3147 5031 3203 et
5057 3152 5244 3208 recte

3272 3220 3409 3300 ait,
3491 3241 3730 3289 veram
3793 3220 4142 3289 iusticiam
4213 3223 4366 3294 sola
4417 3225 4556 3298 fide
4612 3232 5055 3323 contingere,
5149 3239 5245 3307 sic

3275 3321 3467 3390 enim
3515 3319 3654 3391 ait:
3736 3315 3776 3392 ὃ
3815 3314 4329 3416 καυχώμενος,
4395 3323 4478 3399 ἐν
4523 3324 4762 3427 κυρίῳ
4799 3329 5244 3429 καυχάσθω.
5315 3383 5320 3389 -

3277 3415 3476 3515 αὑτὴ
3505 3417 3655 3520 γὰρ
3685 3416 3780 3515 δὴ
3810 3418 3856 3516 ἡ
3882 3420 4116 3495 τέλεια
4128 3476 4154 3510 ,
4207 3421 4336 3497 καὶ
4369 3420 4758 3528 ὁλόκληρος
4779 3428 5138 3530 καύχησις
5163 3439 5244 3512 ἐν

3273 3523 3438 3619 θεῷ
3448 3574 3471 3607 ,
3527 3519 3647 3594 ὅτε
3686 3516 3871 3616 μήτε
3916 3519 4034 3596 ἐπὶ
4092 3521 4529 3625 δικαιοσύνῃ
4577 3529 4691 3614 τὶς
4733 3531 5106 3634 ἐπαίρεται
5147 3545 5244 3633 τῇ

3275 3623 3583 3708 ἑαυτοῦ,
3671 3620 3858 3696 ἀλλὰ
3916 3622 4109 3722 ἔγνω
4142 3623 4286 3718 μὲν
4328 3626 4543 3724 ἐνδεῆ
4589 3631 4774 3708 ὄντα
4817 3634 5089 3714 ἑαυτὸν
5129 3636 5246 3713 δι’·

3273 3717 3671 3817 καιοσύνης
3698 3721 4054 3818 ἀληθοῦς,
4096 3722 4334 3799 πίστει
4357 3724 4444 3800 δὲ
4464 3725 4666 3826 μόνῃ
4691 3741 4789 3828 τῇ
4810 3738 4914 3819 εἲς
4932 3737 5244 3836 χριστὸν

3276 3821 3873 3918 δεδικαιωμένων
3905 3840 4059 3913 ειε.,
4094 3827 4217 3921 qui
4244 3829 4609 3925 gloriatur,
4652 3834 4729 3903 iu
4743 3833 5060 3921 Domino
5089 3841 5254 3929 glo-
5329 3914 5334 3919 ,

3276 3930 3521 3998 rietur.
3620 3928 3814 3998 Haec
3842 3941 3947 3999 est
3973 3929 4164 3998 enim
4195 3931 4498 4023 perfecta
4538 3946 4609 4005 et
4656 3934 4927 4026 integra
4973 3938 5242 4027 gloria-

3277 4030 3379 4101 tio
3412 4030 3489 4097 in
3519 4028 3670 4100 Deo
3688 4079 3710 4110 ,
3763 4030 4049 4122 quando
4078 4055 4309 4127 neque
4338 4046 4625 4126 propter
4657 4035 5009 4108 iusticiam
5039 4062 5272 4112 suam-

3277 4131 3649 4225 quisquam
3688 4129 4013 4217 effertur,
4064 4135 4189 4203 sed
4235 4136 4552 4226 agnoscit
4595 4158 4666 4207 se
4709 4137 5031 4228 indigere
5080 4134 5248 4213 vera

3277 4232 3551 4304 iusticia
3568 4280 3590 4312 ,
3639 4231 3778 4301 fide
3803 4244 4039 4305 autem
4068 4257 4108 4305 s
4127 4229 4283 4306 ola
4309 4236 4387 4307 in
4413 4232 4778 4310 Christum
4809 4228 5195 4318 iustificari.

3277 4518 3554 4616 (LVI.)
3605 4527 3783 4592 Edita
3811 4547 3902 4596 ex
3936 4521 4362 4620 ἅρχέτυπῳ,’
4401 4532 4489 4594 sio
4517 4530 4848 4615 inscriptos
4893 4522 5249 4625 'Dilmun-4

3278 4629 3535 4695 tatio
3582 4626 3690 4699 de
3722 4629 4390 4716 Matrimonia,
4459 4628 5012 4727 contrahas.
5051 4632 5254 4705 Pon-
5353 4720 5360 4725 ,

3279 4722 3600 4822 tificiam
3645 4727 3738 4800 de
3769 4726 4176 4819 coelibatu,
4239 4731 4532 4803 Auctore
4555 4728 5026 4823 Μθόφάη
5051 4732 5254 4819 Goe'n-
5313 4728 5354 4819 ’ζ

3277 4833 3603 4924 ταρίεεν,
3692 4834 4051 4904 saxonici
4105 4830 4421 4925 Collegit·
4477 4828 4692 4920 apua
4711 4824 5254 4925 mordin-
5351 4904 5356 4911 .

3278 4932 3616 5005 Decano.
3698 4935 3884 5006 Cum
3916 4929 4408 5025 praefatione
4452 4937 4552 5005 D.
4580 4929 4921 5029 Philippi
4953 4937 5253 5011 Melan*

3275 5031 3548 5106 thoni-5.
3654 5029 4060 5132 [Vitebergce.
4132 5041 4320 5101 Anno
4352 5037 4540 5105 ΜΛ]-
4568 5037 4925 5125 XLVLfi
4958 5040 5089 5105 5⁰1„
5141 5045 5245 5125 Β.)

3274 5139 3416 5203 Non
3468 5163 3502 5203 a
3553 5139 3939 5205 Melanthone
3985 5163 4108 5204 esse
4152 5145 4488 5225 profectam
4544 5141 4700 5209 hana
4753 5145 5245 5248 wetinus-m,

3275 5265 3400 5305 non
3437 5244 3681 5329 quidem
3711 5246 3966 5307 auctoris
3992 5242 4412 5325 Kantngieseri
4442 5238 4885 5329 num-{Q
4913 5238 5245 5325 Philippu:

3275 5367 3450 5427 saepe
3502 5353 3613 5428 pro
3654 5348 3789 5407 aliis
3823 5349 4184 5425 laboravit),
4240 5349 4340 5409 sed
4372 5351 4576 5429 potius
4600 5349 4765 5425 aa,
4805 5358 4989 5425 qum
5025 5349 5249 5413 tribuit

3273 5445 3369 5507 his
3403 5451 3918 5530 propositionibus
3951 5454 4015 5513 in
4052 5441 4423 5533 praefationu-
4450 5440 4813 5537 (qmvffla
4849 5445 4913 5505 ΙΙΙ
4941 5441 5248 5525 Epistulis
5334 5501 5337 5503 μ

3272 5552 3412 5607 anui
3444 5550 3640 5631 1546)
3672 5564 3730 5614 et
3755 5557 4180 5635 postscriptum
4211 5533 4522 5634 praelusit}
4564 5544 4733 5634 {⁵2:103
4753 5533 5049 5610 ‘tumus
5081 5569 5185 5614 11111

3270 5651 3378 5726 sit3
3431 5650 3708 5715 videlicet
3736 5658 3802 5715 iu
3831 5658 3948 5716 fine
3977 5658 4292 5738 leguntur:
4340 5654 4344 5662 '
4368 5646 4837 5734 „ffibmhim
4865 5650 4941 5712 *in
4965 5646 5101 5714 Gal!

3269 5744 3585 5810 Saxonum
3618 5753 3722 5820 17.
3754 5756 3852 5817 dio
3867 5755 4104 5834 Martii,
4160 5754 4556 5838 respondente
4584 5750 4853 5834 loseph&
4869 5750 5025 5814 Ea·-

1184 5845 1304 5914 sed
1368 5844 1557 5916 inter
1621 5843 1996 5937 praecipua
2054 5856 2157 5914 est
2215 5841 2544 5933 cogitatio
2602 5844 2691 5913 de
2750 5855 2988 5914 nostra
3050 5843 3166 5914 in-
3266 5852 3584 5919 venerandi
3626 5858 3781 5920 senis
3822 5876 3892 5920 ao
3935 5862 4060 5923 veri
4096 5849 4925 5938 amomumffigum
