6025 6775
640 667 699 764 ω.
1212 649 1380 736 unca.
1409 653 1492 733 ua·
1526 655 1768 736 aranon.
1801 655 2081 745 senuaar.
2602 636 2652 766 ss

646 825 999 939 quoquegustaturos
1013 852 1085 905 esse
1099 827 1189 898 illud
1205 824 1368 900 divinum
1385 842 1516 902 nertar.
1554 831 1627 905 lta·
1674 847 1824 907 strantes
1838 835 1975 923 Deum,
2004 849 2039 909 ct
2056 836 2293 917 discernentes
2311 838 2460 924 honrem
2475 866 2510 926 et
2525 859 2656 951 turpia,

647 968 717 1040 que
731 956 765 1015 et
777 938 1016 1011 definitionem
1038 929 1196 1002 iusticiae
1209 944 1386 1023 acceptam
1400 934 1565 1003 alicunde
1583 953 1626 1005 es
1673 950 1709 1006 et
1723 936 1762 1007 in
1778 932 1946 1007 cordibus
1961 938 2076 1025 dolor,
2100 958 2264 1015 executor
2276 950 2459 1039 scelerum,
2484 969 2654 1050 tanquam

609 1081 614 1088 ·
647 1043 870 1115 sermonibus
889 1062 963 1108 non
986 1025 1438 1119 indoctorum-hominum,
1468 1035 1627 1107 detorse·
1673 1038 1829 1107 carnifex
1843 1061 1938 1108 raam
1953 1052 2115 1111 naturam
2131 1043 2327 1124 destruens.
2378 1048 2560 1127 Haecnon
2579 1083 2654 1132 ρης

646 1159 736 1217 runt
749 1129 873 1213 ad‘has
889 1158 968 1207 suas
988 1133 1216 1224 imposturas:
1241 1131 1383 1202 lustitia
1406 1147 1457 1204 est
1480 1131 1627 1206 societas
1674 1157 1756 1208 casu
1772 1138 1820 1208 ita
1835 1150 1917 1208 nata
1931 1137 2157 1212 manifestum
2176 1158 2239 1218 est.
2259 1193 2264 1204 ·

648 1237 729 1319 cum
743 1242 840 1326 Deo,
865 1259 944 1307 cum
960 1234 1181 1328 aequalitate.
1230 1230 1440 1304 Societatem
1460 1234 1626 1307 cumDeo
1773 1236 1866 1309 Cum
1891 1239 1999 1329 igitur
2018 1242 2056 1310 in
2077 1242 2162 1333 ipsis
2182 1246 2319 1336 legibus
2331 1246 2448 1321 Deum
2463 1278 2654 1344 amamus,

649 1342 970 1436 interpretabantur
989 1358 1062 1406 esse
1079 1335 1159 1404 illos
1180 1333 1350 1420 adflatus,
1372 1346 1408 1404 et
1431 1338 1625 1429 aequalite-
1675 1362 1885 1410 veneremur
1911 1355 2090 1429 autorem,
2133 1357 2169 1415 et
2196 1348 2332 1435 legibus
2364 1368 2511 1444 propter
2539 1354 2654 1428 Deum

650 1462 719 1529 tem
733 1441 860 1512 deinde
881 1436 1146 1527 intelligebant,
1170 1456 1244 1504 non
1263 1434 1463 1506 ordinatam
1477 1438 1555 1527 lege
1568 1438 1626 1507 di·
1674 1441 1918 1532 obtemperare
1951 1446 2163 1516 studeamus.
2229 1445 2368 1520 Deinde
2402 1466 2437 1523 et
2469 1478 2656 1545 precemur

649 1548 730 1615 vina
751 1540 1019 1634 aequalitatem,
1041 1540 1102 1607 sed
1121 1535 1345 1606 confusiones
1365 1536 1625 1627 coniugiorum,
1675 1539 1811 1626 Deum,
1849 1555 1890 1612 ut
1920 1543 2102 1615 confirmet
2126 1545 2264 1617 animos
2293 1565 2451 1633 nostros,
2493 1568 2533 1625 ut
2563 1552 2656 1629 hanc

646 1643 865 1713 Platonicam
888 1636 1244 1711 communicationem
1272 1636 1499 1720 facultatum,
1531 1640 1627 1709 sedi·
1675 1641 2007 1728 luocmintuentes,
2043 1667 2271 1734 agnoscamus
2292 1650 2369 1721 eius
2393 1654 2598 1744 sapientiam
2621 1673 2656 1729 et

646 1744 759 1814 tiones
774 1757 895 1813 contra
911 1739 1140 1829 Magistratus
1154 1750 1219 1809 etc.
1674 1741 1868 1827 iusticiam,
1893 1757 1928 1813 et
1942 1745 2011 1836 ipsi
2033 1746 2240 1817 obediamus
2265 1764 2300 1822 et
2323 1774 2403 1822 eum
2429 1754 2656 1843 celebremus,

686 1840 691 1848 ’
748 1843 885 1938 Tantos
916 1837 1238 1914 furores-extitisse
1275 1837 1348 1909 illis
1382 1837 1624 1911 foelicioribua
1675 1866 1739 1911 nec
1759 1842 1853 1914 sinat
1871 1866 1937 1913 nos
1953 1844 2057 1914 furiis
2071 1847 2256 1917 diabolicis
2271 1839 2405 1944 impelli
2422 1868 2543 1925 contra
2563 1855 2655 1946 leges

647 1946 886 2038 temporibus,
908 1965 987 2013 cum
1009 1934 1126 2011 adhuc
1145 1938 1323 2025 viverent,
1350 1940 1412 2033 qui
1434 1938 1625 2032 Apostolos
1674 1956 1710 2014 et
1726 1937 1914 2014 honestum
1928 1946 2092 2015 ordinem
2108 1948 2154 2018 ab
2168 1949 2245 2039 ipso
2260 1953 2455 2025 conditum.
2507 1952 2656 2027 Movea·

646 2049 857 2120 audiverant
870 2041 1197 2140 (namPolycarpus
1208 2041 1351 2112 auditor
1362 2040 1507 2111 loannis
1523 2035 1624 2131 Apo·
1673 2065 1756 2113 mur
1769 2056 1804 2114 et
1826 2044 1968 2135 poenis,
1992 2070 2083 2139 quae
2102 2050 2230 2119 ordine
2250 2051 2424 2123 divinitus
2444 2055 2578 2126 sancito
2599 2079 2655 2127 se-

645 2139 1074 2239 stolividitMartionem)
1090 2141 1147 2210 vis
1163 2141 1332 2212 credibile
1347 2154 1454 2227 esset,
1474 2140 1544 2211 nisi
1560 2136 1624 2210 has
1674 2155 1836 2236 quuntur
1860 2147 2137 2233 contumaciam,
2162 2163 2203 2219 ut
2225 2151 2320 2222 lilius
2332 2151 2400 2224 Dei
2421 2155 2554 2248 inquit:
2581 2155 2655 2245 Qui

644 2245 812 2320 historias
828 2245 1016 2317 recitarent
1024 2243 1213 2331 scriptores
1229 2241 1327 2333 digni
1345 2242 1424 2323 tide,
1448 2239 1624 2325 Clemens,
1674 2244 1829 2333 gladium
1846 2248 2035 2336 acceperit,
2059 2248 2177 2337 gladio
2195 2251 2335 2340 peribit.
2385 2252 2435 2325 Et
2448 2257 2494 2324 de
2513 2256 2654 2327 incertia

645 2348 823 2429 lustinus,
856 2340 1081 2437 Epiphanius
1103 2356 1137 2412 et
1157 2342 1231 2416 alii.
1295 2342 1366 2413 Sed
1396 2337 1488 2434 proh
1519 2342 1624 2412 dolor
1674 2344 1884 2416 libidinibus
1900 2344 2017 2440 inquit
2034 2357 2101 2417 vo'a
2117 2350 2259 2421 divina:
2284 2348 2416 2424 Omnis
2432 2355 2551 2426 anima
2562 2380 2652 2451 qnae

642 2449 756 2523 multa
769 2448 899 2520 similia
914 2443 1070 2536 exempla
1086 2441 1176 2511 vidit
1191 2455 1310 2512 nostra
1325 2455 1430 2512 aetas.
1459 2438 1624 2534 ,Aliquo-
1673 2444 1795 2515 lecerit
1808 2440 1870 2515 has
1884 2447 2185 2534 abominationes,
2208 2452 2341 2543 peribit
2359 2456 2405 2523 de
2423 2456 2557 2547 populo
2574 2480 2651 2533 suo.

645 2551 711 2622 ties
728 2575 747 2621 a
764 2550 895 2621 talibus
909 2544 1162 2636 impostoribus
1177 2543 1266 2628 [also
1280 2556 1460 2633 praetextu
1476 2543 1622 2631 religio-
1672 2542 1763 2615 Cum
1779 2547 1890 2636 igitur
1905 2548 2134 2620 certissimum
2148 2550 2211 2636 sit,
2236 2553 2357 2625 omnia
2377 2557 2509 2628 atrocis
2524 2559 2653 2629 scelera

645 2652 702 2721 nis
721 2663 836 2721 motae
860 2658 943 2717 sunt
963 2644 1172 2730 seditiones,
1205 2655 1241 2715 et
1263 2643 1407 2714 luerunt
1428 2645 1622 2713 multorum
1673 2646 1833 2716 comitari
1855 2670 2007 2739 poenas,
2027 2649 2249 2722 manifestum
2272 2666 2343 2739 est,
2374 2650 2470 2726 hunc
2489 2658 2652 2736 ordinent

645 2752 770 2842 tragici
800 2750 924 2820 exitus.
985 2744 1133 2817 Necesse
1155 2757 1207 2815 est
1226 2742 1335 2832 igitur
1357 2767 1461 2837 saepe
1482 2742 1624 2813 moneri
1672 2746 1796 2816 divino
1818 2747 1967 2818 consilio
1992 2750 2120 2838 regiet
2139 2755 2350 2826 conservari.
2401 2755 2462 2827 Sic
2482 2772 2651 2849 perpetua

644 2850 804 2940 iuniores
822 2852 867 2921 de
883 2846 955 2918 suis
970 2860 1003 2916 et
1018 2845 1170 2936 publicio
1182 2843 1360 2938 periculis.
1672 2848 1889 2938 experientia
1911 2848 2016 2918 etiam
2038 2849 2195 2922 iudicare
2216 2855 2347 2944 coegit,
2373 2868 2407 2925 et
2420 2859 2574 2929 ostendit
2593 2882 2652 2929 ve.

744 2951 904 3022 Primum
931 2947 1038 3039 igitur
1061 2958 1251 3035 agnoscant
1276 2959 1422 3017 naturae
1448 2939 1624 3014 hnmanae
1673 2949 1892 3018 tusdictum:
1918 2944 2043 3019 Cernit
2056 2946 2153 3020 Deus
2166 2954 2288 3024 omnia
2305 2956 2445 3032 vindex.

644 3052 937 3136 imbecillitatem,
962 3048 1092 3118 deinde
1112 3059 1148 3117 et
1171 3045 1395 3116 diabolorum
1418 3045 1566 3114 insidias
1588 3059 1624 3115 et
1772 3045 1847 3117 llas
1878 3048 2139 3119 admonitiones
2171 3074 2273 3144 saepe
2305 3058 2515 3146 repetimus,
2562 3059 2649 3152 quia

642 3154 789 3227 rabiem.
820 3150 971 3232 :Natura
989 3143 1176 3226 hominum
1191 3168 1342 3238 per-sese
1360 3145 1548 3236 impatiens
1570 3157 1623 3216 est
1670 3141 1768 3218 Deus
1789 3149 1866 3219 vult
1889 3171 1954 3218 uos
1977 3144 2071 3219 hanc
2090 3172 2191 3221 suam
2212 3154 2409 3225 doctrinam
2439 3179 2582 3244 sonare,
2617 3173 2652 3232 et

641 3256 751 3341 freni,
781 3267 823 3325 ut
843 3250 1050 3323 mollissime
1072 3248 1205 3333 dicam,
1237 3259 1272 3318 et
1292 3246 1423 3336 singuli
1441 3269 1507 3315 nos
1527 3246 1622 3335 ipsos
1670 3247 1772 3317 vobis
1787 3249 2016 3319 utilissimum
2040 3260 2110 3334 est,
2133 3251 2177 3320 de
2200 3254 2436 3326 rebus‘tantis
2456 3273 2547 3329 recte
2560 3282 2650 3330 cru·

642 3377 816 3445 amamus,
841 3352 945 3422 nobis
957 3347 1182 3432 blandimur,
1207 3370 1280 3417 non
1297 3348 1434 3420 duriter
1448 3368 1622 3439 repugna·
1670 3347 1755 3418 diri.
1788 3346 1964 3421 AcDeum
1980 3372 2185 3441 precamur,
2209 3366 2251 3425 nt
2268 3354 2306 3424 in
2322 3357 2516 3429 multorum
2531 3373 2652 3451 pecto·

643 3477 723 3546 mus
743 3451 874 3522 nostris
898 3446 1174 3537 cupiditatibus,
1216 3461 1250 3518 et
1275 3470 1377 3535 segre
1398 3450 1546 3518 ierimus
1564 3468 1623 3517 eas
1669 3447 1769 3519 ribus
1785 3452 1953 3522 accendat
1973 3449 2109 3538 lucem,
2134 3476 2204 3546 qua
2225 3455 2299 3546 ipse
2319 3471 2411 3528 recte
2432 3475 2651 3549 agnoscatur,

643 3548 834 3629 coherceri.
889 3546 959 3619 llic
982 3558 1128 3616 naturae
1149 3547 1296 3615 morbus
1316 3569 1396 3614 cum
1419 3570 1491 3615 non
1507 3548 1622 3638 repri-
1669 3562 1705 3618 ct
1734 3550 1906 3642 sapientia
1935 3549 2012 3620 eius
2039 3567 2234 3627 monstrata
2262 3556 2301 3626 in
2325 3556 2463 3648 legibus
2488 3560 2649 3631 conside-

644 3653 755 3729 mitur
773 3648 976 3742 disciplina,
1000 3658 1034 3717 et
1055 3669 1135 3715 cum
1157 3646 1195 3717 fit
1217 3645 1453 3735 contumacia,
1486 3647 1620 3718 diaboli
1668 3662 1776 3723 retur.

643 3767 817 3846 occupant
833 3751 959 3824 talium
979 3743 1166 3818 hominum
1193 3746 1383 3838 impiorum
1406 3761 1440 3819 et
1457 3750 1621 3838 petulan-
1767 3746 1914 3839 Semper
1933 3759 2050 3817 autem
2071 3747 2111 3818 in
2133 3747 2292 3841 imperiis
2313 3758 2540 3832 mediocriter
2561 3787 2649 3833 con.

643 3856 918 3948 tiumpectora,¹
930 3849 1164 3920 reverentiam
1181 3848 1341 3918 omnium
1356 3848 1472 3939 legum
1491 3849 1542 3918 eis
1560 3873 1620 3918 cx-
1667 3849 1799 3920 stitutio
1821 3847 1906 3918 certi
1929 3850 2074 3920 luerunt
2094 3850 2212 3942 legum
2234 3856 2414 3942 custodes,
2441 3873 2480 3929 ut
2496 3857 2648 3933 Athenis

642 3956 802 4049 cutione,
848 3966 885 4025 et
913 3950 1123 4023 confirmant
1151 3948 1288 4020 ordinis
1314 3962 1554 4043 contemptum
1585 3963 1621 4019 et
1667 3962 1769 4020 erant
1790 3941 2080 4044 Νομοφύλακες,
2110 3951 2158 4023 ita
2179 3946 2247 4024 hoc
2266 3967 2421 4048 temporo
2441 3959 2480 4029 in
2501 3956 2648 4055 Europa

644 4048 807 4128 licentiae
823 4077 996 4139 amorem,
1021 4064 1056 4122 et
1071 4050 1154 4121 odio
1170 4046 1236 4121 Dei
1253 4064 1289 4123 et
1300 4046 1476 4121 Ecclesiae
1493 4051 1621 4142 impel-
1665 4064 1751 4121 sunt
1775 4051 1869 4119 luris
1887 4046 2074 4138 Doctores,
2105 4054 2167 4148 qui
2188 4055 2344 4146 profecto
2366 4083 2530 4150 magnum
2555 4087 2648 4135 onus

643 4161 724 4230 lunt
745 4158 834 4230 alios
853 4157 898 4226 ad
923 4154 1111 4224 seditiones
1133 4155 1343 4236 movendas,
1374 4153 1463 4222 alios
1490 4153 1535 4220 ad
1557 4152 1621 4220 ab·
1667 4152 1706 4219 in
1721 4150 1918 4241 Republica
1937 4154 2123 4230 sustinent.
2171 4152 2221 4225 Hi
2243 4161 2498 4232 controversias
2518 4164 2647 4234 aisaci-

642 4262 749 4350 surda
771 4273 807 4330 et
827 4255 1023 4350 perniciosa
1045 4256 1208 4344 dogmata
1229 4255 1442 4344 spargenda,
1471 4268 1513 4323 ut
1532 4253 1621 4322 liant
1667 4252 1770 4322 limas
1793 4251 1832 4320 in
1851 4252 1930 4322 soro
1951 4252 2171 4343 diiudicant,
2210 4250 2248 4325 hi
2273 4275 2398 4350 regunt
2422 4265 2645 4352 gravissimas

640 4363 793 4434 maiores
815 4357 1083 4430 dilacerationes
1101 4356 1238 4444 generis
1253 4350 1419 4440 humani,
1441 4356 1565 4424 caedes
1585 4365 1621 4424 et
1665 4352 1940 4422 deliberationes
1963 4354 2001 4422 in
2030 4358 2148 4438 curis,
2170 4359 2330 4430 debello
2353 4375 2387 4433 et
2409 4366 2453 4432 de
2476 4389 2579 4456 pace,
2603 4390 2645 4440 ac

641 4463 870 4547 vastationes,
895 4474 929 4530 et
945 4471 984 4529 ut
1001 4458 1100 4528 Deus
1116 4455 1339 4526 contumeliis
1355 4455 1550 4526 adficiatur.
1667 4453 1861 4544 plurimum
1884 4453 1990 4524 refert
2009 4452 2258 4550 Reipublicae,
2280 4461 2319 4529 in
2340 4455 2409 4533 hoc
2430 4466 2556 4537 ordine
2580 4490 2646 4558 gu·

740 4561 833 4635 Cum
848 4561 957 4652 igitur
970 4555 1203 4628 certissimum
1221 4556 1284 4642 sit,
1308 4549 1373 4624 hos
1390 4569 1505 4627 tantos
1518 4556 1618 4625 suro·
1666 4555 1871 4626 bernatores
1896 4554 2127 4629 consiliorum
2163 4582 2237 4629 ease
2266 4562 2361 4632 viros
2388 4581 2481 4638 recte
2511 4570 2644 4658 doctos,

641 4661 750 4732 resin
761 4656 945 4746 haereticis
960 4672 995 4731 et
1010 4656 1185 4728 seditiosis
1204 4652 1410 4725 hominibus
1432 4682 1452 4726 a
1472 4656 1617 4726 diabolo
1665 4656 1788 4739 iustos,
1805 4652 2104 4741 timentesDeum,
2129 4659 2302 4751 sapientes
2314 4677 2350 4735 et
2365 4667 2459 4758 pacis
2476 4685 2644 4759 amantes,

639 4761 748 4841 oriri,
771 4761 927 4852 primum
943 4783 1025 4828 vera
1048 4756 1208 4827 doctrina
1232 4755 1403 4826 divinitus
1422 4758 1551 4825 tradita
1573 4758 1618 4826 de
1665 4771 1699 4826 et
1722 4781 1873 4848 qnorum
1896 4758 2085 4828 sententias
2107 4774 2241 4831 certum
2265 4762 2310 4833 ait
2333 4788 2374 4835 ex
2404 4768 2496 4838 veris
2524 4771 2642 4862 legum

638 4861 786 4956 politico
804 4861 931 4931 ordine
955 4873 989 4930 et
1014 4857 1222 4947 cogitatione
1242 4858 1287 4926 de
1306 4857 1466 4927 lontibus
1488 4856 1618 4947 legum,
1660 4857 1822 4927 tontibus
1837 4870 1994 4948 sumptas
2006 4881 2091 4930 esse.
2141 4858 2247 4931 Tales
2262 4859 2450 4938 habuimus
2464 4893 2585 4943 recens
2602 4873 2639 4942 in

638 4961 825 5053 muniendi
843 4975 927 5033 sunt
950 4959 1080 5045 animi,
1113 4973 1146 5030 et
1163 4958 1370 5030 discendum
1393 4970 1464 5043 est,
1503 4958 1615 5046 legem
1663 4953 1729 5028 hac
1745 4958 1888 5048 regione
1901 4959 1991 5030 dnos
2005 4959 2100 5030 viros
2115 4963 2321 5036 excellentes
2335 4970 2546 5058 eruditione,
2568 4975 2640 5042 vir-

637 5089 710 5155 esse
726 5063 794 5135 Dei
805 5061 1034 5155 sapientiam,
1068 5074 1102 5132 et
1123 5062 1160 5130 in
1182 5063 1260 5154 ipso
1275 5057 1453 5149 Decalogo
1475 5082 1614 5149 expres-
1663 5072 1756 5139 tute,
1788 5059 1979 5149 sapientia,
2010 5056 2196 5132 Ductorem
2212 5060 2473 5161 Hieronymum
2492 5070 2636 5143 Schori.

636 5190 730 5248 sam,
755 5180 791 5238 et
806 5189 907 5258 saepe
925 5166 1109 5257 repetitam
1131 5163 1329 5235 illustribus
1344 5160 1555 5233 testimoniis
1574 5161 1611 5229 in
1660 5160 1747 5229 fiam
1772 5174 1806 5231 et
1821 5157 2009 5232 Ductorem
2028 5160 2249 5234 Ludovieum
2276 5165 2482 5254 Fachsium,
2515 5171 2638 5261 quiet

632 5266 811 5350 Ecclesia,
827 5261 1153 5351 ¹etinsitamaDeo
1167 5257 1331 5335 humanis
1348 5262 1546 5346 mentibus,
1571 5274 1611 5332 nt
1659 5262 1800 5331 oracula
1830 5261 1974 5332 luerunt
2002 5262 2041 5331 iu
2068 5263 2274 5338 difficilimis
2296 5267 2560 5354 controversiis,
2599 5286 2637 5345 et

630 5378 779 5449 testetur
790 5387 864 5436 esse
878 5367 1010 5455 Deum,
1034 5390 1074 5437 ae
1089 5365 1249 5435 ostendat
1263 5363 1378 5458 qualis
1392 5365 1458 5449 sit,
1482 5362 1611 5431 videli-
1658 5363 1819 5434 docendo
1836 5361 1953 5453 legum
1967 5364 2165 5435 doctrinam
2182 5371 2226 5438 ad
2249 5370 2483 5462 posteritatem
2505 5394 2636 5464 propa-

629 5483 685 5551 oet
699 5456 856 5558 sapiens,
879 5491 995 5551 verax,
1018 5465 1205 5549 beneficus,
1229 5464 1352 5548 iustus,
1377 5478 1502 5546 castus,
1526 5462 1609 5530 vin·
1657 5477 1837 5552 gaverunt.

627 5583 694 5652 dex
715 5568 896 5641 scelerum.
946 5564 1018 5637 Nec
1040 5566 1137 5636 aliud
1159 5577 1210 5634 est
1233 5565 1271 5634 in
1295 5577 1368 5635 tota
1391 5564 1519 5634 mundi
1541 5587 1606 5632 na·
1758 5562 1909 5634 Talibus
1926 5561 2013 5633 viris
2037 5591 2116 5637 cum
2137 5571 2259 5640 orbata
2280 5568 2328 5639 sit
2339 5566 2573 5661 Respublica,
2599 5590 2634 5649 et

625 5693 704 5755 tura
725 5668 898 5740 illustrius
919 5665 1161 5737 testimonium
1183 5666 1228 5735 de
1240 5663 1335 5745 Deo,
1362 5689 1467 5758 quam
1483 5659 1605 5734 hira·
1653 5687 1734 5735 cum
1756 5687 1822 5735 nos
1849 5663 1920 5755 ipsi
1938 5671 2227 5760 praeceptoribus
2245 5669 2352 5739 tantis
2370 5673 2486 5742 orbati
2512 5667 2634 5758 simus,

622 5783 673 5855 dii
688 5770 878 5865 sapientiae
892 5767 1034 5842 divinae
1047 5768 1086 5838 in
1100 5767 1278 5839 mentibus
1292 5761 1472 5855 humanis,
1496 5772 1603 5836 mon-'-
1650 5787 1790 5855 gravem
1807 5787 1947 5843 causam
1967 5767 2103 5841 doloris
2126 5766 2307 5843 habemus.
2357 5770 2427 5844 Sed
2454 5776 2538 5869 quia
2554 5773 2632 5850 Deo
