<?xml version="1.0" encoding="UTF-8"?>
<!DOCTYPE html PUBLIC "-//W3C//DTD XHTML 1.0 Transitional//EN"
    "http://www.w3.org/TR/xhtml1/DTD/xhtml1-transitional.dtd">
<html xmlns="http://www.w3.org/1999/xhtml" xml:lang="en" lang="en">
 <head>
  <title>
</title>
<meta http-equiv="Content-Type" content="text/html;charset=utf-8" />
  <meta name='ocr-system' content='tesseract 3.04.00' />
  <meta name='ocr-capabilities' content='ocr_page ocr_carea ocr_par ocr_line ocrx_word'/>
</head>
<body>
  <div class='ocr_page' id='page_1' title='image "./philippimelanth12melagoog/philippimelanth12melagoog_0502.png"; bbox 0 0 6025 6775; ppageno 0'>
   <div class='ocr_carea' id='block_1_1' title="bbox 476 769 2509 870">
    <p class='ocr_par' dir='ltr' id='par_1_1' title="bbox 476 769 2509 870">
     <span class='ocr_line' id='line_1_1' title="bbox 476 769 2509 870; baseline 0.001 -3"><span class='ocrx_word' id='word_1_1' title='bbox 476 794 566 867; x_wconf 75' lang='lat' dir='ltr'><strong>aas</strong></span> <span class='ocrx_word' id='word_1_2' title='bbox 737 780 943 864; x_wconf 79' lang='lat' dir='ltr'><strong>semera</strong></span> <span class='ocrx_word' id='word_1_3' title='bbox 966 778 1043 860; x_wconf 81' lang='lat' dir='ltr'><strong>rra</strong></span> <span class='ocrx_word' id='word_1_4' title='bbox 1068 769 2260 864; x_wconf 72' lang='lat' dir='ltr'><strong>MEL.ADH18T.PROF.ETPfflLos.srttcraNT1a</strong></span> <span class='ocrx_word' id='word_1_5' title='bbox 2430 798 2509 870; x_wconf 83' lang='lat' dir='ltr'><strong>ors</strong></span> 
     </span>
    </p>
   </div>
   <div class='ocr_carea' id='block_1_2' title="bbox 408 944 2531 5982">
    <p class='ocr_par' dir='ltr' id='par_1_2' title="bbox 408 944 2531 5982">
     <span class='ocr_line' id='line_1_2' title="bbox 597 944 2506 1047; baseline -0.001 -17"><span class='ocrx_word' id='word_1_6' title='bbox 597 958 700 1036; x_wconf 84' lang='lat' dir='ltr'><strong>Hanc</strong></span> <span class='ocrx_word' id='word_1_7' title='bbox 722 953 1015 1047; x_wconf 77' lang='lat' dir='ltr'><strong>tranquillitatem</strong></span> <span class='ocrx_word' id='word_1_8' title='bbox 1038 966 1073 1023; x_wconf 89' lang='lat' dir='ltr'><strong>et</strong></span> <span class='ocrx_word' id='word_1_9' title='bbox 1094 948 1239 1044; x_wconf 90' lang='lat' dir='ltr'><strong>imperii</strong></span> <span class='ocrx_word' id='word_1_10' title='bbox 1254 963 1289 1020; x_wconf 90' lang='lat' dir='ltr'><strong>et</strong></span> <span class='ocrx_word' id='word_1_11' title='bbox 1301 944 1476 1020; x_wconf 86' lang='lat' dir='ltr'><strong>Ecclesia·</strong></span> <span class='ocrx_word' id='word_1_12' title='bbox 1526 947 1740 1020; x_wconf 79' lang='lat' dir='ltr'><strong>testimoniis</strong></span> <span class='ocrx_word' id='word_1_13' title='bbox 1763 971 1867 1020; x_wconf 87' lang='lat' dir='ltr'><strong>verae</strong></span> <span class='ocrx_word' id='word_1_14' title='bbox 1889 954 2085 1026; x_wconf 78' lang='lat' dir='ltr'><strong>tententiae</strong></span> <span class='ocrx_word' id='word_1_15' title='bbox 2100 956 2262 1047; x_wconf 89' lang='lat' dir='ltr'><strong>legamus</strong></span> <span class='ocrx_word' id='word_1_16' title='bbox 2275 973 2311 1034; x_wconf 85' lang='lat' dir='ltr'><strong>et</strong></span> <span class='ocrx_word' id='word_1_17' title='bbox 2324 959 2506 1039; x_wconf 70' lang='lat' dir='ltr'><strong>historiam</strong></span> 
     </span>
     <span class='ocr_line' id='line_1_3' title="bbox 499 1047 1782 1145; baseline -0.009 -10"><span class='ocrx_word' id='word_1_18' title='bbox 499 1086 580 1135; x_wconf 90' lang='lat' dir='ltr'><strong>rum</strong></span> <span class='ocrx_word' id='word_1_19' title='bbox 603 1056 760 1132; x_wconf 85' lang='lat' dir='ltr'><strong>turbavit</strong></span> <span class='ocrx_word' id='word_1_20' title='bbox 781 1053 973 1138; x_wconf 89' lang='lat' dir='ltr'><strong>Diabolus,</strong></span> <span class='ocrx_word' id='word_1_21' title='bbox 1005 1052 1067 1145; x_wconf 92' lang='lat' dir='ltr'><strong>qui</strong></span> <span class='ocrx_word' id='word_1_22' title='bbox 1097 1052 1183 1122; x_wconf 92' lang='lat' dir='ltr'><strong>odio</strong></span> <span class='ocrx_word' id='word_1_23' title='bbox 1204 1047 1272 1121; x_wconf 90' lang='lat' dir='ltr'><strong>Dei</strong></span> <span class='ocrx_word' id='word_1_24' title='bbox 1299 1051 1343 1121; x_wconf 89' lang='lat' dir='ltr'><strong>ab</strong></span> <span class='ocrx_word' id='word_1_25' title='bbox 1372 1049 1477 1121; x_wconf 90' lang='lat' dir='ltr'><strong>initio</strong></span> <span class='ocrx_word' id='word_1_26' title='bbox 1526 1061 1562 1121; x_wconf 91' lang='lat' dir='ltr'><strong>et</strong></span> <span class='ocrx_word' id='word_1_27' title='bbox 1577 1048 1782 1124; x_wconf 85' lang='lat' dir='ltr'><strong>certamina.</strong></span> 
     </span>
     <span class='ocr_line' id='line_1_4' title="bbox 499 1145 2512 1258; baseline -0.002 -28"><span class='ocrx_word' id='word_1_28' title='bbox 499 1174 579 1258; x_wconf 89' lang='lat' dir='ltr'><strong>post</strong></span> <span class='ocrx_word' id='word_1_29' title='bbox 598 1160 738 1250; x_wconf 86' lang='lat' dir='ltr'><strong>lapsum</strong></span> <span class='ocrx_word' id='word_1_30' title='bbox 761 1154 973 1228; x_wconf 87' lang='lat' dir='ltr'><strong>contumelia</strong></span> <span class='ocrx_word' id='word_1_31' title='bbox 997 1152 1116 1223; x_wconf 84' lang='lat' dir='ltr'><strong>affecit</strong></span> <span class='ocrx_word' id='word_1_32' title='bbox 1135 1150 1270 1238; x_wconf 87' lang='lat' dir='ltr'><strong>Deum,</strong></span> <span class='ocrx_word' id='word_1_33' title='bbox 1295 1163 1331 1221; x_wconf 90' lang='lat' dir='ltr'><strong>et</strong></span> <span class='ocrx_word' id='word_1_34' title='bbox 1353 1151 1479 1243; x_wconf 91' lang='lat' dir='ltr'><strong>primis</strong></span> <span class='ocrx_word' id='word_1_35' title='bbox 1629 1148 1721 1220; x_wconf 91' lang='lat' dir='ltr'><strong>Cum</strong></span> <span class='ocrx_word' id='word_1_36' title='bbox 1740 1163 1859 1222; x_wconf 88' lang='lat' dir='ltr'><strong>autem</strong></span> <span class='ocrx_word' id='word_1_37' title='bbox 1873 1145 1980 1222; x_wconf 80' lang='lat' dir='ltr'><strong>Arius</strong></span> <span class='ocrx_word' id='word_1_38' title='bbox 1997 1155 2156 1229; x_wconf 86' lang='lat' dir='ltr'><strong>traxisset</strong></span> <span class='ocrx_word' id='word_1_39' title='bbox 2179 1160 2219 1229; x_wconf 91' lang='lat' dir='ltr'><strong>in</strong></span> <span class='ocrx_word' id='word_1_40' title='bbox 2243 1184 2344 1235; x_wconf 87' lang='lat' dir='ltr'><strong>suam</strong></span> <span class='ocrx_word' id='word_1_41' title='bbox 2368 1178 2512 1239; x_wconf 79' lang='lat' dir='ltr'><strong>senten.</strong></span> 
     </span>
     <span class='ocr_line' id='line_1_5' title="bbox 501 1245 2514 1357; baseline -0.003 -24"><span class='ocrx_word' id='word_1_42' title='bbox 501 1259 708 1357; x_wconf 90' lang='lat' dir='ltr'><strong>parentibus</strong></span> <span class='ocrx_word' id='word_1_43' title='bbox 722 1258 868 1328; x_wconf 86' lang='lat' dir='ltr'><strong>erilium</strong></span> <span class='ocrx_word' id='word_1_44' title='bbox 881 1250 1102 1324; x_wconf 89' lang='lat' dir='ltr'><strong>machinatus</strong></span> <span class='ocrx_word' id='word_1_45' title='bbox 1117 1267 1178 1326; x_wconf 91' lang='lat' dir='ltr'><strong>est.</strong></span> <span class='ocrx_word' id='word_1_46' title='bbox 1230 1250 1329 1321; x_wconf 90' lang='lat' dir='ltr'><strong>ldem</strong></span> <span class='ocrx_word' id='word_1_47' title='bbox 1342 1275 1481 1344; x_wconf 82' lang='lat' dir='ltr'><strong>semper</strong></span> <span class='ocrx_word' id='word_1_48' title='bbox 1528 1250 1613 1321; x_wconf 89' lang='lat' dir='ltr'><strong>tiam</strong></span> <span class='ocrx_word' id='word_1_49' title='bbox 1627 1251 1763 1344; x_wconf 90' lang='lat' dir='ltr'><strong>aliquot</strong></span> <span class='ocrx_word' id='word_1_50' title='bbox 1769 1246 1976 1345; x_wconf 88' lang='lat' dir='ltr'><strong>Episcopos,</strong></span> <span class='ocrx_word' id='word_1_51' title='bbox 1992 1266 2026 1325; x_wconf 90' lang='lat' dir='ltr'><strong>et</strong></span> <span class='ocrx_word' id='word_1_52' title='bbox 2039 1256 2107 1326; x_wconf 87' lang='lat' dir='ltr'><strong>iam</strong></span> <span class='ocrx_word' id='word_1_53' title='bbox 2120 1282 2196 1330; x_wconf 87' lang='lat' dir='ltr'><strong>non</strong></span> <span class='ocrx_word' id='word_1_54' title='bbox 2209 1245 2368 1338; x_wconf 76' lang='lat' dir='ltr'><strong>obscura⁴</strong></span> <span class='ocrx_word' id='word_1_55' title='bbox 2377 1268 2514 1339; x_wconf 86' lang='lat' dir='ltr'><strong>discor.</strong></span> 
     </span>
     <span class='ocr_line' id='line_1_6' title="bbox 505 1350 2514 1555; baseline 0.003 -21"><span class='ocrx_word' id='word_1_56' title='bbox 505 1362 588 1534; x_wconf 62' lang='lat' dir='ltr'><strong>‘ii‘</strong></span> <span class='ocrx_word' id='word_1_57' title='bbox 631 1350 1179 1550; x_wconf 52' lang='lat' dir='ltr'><strong>iixiiislwliishiissiiii</strong></span> <span class='ocrx_word' id='word_1_58' title='bbox 1201 1352 1485 1546; x_wconf 52' lang='lat' dir='ltr'><strong>{iiiiii</strong></span> <span class='ocrx_word' id='word_1_59' title='bbox 1531 1350 2364 1555; x_wconf 53' lang='lat' dir='ltr'><strong>litt}’qfisstlttlltttllffsttsstlit</strong></span> <span class='ocrx_word' id='word_1_60' title='bbox 2381 1392 2514 1541; x_wconf 60' lang='lat'><strong>3333:</strong></span> 
     </span>
     <span class='ocr_line' id='line_1_7' title="bbox 853 1504 2313 1553; baseline 0.001 -10"><span class='ocrx_word' id='word_1_61' title='bbox 853 1513 863 1543; x_wconf 88' lang='lat' dir='ltr'><strong>s</strong></span> <span class='ocrx_word' id='word_1_62' title='bbox 1693 1504 1704 1537; x_wconf 78' lang='lat'>²</span> <span class='ocrx_word' id='word_1_63' title='bbox 2307 1511 2313 1553; x_wconf 87' lang='grc'><strong>,·</strong></span> 
     </span>
     <span class='ocr_line' id='line_1_8' title="bbox 509 1485 2513 1655; baseline 0.001 -23"><span class='ocrx_word' id='word_1_64' title='bbox 509 1485 708 1650; x_wconf 53' lang='lat' dir='ltr'><strong>Ogeydtem.</strong></span> <span class='ocrx_word' id='word_1_65' title='bbox 759 1557 906 1651; x_wconf 87' lang='lat' dir='ltr'><strong>Impulit</strong></span> <span class='ocrx_word' id='word_1_66' title='bbox 926 1555 1177 1650; x_wconf 85' lang='lat' dir='ltr'><strong>Presbyterum</strong></span> <span class='ocrx_word' id='word_1_67' title='bbox 1200 1553 1482 1632; x_wconf 86' lang='lat' dir='ltr'><strong>Alexandrinum</strong></span> <span class='ocrx_word' id='word_1_68' title='bbox 1532 1546 1723 1647; x_wconf 75' lang='lat' dir='ltr'><strong>Bithynius</strong></span> <span class='ocrx_word' id='word_1_69' title='bbox 1739 1547 1922 1636; x_wconf 77' lang='lat' dir='ltr'><strong>Nireum,</strong></span> <span class='ocrx_word' id='word_1_70' title='bbox 1956 1569 1997 1628; x_wconf 93' lang='lat' dir='ltr'><strong>ut</strong></span> <span class='ocrx_word' id='word_1_71' title='bbox 2025 1557 2079 1628; x_wconf 90' lang='lat' dir='ltr'><strong>ibi</strong></span> <span class='ocrx_word' id='word_1_72' title='bbox 2099 1557 2142 1631; x_wconf 89' lang='lat' dir='ltr'><strong>in</strong></span> <span class='ocrx_word' id='word_1_73' title='bbox 2162 1560 2305 1655; x_wconf 88' lang='lat' dir='ltr'><strong>Synodo</strong></span> <span class='ocrx_word' id='word_1_74' title='bbox 2322 1568 2513 1642; x_wconf 77' lang='lat' dir='ltr'><strong>consessio</strong></span> 
     </span>
     <span class='ocr_line' id='line_1_9' title="bbox 509 1653 2512 1748; baseline 0.001 -16"><span class='ocrx_word' id='word_1_75' title='bbox 509 1656 660 1740; x_wconf 82' lang='lat' dir='ltr'><strong>Arium,</strong></span> <span class='ocrx_word' id='word_1_76' title='bbox 688 1672 731 1730; x_wconf 90' lang='lat' dir='ltr'><strong>ut</strong></span> <span class='ocrx_word' id='word_1_77' title='bbox 754 1672 883 1730; x_wconf 89' lang='lat' dir='ltr'><strong>sereret</strong></span> <span class='ocrx_word' id='word_1_78' title='bbox 905 1658 1055 1748; x_wconf 91' lang='lat' dir='ltr'><strong>impium</strong></span> <span class='ocrx_word' id='word_1_79' title='bbox 1076 1659 1222 1746; x_wconf 85' lang='lat' dir='ltr'><strong>dogma,</strong></span> <span class='ocrx_word' id='word_1_80' title='bbox 1253 1667 1364 1725; x_wconf 90' lang='lat' dir='ltr'><strong>astute</strong></span> <span class='ocrx_word' id='word_1_81' title='bbox 1385 1653 1485 1725; x_wconf 82' lang='lat' dir='ltr'><strong>iuca-</strong></span> <span class='ocrx_word' id='word_1_82' title='bbox 1534 1653 1770 1744; x_wconf 88' lang='lat' dir='ltr'><strong>singulomm,</strong></span> <span class='ocrx_word' id='word_1_83' title='bbox 1795 1668 1830 1725; x_wconf 92' lang='lat' dir='ltr'><strong>et</strong></span> <span class='ocrx_word' id='word_1_84' title='bbox 1843 1655 2289 1735; x_wconf 83' lang='lat' dir='ltr'><strong>confessionistcstimonia</strong></span> <span class='ocrx_word' id='word_1_85' title='bbox 2303 1667 2512 1743; x_wconf 74' lang='lat' dir='ltr'><strong>audiantur:</strong></span> 
     </span>
     <span class='ocr_line' id='line_1_10' title="bbox 510 1753 2516 1848; baseline 0.004 -15"><span class='ocrx_word' id='word_1_86' title='bbox 510 1779 588 1834; x_wconf 89' lang='lat' dir='ltr'><strong>tum</strong></span> <span class='ocrx_word' id='word_1_87' title='bbox 601 1773 722 1832; x_wconf 90' lang='lat' dir='ltr'><strong>contra</strong></span> <span class='ocrx_word' id='word_1_88' title='bbox 740 1760 962 1831; x_wconf 89' lang='lat' dir='ltr'><strong>divinitatem</strong></span> <span class='ocrx_word' id='word_1_89' title='bbox 977 1753 1122 1827; x_wconf 88' lang='lat' dir='ltr'><strong>Christi.</strong></span> <span class='ocrx_word' id='word_1_90' title='bbox 1173 1754 1343 1827; x_wconf 89' lang='lat' dir='ltr'><strong>Scribunt</strong></span> <span class='ocrx_word' id='word_1_91' title='bbox 1358 1768 1486 1840; x_wconf 91' lang='lat' dir='ltr'><strong>autem,</strong></span> <span class='ocrx_word' id='word_1_92' title='bbox 1536 1768 1571 1824; x_wconf 89' lang='lat' dir='ltr'><strong>et</strong></span> <span class='ocrx_word' id='word_1_93' title='bbox 1585 1766 1757 1846; x_wconf 91' lang='lat' dir='ltr'><strong>quantum</strong></span> <span class='ocrx_word' id='word_1_94' title='bbox 1778 1755 1855 1825; x_wconf 90' lang='lat' dir='ltr'><strong>lieri</strong></span> <span class='ocrx_word' id='word_1_95' title='bbox 1875 1770 2012 1848; x_wconf 90' lang='lat' dir='ltr'><strong>posset,</strong></span> <span class='ocrx_word' id='word_1_96' title='bbox 2036 1759 2213 1833; x_wconf 71' lang='lat' dir='ltr'><strong>dimordia</strong></span> <span class='ocrx_word' id='word_1_97' title='bbox 2234 1765 2389 1840; x_wconf 81' lang='lat' dir='ltr'><strong>tollatur.</strong></span> <span class='ocrx_word' id='word_1_98' title='bbox 2435 1770 2516 1842; x_wconf 89' lang='lat' dir='ltr'><strong>Cu-</strong></span> 
     </span>
     <span class='ocr_line' id='line_1_11' title="bbox 511 1852 2236 1951; baseline 0.002 -20"><span class='ocrx_word' id='word_1_99' title='bbox 511 1863 635 1932; x_wconf 88' lang='lat' dir='ltr'><strong>dolore</strong></span> <span class='ocrx_word' id='word_1_100' title='bbox 649 1861 809 1951; x_wconf 85' lang='lat' dir='ltr'><strong>repulsae</strong></span> <span class='ocrx_word' id='word_1_101' title='bbox 827 1872 962 1930; x_wconf 88' lang='lat' dir='ltr'><strong>motum</strong></span> <span class='ocrx_word' id='word_1_102' title='bbox 980 1880 1053 1928; x_wconf 88' lang='lat' dir='ltr'><strong>ease</strong></span> <span class='ocrx_word' id='word_1_103' title='bbox 1068 1853 1220 1939; x_wconf 85' lang='lat' dir='ltr'><strong>Arium,</strong></span> <span class='ocrx_word' id='word_1_104' title='bbox 1246 1880 1327 1926; x_wconf 93' lang='lat' dir='ltr'><strong>cum</strong></span> <span class='ocrx_word' id='word_1_105' title='bbox 1342 1878 1417 1925; x_wconf 92' lang='lat' dir='ltr'><strong>nou</strong></span> <span class='ocrx_word' id='word_1_106' title='bbox 1432 1879 1487 1925; x_wconf 88' lang='lat' dir='ltr'><strong>es-</strong></span> <span class='ocrx_word' id='word_1_107' title='bbox 1536 1868 1593 1925; x_wconf 90' lang='lat' dir='ltr'><strong>rat</strong></span> <span class='ocrx_word' id='word_1_108' title='bbox 1606 1866 1639 1925; x_wconf 93' lang='lat' dir='ltr'><strong>et</strong></span> <span class='ocrx_word' id='word_1_109' title='bbox 1654 1855 1808 1947; x_wconf 89' lang='lat' dir='ltr'><strong>publicis</strong></span> <span class='ocrx_word' id='word_1_110' title='bbox 1821 1852 1994 1928; x_wconf 89' lang='lat' dir='ltr'><strong>vehiculis</strong></span> <span class='ocrx_word' id='word_1_111' title='bbox 2016 1882 2077 1930; x_wconf 90' lang='lat' dir='ltr'><strong>eos</strong></span> <span class='ocrx_word' id='word_1_112' title='bbox 2094 1857 2236 1937; x_wconf 81' lang='lat' dir='ltr'><strong>advehi.</strong></span> 
     </span>
     <span class='ocr_line' id='line_1_12' title="bbox 511 1951 2520 2054; baseline 0 -20"><span class='ocrx_word' id='word_1_113' title='bbox 511 1976 564 2035; x_wconf 87' lang='lat' dir='ltr'><strong>set</strong></span> <span class='ocrx_word' id='word_1_114' title='bbox 585 1964 699 2032; x_wconf 81' lang='lat' dir='ltr'><strong>iactus</strong></span> <span class='ocrx_word' id='word_1_115' title='bbox 722 1959 936 2054; x_wconf 73' lang='lat' dir='ltr'><strong>Episcopus,</strong></span> <span class='ocrx_word' id='word_1_116' title='bbox 967 1974 1008 2031; x_wconf 90' lang='lat' dir='ltr'><strong>ut</strong></span> <span class='ocrx_word' id='word_1_117' title='bbox 1039 1959 1284 2028; x_wconf 81' lang='lat' dir='ltr'><strong>adversaretur</strong></span> <span class='ocrx_word' id='word_1_118' title='bbox 1299 1951 1476 2049; x_wconf 80' lang='lat' dir='ltr'><strong>Episcopo</strong></span> <span class='ocrx_word' id='word_1_119' title='bbox 1637 1952 1893 2028; x_wconf 84' lang='lat' dir='ltr'><strong>Convenerunt</strong></span> <span class='ocrx_word' id='word_1_120' title='bbox 1913 1958 2023 2048; x_wconf 92' lang='lat' dir='ltr'><strong>igitur</strong></span> <span class='ocrx_word' id='word_1_121' title='bbox 2043 1964 2211 2049; x_wconf 79' lang='lat' dir='ltr'><strong>trecenti,</strong></span> <span class='ocrx_word' id='word_1_122' title='bbox 2237 1966 2411 2040; x_wconf 83' lang='lat' dir='ltr'><strong>deremet</strong></span> <span class='ocrx_word' id='word_1_123' title='bbox 2433 1986 2520 2044; x_wconf 79' lang='lat' dir='ltr'><strong>octo</strong></span> 
     </span>
     <span class='ocr_line' id='line_1_13' title="bbox 513 2048 2522 2157; baseline 0.004 -22"><span class='ocrx_word' id='word_1_124' title='bbox 513 2063 730 2135; x_wconf 78' lang='lat' dir='ltr'><strong>Alexandro.</strong></span> <span class='ocrx_word' id='word_1_125' title='bbox 1537 2048 1720 2147; x_wconf 85' lang='lat' dir='ltr'><strong>Episcopi.</strong></span> <span class='ocrx_word' id='word_1_126' title='bbox 1773 2054 1869 2127; x_wconf 90' lang='lat' dir='ltr'><strong>luter</strong></span> <span class='ocrx_word' id='word_1_127' title='bbox 1882 2052 1949 2128; x_wconf 88' lang='lat' dir='ltr'><strong>hos</strong></span> <span class='ocrx_word' id='word_1_128' title='bbox 1963 2073 2134 2157; x_wconf 83' lang='lat' dir='ltr'><strong>martyres</strong></span> <span class='ocrx_word' id='word_1_129' title='bbox 2157 2065 2261 2137; x_wconf 91' lang='lat' dir='ltr'><strong>multi</strong></span> <span class='ocrx_word' id='word_1_130' title='bbox 2275 2068 2418 2141; x_wconf 87' lang='lat' dir='ltr'><strong>luerunt</strong></span> <span class='ocrx_word' id='word_1_131' title='bbox 2433 2095 2522 2143; x_wconf 79' lang='lat' dir='ltr'><strong>mu·</strong></span> 
     </span>
     <span class='ocr_line' id='line_1_14' title="bbox 615 2154 2521 2256; baseline 0.005 -24"><span class='ocrx_word' id='word_1_132' title='bbox 615 2158 789 2232; x_wconf 83' lang='lat' dir='ltr'><strong>Existimo</strong></span> <span class='ocrx_word' id='word_1_133' title='bbox 815 2173 932 2232; x_wconf 90' lang='lat' dir='ltr'><strong>autem</strong></span> <span class='ocrx_word' id='word_1_134' title='bbox 948 2154 1077 2230; x_wconf 80' lang='lat' dir='ltr'><strong>Arium</strong></span> <span class='ocrx_word' id='word_1_135' title='bbox 1092 2157 1207 2250; x_wconf 90' lang='lat' dir='ltr'><strong>reipsa</strong></span> <span class='ocrx_word' id='word_1_136' title='bbox 1220 2157 1313 2228; x_wconf 89' lang='lat' dir='ltr'><strong>idem</strong></span> <span class='ocrx_word' id='word_1_137' title='bbox 1329 2158 1489 2243; x_wconf 87' lang='lat' dir='ltr'><strong>sensisse,</strong></span> <span class='ocrx_word' id='word_1_138' title='bbox 1538 2156 1630 2226; x_wconf 87' lang='lat' dir='ltr'><strong>tilati</strong></span> <span class='ocrx_word' id='word_1_139' title='bbox 1646 2157 1764 2256; x_wconf 86' lang='lat' dir='ltr'><strong>aliqua</strong></span> <span class='ocrx_word' id='word_1_140' title='bbox 1782 2161 1939 2249; x_wconf 89' lang='lat' dir='ltr'><strong>corporis</strong></span> <span class='ocrx_word' id='word_1_141' title='bbox 1952 2174 2064 2252; x_wconf 87' lang='lat' dir='ltr'><strong>parte,</strong></span> <span class='ocrx_word' id='word_1_142' title='bbox 2089 2187 2171 2234; x_wconf 89' lang='lat' dir='ltr'><strong>cum</strong></span> <span class='ocrx_word' id='word_1_143' title='bbox 2194 2162 2313 2238; x_wconf 88' lang='lat' dir='ltr'><strong>adhuc</strong></span> <span class='ocrx_word' id='word_1_144' title='bbox 2329 2171 2521 2242; x_wconf 81' lang='lat' dir='ltr'><strong>saeviciam</strong></span> 
     </span>
     <span class='ocr_line' id='line_1_15' title="bbox 516 2257 2525 2360; baseline 0.005 -28"><span class='ocrx_word' id='word_1_145' title='bbox 516 2265 611 2360; x_wconf 91' lang='lat' dir='ltr'><strong>quod</strong></span> <span class='ocrx_word' id='word_1_146' title='bbox 627 2274 811 2331; x_wconf 90' lang='lat' dir='ltr'><strong>senserunt</strong></span> <span class='ocrx_word' id='word_1_147' title='bbox 824 2258 967 2344; x_wconf 79' lang='lat' dir='ltr'><strong>Elaion,</strong></span> <span class='ocrx_word' id='word_1_148' title='bbox 995 2259 1261 2342; x_wconf 80' lang='lat' dir='ltr'><strong>samosatenus,</strong></span> <span class='ocrx_word' id='word_1_149' title='bbox 1293 2272 1328 2329; x_wconf 91' lang='lat' dir='ltr'><strong>et</strong></span> <span class='ocrx_word' id='word_1_150' title='bbox 1346 2259 1490 2343; x_wconf 87' lang='lat' dir='ltr'><strong>similes,</strong></span> <span class='ocrx_word' id='word_1_151' title='bbox 1540 2270 1740 2327; x_wconf 78' lang='lat' dir='ltr'><strong>exercerent</strong></span> <span class='ocrx_word' id='word_1_152' title='bbox 1760 2257 1979 2330; x_wconf 78' lang='lat' dir='ltr'><strong>Maximinus</strong></span> <span class='ocrx_word' id='word_1_153' title='bbox 2000 2273 2033 2330; x_wconf 90' lang='lat' dir='ltr'><strong>et</strong></span> <span class='ocrx_word' id='word_1_154' title='bbox 2054 2261 2224 2337; x_wconf 88' lang='lat' dir='ltr'><strong>Licinius.</strong></span> <span class='ocrx_word' id='word_1_155' title='bbox 2280 2265 2525 2343; x_wconf 80' lang='lat' dir='ltr'><strong>Advenerunt</strong></span> 
     </span>
     <span class='ocr_line' id='line_1_16' title="bbox 515 2353 2525 2461; baseline 0.005 -30"><span class='ocrx_word' id='word_1_156' title='bbox 515 2366 606 2435; x_wconf 89' lang='lat' dir='ltr'><strong>sicut</strong></span> <span class='ocrx_word' id='word_1_157' title='bbox 626 2375 661 2432; x_wconf 92' lang='lat' dir='ltr'><strong>et</strong></span> <span class='ocrx_word' id='word_1_158' title='bbox 676 2361 877 2432; x_wconf 81' lang='lat' dir='ltr'><strong>Alexander</strong></span> <span class='ocrx_word' id='word_1_159' title='bbox 888 2356 1085 2451; x_wconf 86' lang='lat' dir='ltr'><strong>Episcopus</strong></span> <span class='ocrx_word' id='word_1_160' title='bbox 1100 2354 1362 2430; x_wconf 80' lang='lat' dir='ltr'><strong>Alexandrinus</strong></span> <span class='ocrx_word' id='word_1_161' title='bbox 1382 2360 1426 2428; x_wconf 92' lang='lat' dir='ltr'><strong>de</strong></span> <span class='ocrx_word' id='word_1_162' title='bbox 1449 2383 1490 2430; x_wconf 93' lang='lat' dir='ltr'><strong>eo</strong></span> <span class='ocrx_word' id='word_1_163' title='bbox 1539 2353 1761 2452; x_wconf 86' lang='lat' dir='ltr'><strong>Presbyteri,</strong></span> <span class='ocrx_word' id='word_1_164' title='bbox 1791 2359 1896 2449; x_wconf 91' lang='lat' dir='ltr'><strong>legati</strong></span> <span class='ocrx_word' id='word_1_165' title='bbox 1910 2358 2185 2453; x_wconf 82' lang='lat' dir='ltr'><strong>Episcopatum,</strong></span> <span class='ocrx_word' id='word_1_166' title='bbox 2214 2367 2276 2461; x_wconf 92' lang='lat' dir='ltr'><strong>qui</strong></span> <span class='ocrx_word' id='word_1_167' title='bbox 2296 2383 2440 2461; x_wconf 89' lang='lat' dir='ltr'><strong>propter</strong></span> <span class='ocrx_word' id='word_1_168' title='bbox 2455 2394 2525 2441; x_wconf 89' lang='lat' dir='ltr'><strong>se-</strong></span> 
     </span>
     <span class='ocr_line' id='line_1_17' title="bbox 517 2460 2528 2556; baseline 0.003 -22"><span class='ocrx_word' id='word_1_169' title='bbox 517 2462 654 2534; x_wconf 89' lang='lat' dir='ltr'><strong>acribit:</strong></span> <span class='ocrx_word' id='word_1_170' title='bbox 686 2460 793 2533; x_wconf 85' lang='lat' dir='ltr'><strong>Scitis</strong></span> <span class='ocrx_word' id='word_1_171' title='bbox 823 2482 945 2532; x_wconf 90' lang='lat' dir='ltr'><strong>recens</strong></span> <span class='ocrx_word' id='word_1_172' title='bbox 971 2471 1102 2530; x_wconf 89' lang='lat' dir='ltr'><strong>motam</strong></span> <span class='ocrx_word' id='word_1_173' title='bbox 1140 2460 1337 2530; x_wconf 89' lang='lat' dir='ltr'><strong>doctrinam</strong></span> <span class='ocrx_word' id='word_1_174' title='bbox 1368 2474 1491 2531; x_wconf 87' lang='lat' dir='ltr'><strong>contra</strong></span> <span class='ocrx_word' id='word_1_175' title='bbox 1539 2469 1678 2528; x_wconf 89' lang='lat' dir='ltr'><strong>nectam</strong></span> <span class='ocrx_word' id='word_1_176' title='bbox 1701 2471 1736 2530; x_wconf 91' lang='lat' dir='ltr'><strong>et</strong></span> <span class='ocrx_word' id='word_1_177' title='bbox 1757 2460 1898 2530; x_wconf 88' lang='lat' dir='ltr'><strong>morbos</strong></span> <span class='ocrx_word' id='word_1_178' title='bbox 1921 2464 2086 2534; x_wconf 89' lang='lat' dir='ltr'><strong>accedere</strong></span> <span class='ocrx_word' id='word_1_179' title='bbox 2100 2487 2175 2534; x_wconf 91' lang='lat' dir='ltr'><strong>nou</strong></span> <span class='ocrx_word' id='word_1_180' title='bbox 2186 2479 2382 2556; x_wconf 85' lang='lat' dir='ltr'><strong>potuerant.</strong></span> <span class='ocrx_word' id='word_1_181' title='bbox 2436 2467 2528 2541; x_wconf 76' lang='lat' dir='ltr'><strong>Ad·</strong></span> 
     </span>
     <span class='ocr_line' id='line_1_18' title="bbox 408 2555 2526 2659; baseline 0.003 -24"><span class='ocrx_word' id='word_1_182' title='bbox 408 2586 414 2611; x_wconf 69' lang='lat'>²</span> <span class='ocrx_word' id='word_1_183' title='bbox 517 2560 694 2635; x_wconf 80' lang='lat' dir='ltr'><strong>Ecclesiae</strong></span> <span class='ocrx_word' id='word_1_184' title='bbox 723 2560 909 2654; x_wconf 89' lang='lat' dir='ltr'><strong>pietatem,</strong></span> <span class='ocrx_word' id='word_1_185' title='bbox 949 2581 1022 2630; x_wconf 90' lang='lat' dir='ltr'><strong>esse</strong></span> <span class='ocrx_word' id='word_1_186' title='bbox 1045 2555 1224 2644; x_wconf 84' lang='lat' dir='ltr'><strong>Ebiom&#39;s,</strong></span> <span class='ocrx_word' id='word_1_187' title='bbox 1261 2555 1431 2630; x_wconf 84' lang='lat' dir='ltr'><strong>Artemac</strong></span> <span class='ocrx_word' id='word_1_188' title='bbox 1457 2576 1492 2633; x_wconf 93' lang='lat' dir='ltr'><strong>et</strong></span> <span class='ocrx_word' id='word_1_189' title='bbox 1540 2557 1686 2629; x_wconf 82' lang='lat' dir='ltr'><strong>luerunt</strong></span> <span class='ocrx_word' id='word_1_190' title='bbox 1706 2572 1741 2630; x_wconf 90' lang='lat' dir='ltr'><strong>et</strong></span> <span class='ocrx_word' id='word_1_191' title='bbox 1761 2559 1842 2629; x_wconf 89' lang='lat' dir='ltr'><strong>laici</strong></span> <span class='ocrx_word' id='word_1_192' title='bbox 1861 2560 1986 2648; x_wconf 90' lang='lat' dir='ltr'><strong>multi,</strong></span> <span class='ocrx_word' id='word_1_193' title='bbox 2016 2563 2086 2633; x_wconf 92' lang='lat' dir='ltr'><strong>viri</strong></span> <span class='ocrx_word' id='word_1_194' title='bbox 2112 2566 2208 2636; x_wconf 91' lang='lat' dir='ltr'><strong>docti</strong></span> <span class='ocrx_word' id='word_1_195' title='bbox 2237 2579 2273 2637; x_wconf 88' lang='lat' dir='ltr'><strong>et</strong></span> <span class='ocrx_word' id='word_1_196' title='bbox 2303 2569 2367 2659; x_wconf 84' lang='lat' dir='ltr'><strong>pii.</strong></span> <span class='ocrx_word' id='word_1_197' title='bbox 2419 2567 2526 2642; x_wconf 85' lang='lat' dir='ltr'><strong>Haec</strong></span> 
     </span>
     <span class='ocr_line' id='line_1_19' title="bbox 519 2655 2521 2756; baseline 0.004 -23"><span class='ocrx_word' id='word_1_198' title='bbox 519 2660 757 2733; x_wconf 81' lang='lat' dir='ltr'><strong>Sumosotcm&#39;</strong></span> <span class='ocrx_word' id='word_1_199' title='bbox 769 2661 982 2752; x_wconf 81' lang='lat' dir='ltr'><strong>contagium,</strong></span> <span class='ocrx_word' id='word_1_200' title='bbox 1002 2661 1118 2752; x_wconf 91' lang='lat' dir='ltr'><strong>quiin</strong></span> <span class='ocrx_word' id='word_1_201' title='bbox 1134 2659 1288 2756; x_wconf 90' lang='lat' dir='ltr'><strong>Synodis</strong></span> <span class='ocrx_word' id='word_1_202' title='bbox 1304 2673 1338 2732; x_wconf 89' lang='lat' dir='ltr'><strong>et</strong></span> <span class='ocrx_word' id='word_1_203' title='bbox 1352 2662 1493 2734; x_wconf 90' lang='lat' dir='ltr'><strong>iudiciis</strong></span> <span class='ocrx_word' id='word_1_204' title='bbox 1541 2658 1707 2753; x_wconf 89' lang='lat' dir='ltr'><strong>Synodus</strong></span> <span class='ocrx_word' id='word_1_205' title='bbox 1729 2655 1894 2732; x_wconf 89' lang='lat' dir='ltr'><strong>inchoata</strong></span> <span class='ocrx_word' id='word_1_206' title='bbox 1908 2675 1959 2732; x_wconf 89' lang='lat' dir='ltr'><strong>est</strong></span> <span class='ocrx_word' id='word_1_207' title='bbox 1974 2686 2070 2733; x_wconf 91' lang='lat' dir='ltr'><strong>anuo</strong></span> <span class='ocrx_word' id='word_1_208' title='bbox 2087 2667 2521 2742; x_wconf 86' lang='lat' dir='ltr'><strong>trecentesimovicesimo</strong></span> 
     </span>
     <span class='ocr_line' id='line_1_20' title="bbox 520 2753 2522 2857; baseline 0.003 -21"><span class='ocrx_word' id='word_1_209' title='bbox 520 2761 778 2857; x_wconf 88' lang='lat' dir='ltr'><strong>Episcoporum</strong></span> <span class='ocrx_word' id='word_1_210' title='bbox 797 2764 932 2857; x_wconf 91' lang='lat' dir='ltr'><strong>ubique</strong></span> <span class='ocrx_word' id='word_1_211' title='bbox 954 2786 995 2832; x_wconf 87' lang='lat' dir='ltr'><strong>ex</strong></span> <span class='ocrx_word' id='word_1_212' title='bbox 1010 2757 1168 2836; x_wconf 82' lang='lat' dir='ltr'><strong>Ecclesia</strong></span> <span class='ocrx_word' id='word_1_213' title='bbox 1181 2761 1281 2833; x_wconf 91' lang='lat' dir='ltr'><strong>eiecti</strong></span> <span class='ocrx_word' id='word_1_214' title='bbox 1296 2776 1390 2834; x_wconf 87' lang='lat' dir='ltr'><strong>sunt.</strong></span> <span class='ocrx_word' id='word_1_215' title='bbox 1542 2771 1666 2830; x_wconf 87' lang='lat' dir='ltr'><strong>octavo</strong></span> <span class='ocrx_word' id='word_1_216' title='bbox 1702 2753 1857 2848; x_wconf 87' lang='lat' dir='ltr'><strong>Christi,</strong></span> <span class='ocrx_word' id='word_1_217' title='bbox 1893 2785 1987 2835; x_wconf 90' lang='lat' dir='ltr'><strong>anno</strong></span> <span class='ocrx_word' id='word_1_218' title='bbox 2024 2764 2166 2857; x_wconf 90' lang='lat' dir='ltr'><strong>imperii</strong></span> <span class='ocrx_word' id='word_1_219' title='bbox 2196 2764 2422 2840; x_wconf 83' lang='lat' dir='ltr'><strong>Constantini</strong></span> <span class='ocrx_word' id='word_1_220' title='bbox 2455 2773 2522 2843; x_wconf 88' lang='lat' dir='ltr'><strong>de·</strong></span> 
     </span>
     <span class='ocr_line' id='line_1_21' title="bbox 619 2858 1759 2955; baseline -0.004 -15"><span class='ocrx_word' id='word_1_221' title='bbox 619 2862 690 2940; x_wconf 82' lang='lat' dir='ltr'><strong>Sed</strong></span> <span class='ocrx_word' id='word_1_222' title='bbox 711 2858 792 2935; x_wconf 79' lang='lat' dir='ltr'><strong>cum</strong></span> <span class='ocrx_word' id='word_1_223' title='bbox 813 2888 888 2934; x_wconf 91' lang='lat' dir='ltr'><strong>non</strong></span> <span class='ocrx_word' id='word_1_224' title='bbox 909 2865 1056 2934; x_wconf 90' lang='lat' dir='ltr'><strong>auderet</strong></span> <span class='ocrx_word' id='word_1_225' title='bbox 1066 2858 1175 2934; x_wconf 79' lang='lat' dir='ltr'><strong>Arius</strong></span> <span class='ocrx_word' id='word_1_226' title='bbox 1189 2885 1347 2955; x_wconf 85' lang='lat' dir='ltr'><strong>expresse</strong></span> <span class='ocrx_word' id='word_1_227' title='bbox 1365 2884 1492 2953; x_wconf 86' lang='lat' dir='ltr'><strong>negare</strong></span> <span class='ocrx_word' id='word_1_228' title='bbox 1542 2860 1632 2930; x_wconf 92' lang='lat' dir='ltr'><strong>cimo</strong></span> <span class='ocrx_word' id='word_1_229' title='bbox 1649 2884 1759 2935; x_wconf 90' lang='lat' dir='ltr'><strong>nonu.</strong></span> 
     </span>
     <span class='ocr_line' id='line_1_22' title="bbox 520 2957 2520 3063; baseline 0.004 -26"><span class='ocrx_word' id='word_1_230' title='bbox 520 2958 634 3063; x_wconf 75' lang='grc' dir='ltr'><em>λόγον</em></span> <span class='ocrx_word' id='word_1_231' title='bbox 646 2986 721 3034; x_wconf 84' lang='lat' dir='ltr'><strong>esse</strong></span> <span class='ocrx_word' id='word_1_232' title='bbox 734 2957 1010 3061; x_wconf 77' lang='grc' dir='ltr'><em>ὑφιστάμενον,</em></span> <span class='ocrx_word' id='word_1_233' title='bbox 1035 2976 1148 3035; x_wconf 89' lang='lat' dir='ltr'><strong>astute</strong></span> <span class='ocrx_word' id='word_1_234' title='bbox 1172 2963 1241 3034; x_wconf 86' lang='lat' dir='ltr'><strong>alia</strong></span> <span class='ocrx_word' id='word_1_235' title='bbox 1259 2964 1374 3055; x_wconf 89' lang='lat' dir='ltr'><strong>specie</strong></span> <span class='ocrx_word' id='word_1_236' title='bbox 1387 2964 1494 3034; x_wconf 91' lang='lat' dir='ltr'><strong>struit</strong></span> <span class='ocrx_word' id='word_1_237' title='bbox 1643 2958 1710 3033; x_wconf 87' lang='lat' dir='ltr'><strong>Est</strong></span> <span class='ocrx_word' id='word_1_238' title='bbox 1729 2976 1845 3034; x_wconf 89' lang='lat' dir='ltr'><strong>autem</strong></span> <span class='ocrx_word' id='word_1_239' title='bbox 1869 2962 2115 3054; x_wconf 89' lang='lat' dir='ltr'><strong>dignissimum</strong></span> <span class='ocrx_word' id='word_1_240' title='bbox 2135 2990 2226 3059; x_wconf 89' lang='lat' dir='ltr'><strong>opus</strong></span> <span class='ocrx_word' id='word_1_241' title='bbox 2250 2969 2466 3063; x_wconf 87' lang='lat' dir='ltr'><strong>sapientibus</strong></span> <span class='ocrx_word' id='word_1_242' title='bbox 2481 2989 2520 3046; x_wconf 90' lang='lat' dir='ltr'><strong>et</strong></span> 
     </span>
     <span class='ocr_line' id='line_1_23' title="bbox 520 3056 2521 3163; baseline 0.002 -27"><span class='ocrx_word' id='word_1_243' title='bbox 520 3066 684 3137; x_wconf 88' lang='lat' dir='ltr'><strong>insidias:</strong></span> <span class='ocrx_word' id='word_1_244' title='bbox 715 3066 815 3138; x_wconf 90' lang='lat' dir='ltr'><strong>Dicit</strong></span> <span class='ocrx_word' id='word_1_245' title='bbox 833 3089 908 3136; x_wconf 90' lang='lat' dir='ltr'><strong>non</strong></span> <span class='ocrx_word' id='word_1_246' title='bbox 929 3088 1002 3136; x_wconf 89' lang='lat' dir='ltr'><strong>esse</strong></span> <span class='ocrx_word' id='word_1_247' title='bbox 1022 3079 1245 3136; x_wconf 85' lang='lat' dir='ltr'><strong>coaeternum</strong></span> <span class='ocrx_word' id='word_1_248' title='bbox 1260 3064 1353 3154; x_wconf 88' lang='lat' dir='ltr'><strong>patri</strong></span> <span class='ocrx_word' id='word_1_249' title='bbox 1368 3056 1491 3163; x_wconf 66' lang='grc' dir='ltr'><em>λόγον,</em></span> <span class='ocrx_word' id='word_1_250' title='bbox 1542 3060 1681 3152; x_wconf 87' lang='lat' dir='ltr'><strong>magnis</strong></span> <span class='ocrx_word' id='word_1_251' title='bbox 1697 3063 1857 3153; x_wconf 82' lang='lat' dir='ltr'><strong>regibus,</strong></span> <span class='ocrx_word' id='word_1_252' title='bbox 1883 3065 1975 3136; x_wconf 90' lang='lat' dir='ltr'><strong>iusto</strong></span> <span class='ocrx_word' id='word_1_253' title='bbox 1990 3067 2097 3136; x_wconf 91' lang='lat' dir='ltr'><strong>modo</strong></span> <span class='ocrx_word' id='word_1_254' title='bbox 2112 3080 2148 3139; x_wconf 92' lang='lat' dir='ltr'><strong>et</strong></span> <span class='ocrx_word' id='word_1_255' title='bbox 2167 3069 2295 3139; x_wconf 89' lang='lat' dir='ltr'><strong>ordine</strong></span> <span class='ocrx_word' id='word_1_256' title='bbox 2310 3072 2432 3143; x_wconf 85' lang='lat' dir='ltr'><strong>tollere</strong></span> <span class='ocrx_word' id='word_1_257' title='bbox 2444 3074 2521 3145; x_wconf 85' lang='lat' dir='ltr'><strong>dis-</strong></span> 
     </span>
     <span class='ocr_line' id='line_1_24' title="bbox 521 3156 2521 3270; baseline 0.005 -33"><span class='ocrx_word' id='word_1_258' title='bbox 521 3169 581 3238; x_wconf 89' lang='lat' dir='ltr'><strong>sed</strong></span> <span class='ocrx_word' id='word_1_259' title='bbox 602 3190 776 3238; x_wconf 88' lang='lat' dir='ltr'><strong>summam</strong></span> <span class='ocrx_word' id='word_1_260' title='bbox 801 3179 996 3238; x_wconf 89' lang='lat' dir='ltr'><strong>creaturam</strong></span> <span class='ocrx_word' id='word_1_261' title='bbox 1017 3162 1187 3235; x_wconf 90' lang='lat' dir='ltr'><strong>exnihilo</strong></span> <span class='ocrx_word' id='word_1_262' title='bbox 1204 3165 1396 3251; x_wconf 90' lang='lat' dir='ltr'><strong>conditam,</strong></span> <span class='ocrx_word' id='word_1_263' title='bbox 1444 3161 1495 3236; x_wconf 87' lang='lat' dir='ltr'><strong>Et</strong></span> <span class='ocrx_word' id='word_1_264' title='bbox 1543 3161 1634 3233; x_wconf 89' lang='lat' dir='ltr'><strong>sidia</strong></span> <span class='ocrx_word' id='word_1_265' title='bbox 1650 3156 1904 3251; x_wconf 86' lang='lat' dir='ltr'><strong>Ecclesiarum,</strong></span> <span class='ocrx_word' id='word_1_266' title='bbox 1932 3165 2089 3238; x_wconf 89' lang='lat' dir='ltr'><strong>indicere</strong></span> <span class='ocrx_word' id='word_1_267' title='bbox 2107 3182 2141 3239; x_wconf 95' lang='lat' dir='ltr'><strong>et</strong></span> <span class='ocrx_word' id='word_1_268' title='bbox 2157 3183 2386 3263; x_wconf 88' lang='lat' dir='ltr'><strong>recteregere</strong></span> <span class='ocrx_word' id='word_1_269' title='bbox 2401 3171 2521 3270; x_wconf 88' lang='lat' dir='ltr'><strong>Syno-</strong></span> 
     </span>
     <span class='ocr_line' id='line_1_25' title="bbox 520 3257 2521 3371; baseline 0.003 -29"><span class='ocrx_word' id='word_1_270' title='bbox 520 3291 605 3342; x_wconf 88' lang='lat' dir='ltr'><strong>usus</strong></span> <span class='ocrx_word' id='word_1_271' title='bbox 620 3282 670 3340; x_wconf 90' lang='lat' dir='ltr'><strong>est</strong></span> <span class='ocrx_word' id='word_1_272' title='bbox 684 3263 739 3338; x_wconf 89' lang='lat' dir='ltr'><strong>bis</strong></span> <span class='ocrx_word' id='word_1_273' title='bbox 753 3268 875 3340; x_wconf 79' lang='lat' dir='ltr'><strong>formis</strong></span> <span class='ocrx_word' id='word_1_274' title='bbox 890 3266 1075 3361; x_wconf 89' lang='lat' dir='ltr'><strong>loquendi:</strong></span> <span class='ocrx_word' id='word_1_275' title='bbox 1101 3257 1266 3359; x_wconf 77' lang='grc' dir='ltr'><strong><em>ἦνπότε,</em></strong></span> <span class='ocrx_word' id='word_1_276' title='bbox 1290 3261 1350 3337; x_wconf 81' lang='grc' dir='ltr'><strong>ὅτε</strong></span> <span class='ocrx_word' id='word_1_277' title='bbox 1366 3258 1495 3359; x_wconf 65' lang='lat' dir='ltr'><strong>odada</strong></span> <span class='ocrx_word' id='word_1_278' title='bbox 1544 3264 1630 3353; x_wconf 91' lang='lat' dir='ltr'><strong>dos,</strong></span> <span class='ocrx_word' id='word_1_279' title='bbox 1668 3263 1758 3335; x_wconf 88' lang='lat' dir='ltr'><strong>sicut</strong></span> <span class='ocrx_word' id='word_1_280' title='bbox 1787 3266 1946 3337; x_wconf 86' lang='lat' dir='ltr'><strong>iecerunt</strong></span> <span class='ocrx_word' id='word_1_281' title='bbox 1975 3265 2247 3359; x_wconf 90' lang='lat' dir='ltr'><strong>Constantinus,</strong></span> <span class='ocrx_word' id='word_1_282' title='bbox 2295 3269 2521 3371; x_wconf 86' lang='lat' dir='ltr'><strong>Theodosius</strong></span> 
     </span>
     <span class='ocr_line' id='line_1_26' title="bbox 523 3359 2522 3468; baseline 0.006 -27"><span class='ocrx_word' id='word_1_283' title='bbox 523 3363 645 3468; x_wconf 77' lang='grc' dir='ltr'><strong><em>λόγος,</em></strong></span> <span class='ocrx_word' id='word_1_284' title='bbox 675 3367 744 3442; x_wconf 92' lang='lat' dir='ltr'><strong>boc</strong></span> <span class='ocrx_word' id='word_1_285' title='bbox 765 3383 832 3443; x_wconf 90' lang='lat' dir='ltr'><strong>cst:</strong></span> <span class='ocrx_word' id='word_1_286' title='bbox 860 3367 950 3442; x_wconf 90' lang='lat' dir='ltr'><strong>Erat</strong></span> <span class='ocrx_word' id='word_1_287' title='bbox 963 3382 1081 3461; x_wconf 88' lang='lat' dir='ltr'><strong>pater,</strong></span> <span class='ocrx_word' id='word_1_288' title='bbox 1109 3391 1189 3437; x_wconf 89' lang='lat' dir='ltr'><strong>cum</strong></span> <span class='ocrx_word' id='word_1_289' title='bbox 1215 3368 1376 3438; x_wconf 87' lang='lat' dir='ltr'><strong>nondum</strong></span> <span class='ocrx_word' id='word_1_290' title='bbox 1407 3379 1496 3439; x_wconf 89' lang='lat' dir='ltr'><strong>esset</strong></span> <span class='ocrx_word' id='word_1_291' title='bbox 1543 3365 1680 3458; x_wconf 89' lang='lat' dir='ltr'><strong>primus</strong></span> <span class='ocrx_word' id='word_1_292' title='bbox 1694 3378 1728 3438; x_wconf 92' lang='lat' dir='ltr'><strong>et</strong></span> <span class='ocrx_word' id='word_1_293' title='bbox 1741 3359 1966 3439; x_wconf 84' lang='lat' dir='ltr'><strong>Theodosius</strong></span> <span class='ocrx_word' id='word_1_294' title='bbox 1981 3372 2167 3455; x_wconf 88' lang='lat' dir='ltr'><strong>secundus,</strong></span> <span class='ocrx_word' id='word_1_295' title='bbox 2193 3385 2228 3446; x_wconf 93' lang='lat' dir='ltr'><strong>et</strong></span> <span class='ocrx_word' id='word_1_296' title='bbox 2244 3372 2458 3464; x_wconf 85' lang='lat' dir='ltr'><strong>Martianus,</strong></span> <span class='ocrx_word' id='word_1_297' title='bbox 2482 3393 2522 3452; x_wconf 90' lang='lat' dir='ltr'><strong>ut</strong></span> 
     </span>
     <span class='ocr_line' id='line_1_27' title="bbox 524 3464 1799 3567; baseline 0 -27"><span class='ocrx_word' id='word_1_298' title='bbox 524 3465 641 3567; x_wconf 77' lang='grc' dir='ltr'><strong><em>λόγος.</em></strong></span> <span class='ocrx_word' id='word_1_299' title='bbox 691 3469 799 3553; x_wconf 88' lang='lat' dir='ltr'><strong>ltem,</strong></span> <span class='ocrx_word' id='word_1_300' title='bbox 825 3471 916 3542; x_wconf 82' lang='lat' dir='ltr'><strong>dixit</strong></span> <span class='ocrx_word' id='word_1_301' title='bbox 938 3492 1011 3540; x_wconf 91' lang='lat' dir='ltr'><strong>esse</strong></span> <span class='ocrx_word' id='word_1_302' title='bbox 1030 3464 1182 3567; x_wconf 76' lang='grc' dir='ltr'><em>Λόγον,</em></span> <span class='ocrx_word' id='word_1_303' title='bbox 1210 3467 1248 3550; x_wconf 77' lang='grc' dir='ltr'><strong>ἐξ</strong></span> <span class='ocrx_word' id='word_1_304' title='bbox 1268 3465 1337 3540; x_wconf 81' lang='grc' dir='ltr'><strong>οὐκ</strong></span> <span class='ocrx_word' id='word_1_305' title='bbox 1352 3466 1496 3559; x_wconf 56' lang='grc' dir='ltr'><strong>’δηίοις</strong></span> <span class='ocrx_word' id='word_1_306' title='bbox 1543 3465 1637 3537; x_wconf 84' lang='lat' dir='ltr'><strong>infra</strong></span> <span class='ocrx_word' id='word_1_307' title='bbox 1651 3466 1799 3540; x_wconf 86' lang='lat' dir='ltr'><strong>dicetur.</strong></span> 
     </span>
     <span class='ocr_line' id='line_1_28' title="bbox 524 3563 2521 3667; baseline 0.004 -26"><span class='ocrx_word' id='word_1_308' title='bbox 524 3595 566 3641; x_wconf 87' lang='lat' dir='ltr'><strong>ex</strong></span> <span class='ocrx_word' id='word_1_309' title='bbox 581 3593 658 3640; x_wconf 92' lang='lat' dir='ltr'><strong>uon</strong></span> <span class='ocrx_word' id='word_1_310' title='bbox 673 3571 921 3651; x_wconf 88' lang='lat' dir='ltr'><strong>existentibus,</strong></span> <span class='ocrx_word' id='word_1_311' title='bbox 948 3572 1069 3651; x_wconf 87' lang='lat' dir='ltr'><strong>idest,</strong></span> <span class='ocrx_word' id='word_1_312' title='bbox 1095 3593 1136 3639; x_wconf 85' lang='lat' dir='ltr'><strong>ex</strong></span> <span class='ocrx_word' id='word_1_313' title='bbox 1148 3563 1277 3639; x_wconf 86' lang='lat' dir='ltr'><strong>nihilo.</strong></span> <span class='ocrx_word' id='word_1_314' title='bbox 1331 3567 1429 3640; x_wconf 87' lang='lat' dir='ltr'><strong>Haec</strong></span> <span class='ocrx_word' id='word_1_315' title='bbox 1445 3583 1497 3640; x_wconf 87' lang='lat' dir='ltr'><strong>est</strong></span> <span class='ocrx_word' id='word_1_316' title='bbox 1645 3564 1719 3637; x_wconf 90' lang='lat' dir='ltr'><strong>Nec</strong></span> <span class='ocrx_word' id='word_1_317' title='bbox 1734 3582 1826 3640; x_wconf 90' lang='lat' dir='ltr'><strong>recte</strong></span> <span class='ocrx_word' id='word_1_318' title='bbox 1842 3569 2015 3658; x_wconf 88' lang='lat' dir='ltr'><strong>sentiunt,</strong></span> <span class='ocrx_word' id='word_1_319' title='bbox 2040 3573 2102 3667; x_wconf 92' lang='lat' dir='ltr'><strong>qui</strong></span> <span class='ocrx_word' id='word_1_320' title='bbox 2124 3574 2264 3664; x_wconf 92' lang='lat' dir='ltr'><strong>dicunt,</strong></span> <span class='ocrx_word' id='word_1_321' title='bbox 2289 3571 2385 3650; x_wconf 91' lang='lat' dir='ltr'><strong>hanc</strong></span> <span class='ocrx_word' id='word_1_322' title='bbox 2399 3600 2521 3651; x_wconf 85' lang='lat' dir='ltr'><strong>curam</strong></span> 
     </span>
     <span class='ocr_line' id='line_1_29' title="bbox 523 3666 2520 3773; baseline 0.003 -32"><span class='ocrx_word' id='word_1_323' title='bbox 523 3694 659 3742; x_wconf 88' lang='lat' dir='ltr'><strong>summa</strong></span> <span class='ocrx_word' id='word_1_324' title='bbox 673 3672 865 3743; x_wconf 91' lang='lat' dir='ltr'><strong>sententiae</strong></span> <span class='ocrx_word' id='word_1_325' title='bbox 879 3668 979 3757; x_wconf 84' lang='lat' dir='ltr'><strong>Arii,</strong></span> <span class='ocrx_word' id='word_1_326' title='bbox 1004 3693 1110 3765; x_wconf 88' lang='lat' dir='ltr'><strong>quarn</strong></span> <span class='ocrx_word' id='word_1_327' title='bbox 1133 3670 1165 3741; x_wconf 89' lang='lat' dir='ltr'><strong>si</strong></span> <span class='ocrx_word' id='word_1_328' title='bbox 1185 3669 1265 3763; x_wconf 90' lang='lat' dir='ltr'><strong>quis</strong></span> <span class='ocrx_word' id='word_1_329' title='bbox 1278 3692 1388 3761; x_wconf 88' lang='lat' dir='ltr'><strong>prope</strong></span> <span class='ocrx_word' id='word_1_330' title='bbox 1401 3671 1496 3762; x_wconf 90' lang='lat' dir='ltr'><strong>aspi·</strong></span> <span class='ocrx_word' id='word_1_331' title='bbox 1545 3666 1728 3737; x_wconf 87' lang='lat' dir='ltr'><strong>indicendi</strong></span> <span class='ocrx_word' id='word_1_332' title='bbox 1743 3667 1905 3763; x_wconf 90' lang='lat' dir='ltr'><strong>Synodos</strong></span> <span class='ocrx_word' id='word_1_333' title='bbox 1927 3673 1972 3742; x_wconf 93' lang='lat' dir='ltr'><strong>ad</strong></span> <span class='ocrx_word' id='word_1_334' title='bbox 1997 3672 2089 3745; x_wconf 86' lang='lat' dir='ltr'><strong>solos</strong></span> <span class='ocrx_word' id='word_1_335' title='bbox 2110 3669 2308 3771; x_wconf 88' lang='lat' dir='ltr'><strong>Episcopus</strong></span> <span class='ocrx_word' id='word_1_336' title='bbox 2327 3679 2520 3773; x_wconf 88' lang='lat' dir='ltr'><strong>pertinere:</strong></span> 
     </span>
     <span class='ocr_line' id='line_1_30' title="bbox 526 3765 2523 3868; baseline 0.005 -27"><span class='ocrx_word' id='word_1_337' title='bbox 526 3773 612 3857; x_wconf 91' lang='lat' dir='ltr'><strong>ciet,</strong></span> <span class='ocrx_word' id='word_1_338' title='bbox 643 3767 882 3864; x_wconf 89' lang='lat' dir='ltr'><strong>deprehendet</strong></span> <span class='ocrx_word' id='word_1_339' title='bbox 907 3795 983 3842; x_wconf 89' lang='lat' dir='ltr'><strong>eam</strong></span> <span class='ocrx_word' id='word_1_340' title='bbox 1006 3770 1157 3840; x_wconf 90' lang='lat' dir='ltr'><strong>vicinam</strong></span> <span class='ocrx_word' id='word_1_341' title='bbox 1181 3793 1255 3840; x_wconf 88' lang='lat' dir='ltr'><strong>esse</strong></span> <span class='ocrx_word' id='word_1_342' title='bbox 1277 3769 1497 3842; x_wconf 75' lang='lat' dir='ltr'><strong>samosateni</strong></span> <span class='ocrx_word' id='word_1_343' title='bbox 1546 3765 1644 3856; x_wconf 84' lang='lat' dir='ltr'><strong>Quia</strong></span> <span class='ocrx_word' id='word_1_344' title='bbox 1666 3768 1722 3837; x_wconf 83' lang='lat' dir='ltr'><strong>lex</strong></span> <span class='ocrx_word' id='word_1_345' title='bbox 1742 3769 1864 3840; x_wconf 87' lang='lat' dir='ltr'><strong>divina</strong></span> <span class='ocrx_word' id='word_1_346' title='bbox 1886 3784 1921 3841; x_wconf 92' lang='lat' dir='ltr'><strong>et</strong></span> <span class='ocrx_word' id='word_1_347' title='bbox 1936 3773 2100 3864; x_wconf 86' lang='lat' dir='ltr'><strong>politicae</strong></span> <span class='ocrx_word' id='word_1_348' title='bbox 2113 3780 2277 3868; x_wconf 86' lang='lat' dir='ltr'><strong>potestati</strong></span> <span class='ocrx_word' id='word_1_349' title='bbox 2304 3793 2338 3851; x_wconf 92' lang='lat' dir='ltr'><strong>et</strong></span> <span class='ocrx_word' id='word_1_350' title='bbox 2360 3781 2523 3852; x_wconf 90' lang='lat' dir='ltr'><strong>doctori-</strong></span> 
     </span>
     <span class='ocr_line' id='line_1_31' title="bbox 524 3869 2525 3968; baseline 0.005 -26"><span class='ocrx_word' id='word_1_351' title='bbox 524 3873 706 3966; x_wconf 88' lang='lat' dir='ltr'><strong>impietati.</strong></span> <span class='ocrx_word' id='word_1_352' title='bbox 755 3873 866 3964; x_wconf 80' lang='lat' dir='ltr'><strong>Negat</strong></span> <span class='ocrx_word' id='word_1_353' title='bbox 886 3887 1003 3945; x_wconf 88' lang='lat' dir='ltr'><strong>autern</strong></span> <span class='ocrx_word' id='word_1_354' title='bbox 1024 3870 1137 3962; x_wconf 90' lang='lat' dir='ltr'><strong>reipsa</strong></span> <span class='ocrx_word' id='word_1_355' title='bbox 1157 3870 1270 3941; x_wconf 89' lang='lat' dir='ltr'><strong>lilium</strong></span> <span class='ocrx_word' id='word_1_356' title='bbox 1293 3891 1366 3940; x_wconf 88' lang='lat' dir='ltr'><strong>esse</strong></span> <span class='ocrx_word' id='word_1_357' title='bbox 1381 3872 1426 3941; x_wconf 92' lang='lat' dir='ltr'><strong>de</strong></span> <span class='ocrx_word' id='word_1_358' title='bbox 1441 3895 1498 3941; x_wconf 88' lang='lat' dir='ltr'><strong>er·</strong></span> <span class='ocrx_word' id='word_1_359' title='bbox 1545 3871 1613 3940; x_wconf 90' lang='lat' dir='ltr'><strong>bus</strong></span> <span class='ocrx_word' id='word_1_360' title='bbox 1628 3869 1799 3962; x_wconf 87' lang='lat' dir='ltr'><strong>praecipit</strong></span> <span class='ocrx_word' id='word_1_361' title='bbox 1818 3871 1942 3941; x_wconf 87' lang='lat' dir='ltr'><strong>tollere</strong></span> <span class='ocrx_word' id='word_1_362' title='bbox 1965 3869 2202 3968; x_wconf 91' lang='lat' dir='ltr'><strong>blasphemias</strong></span> <span class='ocrx_word' id='word_1_363' title='bbox 2223 3894 2259 3953; x_wconf 93' lang='lat' dir='ltr'><strong>et</strong></span> <span class='ocrx_word' id='word_1_364' title='bbox 2274 3881 2376 3951; x_wconf 83' lang='lat' dir='ltr'><strong>idola.</strong></span> <span class='ocrx_word' id='word_1_365' title='bbox 2428 3877 2525 3952; x_wconf 89' lang='lat' dir='ltr'><strong>Cum</strong></span> 
     </span>
     <span class='ocr_line' id='line_1_32' title="bbox 524 3968 2527 4072; baseline 0.002 -27"><span class='ocrx_word' id='word_1_366' title='bbox 524 3975 635 4046; x_wconf 89' lang='lat' dir='ltr'><strong>sentia</strong></span> <span class='ocrx_word' id='word_1_367' title='bbox 657 3974 783 4065; x_wconf 90' lang='lat' dir='ltr'><strong>patris,</strong></span> <span class='ocrx_word' id='word_1_368' title='bbox 815 3987 852 4045; x_wconf 89' lang='lat' dir='ltr'><strong>et</strong></span> <span class='ocrx_word' id='word_1_369' title='bbox 872 3973 1170 4065; x_wconf 89' lang='lat' dir='ltr'><strong>omnipotentem,</strong></span> <span class='ocrx_word' id='word_1_370' title='bbox 1211 3970 1294 4067; x_wconf 91' lang='lat' dir='ltr'><strong>quia</strong></span> <span class='ocrx_word' id='word_1_371' title='bbox 1315 3971 1404 4042; x_wconf 92' lang='lat' dir='ltr'><strong>dicit</strong></span> <span class='ocrx_word' id='word_1_372' title='bbox 1425 3994 1498 4044; x_wconf 87' lang='lat' dir='ltr'><strong>esse</strong></span> <span class='ocrx_word' id='word_1_373' title='bbox 1546 3968 1656 4058; x_wconf 84' lang='lat' dir='ltr'><strong>igitur</strong></span> <span class='ocrx_word' id='word_1_374' title='bbox 1678 3970 1823 4041; x_wconf 89' lang='lat' dir='ltr'><strong>dissidia</strong></span> <span class='ocrx_word' id='word_1_375' title='bbox 1846 3972 2029 4060; x_wconf 90' lang='lat' dir='ltr'><strong>oriuntur,</strong></span> <span class='ocrx_word' id='word_1_376' title='bbox 2069 3976 2177 4048; x_wconf 89' lang='lat' dir='ltr'><strong>etiam</strong></span> <span class='ocrx_word' id='word_1_377' title='bbox 2198 3980 2337 4072; x_wconf 89' lang='lat' dir='ltr'><strong>politica</strong></span> <span class='ocrx_word' id='word_1_378' title='bbox 2362 3990 2527 4067; x_wconf 80' lang='lat' dir='ltr'><strong>potestas</strong></span> 
     </span>
     <span class='ocr_line' id='line_1_33' title="bbox 525 4069 2525 4172; baseline 0.002 -27"><span class='ocrx_word' id='word_1_379' title='bbox 525 4074 562 4157; x_wconf 80' lang='grc' dir='ltr'><strong>ἐξ</strong></span> <span class='ocrx_word' id='word_1_380' title='bbox 574 4073 644 4150; x_wconf 82' lang='grc' dir='ltr'><strong>οὐκ</strong></span> <span class='ocrx_word' id='word_1_381' title='bbox 659 4073 791 4147; x_wconf 79' lang='grc' dir='ltr'><strong><em>ὄντων.</em></strong></span> <span class='ocrx_word' id='word_1_382' title='bbox 1547 4082 1644 4141; x_wconf 84' lang='lat' dir='ltr'><strong>curet</strong></span> <span class='ocrx_word' id='word_1_383' title='bbox 1655 4069 1849 4159; x_wconf 77' lang='lat' dir='ltr'><strong>legitimam</strong></span> <span class='ocrx_word' id='word_1_384' title='bbox 1863 4075 2102 4163; x_wconf 86' lang='lat' dir='ltr'><strong>cognitionem</strong></span> <span class='ocrx_word' id='word_1_385' title='bbox 2117 4079 2268 4159; x_wconf 91' lang='lat' dir='ltr'><strong>institui,</strong></span> <span class='ocrx_word' id='word_1_386' title='bbox 2293 4079 2329 4145; x_wconf 92' lang='lat' dir='ltr'><strong>in</strong></span> <span class='ocrx_word' id='word_1_387' title='bbox 2350 4076 2421 4172; x_wconf 74' lang='lat' dir='ltr'><strong>qua</strong></span> <span class='ocrx_word' id='word_1_388' title='bbox 2449 4079 2525 4153; x_wconf 89' lang='lat' dir='ltr'><strong>do-</strong></span> 
     </span>
     <span class='ocr_line' id='line_1_34' title="bbox 624 4168 2525 4274; baseline 0.002 -28"><span class='ocrx_word' id='word_1_389' title='bbox 624 4174 682 4246; x_wconf 90' lang='lat' dir='ltr'><strong>Pii</strong></span> <span class='ocrx_word' id='word_1_390' title='bbox 696 4189 939 4266; x_wconf 91' lang='lat' dir='ltr'><strong>opposuerunt</strong></span> <span class='ocrx_word' id='word_1_391' title='bbox 953 4189 1056 4268; x_wconf 89' lang='lat' dir='ltr'><strong>caput</strong></span> <span class='ocrx_word' id='word_1_392' title='bbox 1070 4175 1224 4266; x_wconf 90' lang='lat' dir='ltr'><strong>primum</strong></span> <span class='ocrx_word' id='word_1_393' title='bbox 1238 4168 1421 4260; x_wconf 89' lang='lat' dir='ltr'><strong>lobannis,</strong></span> <span class='ocrx_word' id='word_1_394' title='bbox 1434 4172 1499 4244; x_wconf 91' lang='lat' dir='ltr'><strong>ubi</strong></span> <span class='ocrx_word' id='word_1_395' title='bbox 1548 4183 1660 4242; x_wconf 87' lang='lat' dir='ltr'><strong>ctorea</strong></span> <span class='ocrx_word' id='word_1_396' title='bbox 1683 4182 1717 4240; x_wconf 91' lang='lat' dir='ltr'><strong>et</strong></span> <span class='ocrx_word' id='word_1_397' title='bbox 1739 4169 1807 4241; x_wconf 90' lang='lat' dir='ltr'><strong>alia</strong></span> <span class='ocrx_word' id='word_1_398' title='bbox 1829 4174 1988 4245; x_wconf 89' lang='lat' dir='ltr'><strong>membra</strong></span> <span class='ocrx_word' id='word_1_399' title='bbox 2008 4172 2186 4250; x_wconf 90' lang='lat' dir='ltr'><strong>Ecclesiae</strong></span> <span class='ocrx_word' id='word_1_400' title='bbox 2207 4179 2350 4265; x_wconf 89' lang='lat' dir='ltr'><strong>idonea,</strong></span> <span class='ocrx_word' id='word_1_401' title='bbox 2391 4192 2430 4250; x_wconf 90' lang='lat' dir='ltr'><strong>et</strong></span> <span class='ocrx_word' id='word_1_402' title='bbox 2452 4179 2525 4274; x_wconf 91' lang='lat' dir='ltr'><strong>ipsi</strong></span> 
     </span>
     <span class='ocr_line' id='line_1_35' title="bbox 525 4269 2521 4371; baseline 0.004 -24"><span class='ocrx_word' id='word_1_403' title='bbox 525 4276 672 4348; x_wconf 91' lang='lat' dir='ltr'><strong>dicitur:</strong></span> <span class='ocrx_word' id='word_1_404' title='bbox 713 4270 779 4348; x_wconf 80' lang='lat' dir='ltr'><strong>arci</strong></span> <span class='ocrx_word' id='word_1_405' title='bbox 810 4276 901 4357; x_wconf 74' lang='grc' dir='ltr'><em>θεος</em></span> <span class='ocrx_word' id='word_1_406' title='bbox 925 4300 973 4369; x_wconf 79' lang='grc' dir='ltr'><strong>ην</strong></span> <span class='ocrx_word' id='word_1_407' title='bbox 1003 4301 1023 4347; x_wconf 90' lang='grc' dir='ltr'><strong><em>ο</em></strong></span> <span class='ocrx_word' id='word_1_408' title='bbox 1048 4279 1166 4371; x_wconf 72' lang='lat' dir='ltr'><strong>loyor·</strong></span> <span class='ocrx_word' id='word_1_409' title='bbox 1218 4270 1307 4346; x_wconf 90' lang='lat' dir='ltr'><strong>Item</strong></span> <span class='ocrx_word' id='word_1_410' title='bbox 1334 4275 1429 4345; x_wconf 91' lang='lat' dir='ltr'><strong>dicta</strong></span> <span class='ocrx_word' id='word_1_411' title='bbox 1454 4276 1499 4345; x_wconf 88' lang='lat' dir='ltr'><strong>de</strong></span> <span class='ocrx_word' id='word_1_412' title='bbox 1547 4269 1745 4364; x_wconf 88' lang='lat' dir='ltr'><strong>principes,</strong></span> <span class='ocrx_word' id='word_1_413' title='bbox 1778 4295 1817 4342; x_wconf 88' lang='lat' dir='ltr'><strong>re</strong></span> <span class='ocrx_word' id='word_1_414' title='bbox 1837 4271 2030 4368; x_wconf 88' lang='lat' dir='ltr'><strong>inquisita,</strong></span> <span class='ocrx_word' id='word_1_415' title='bbox 2064 4280 2181 4352; x_wconf 91' lang='lat' dir='ltr'><strong>dicant</strong></span> <span class='ocrx_word' id='word_1_416' title='bbox 2203 4299 2282 4347; x_wconf 84' lang='lat' dir='ltr'><strong>suas</strong></span> <span class='ocrx_word' id='word_1_417' title='bbox 2311 4281 2521 4354; x_wconf 85' lang='lat' dir='ltr'><strong>sententias.</strong></span> 
     </span>
     <span class='ocr_line' id='line_1_36' title="bbox 524 4368 2524 4471; baseline 0.003 -24"><span class='ocrx_word' id='word_1_418' title='bbox 524 4377 781 4471; x_wconf 88' lang='lat' dir='ltr'><strong>omnipotentia</strong></span> <span class='ocrx_word' id='word_1_419' title='bbox 802 4378 887 4462; x_wconf 81' lang='lat' dir='ltr'><strong>filii,</strong></span> <span class='ocrx_word' id='word_1_420' title='bbox 910 4388 951 4446; x_wconf 90' lang='lat' dir='ltr'><strong>ut</strong></span> <span class='ocrx_word' id='word_1_421' title='bbox 972 4398 1054 4446; x_wconf 84' lang='lat' dir='ltr'><strong>mor</strong></span> <span class='ocrx_word' id='word_1_422' title='bbox 1075 4368 1246 4444; x_wconf 89' lang='lat' dir='ltr'><strong>lobannis</strong></span> <span class='ocrx_word' id='word_1_423' title='bbox 1269 4375 1385 4466; x_wconf 91' lang='lat' dir='ltr'><strong>primo</strong></span> <span class='ocrx_word' id='word_1_424' title='bbox 1409 4374 1500 4445; x_wconf 90' lang='lat' dir='ltr'><strong>dici·</strong></span> <span class='ocrx_word' id='word_1_425' title='bbox 1548 4371 1644 4461; x_wconf 85' lang='lat' dir='ltr'><strong>Quia</strong></span> <span class='ocrx_word' id='word_1_426' title='bbox 1669 4372 1842 4444; x_wconf 89' lang='lat' dir='ltr'><strong>iudicium</strong></span> <span class='ocrx_word' id='word_1_427' title='bbox 1864 4372 1955 4446; x_wconf 93' lang='lat' dir='ltr'><strong>illud</strong></span> <span class='ocrx_word' id='word_1_428' title='bbox 1978 4393 2126 4450; x_wconf 89' lang='lat' dir='ltr'><strong>nonest</strong></span> <span class='ocrx_word' id='word_1_429' title='bbox 2150 4376 2258 4450; x_wconf 89' lang='lat' dir='ltr'><strong>unius</strong></span> <span class='ocrx_word' id='word_1_430' title='bbox 2281 4383 2433 4470; x_wconf 80' lang='lat' dir='ltr'><strong>gradus,</strong></span> <span class='ocrx_word' id='word_1_431' title='bbox 2461 4386 2524 4454; x_wconf 91' lang='lat' dir='ltr'><strong>sed</strong></span> 
     </span>
     <span class='ocr_line' id='line_1_37' title="bbox 526 4472 2524 4573; baseline 0.002 -23"><span class='ocrx_word' id='word_1_432' title='bbox 526 4495 603 4551; x_wconf 77' lang='lat' dir='ltr'><strong>turs</strong></span> <span class='ocrx_word' id='word_1_433' title='bbox 642 4475 776 4552; x_wconf 89' lang='lat' dir='ltr'><strong>Omnia</strong></span> <span class='ocrx_word' id='word_1_434' title='bbox 800 4478 999 4571; x_wconf 88' lang='lat' dir='ltr'><strong>peripsum</strong></span> <span class='ocrx_word' id='word_1_435' title='bbox 1020 4476 1110 4546; x_wconf 82' lang='lat' dir='ltr'><strong>tacta</strong></span> <span class='ocrx_word' id='word_1_436' title='bbox 1133 4488 1228 4548; x_wconf 87' lang='lat' dir='ltr'><strong>sunt.</strong></span> <span class='ocrx_word' id='word_1_437' title='bbox 1280 4473 1387 4547; x_wconf 87' lang='lat' dir='ltr'><strong>Item:</strong></span> <span class='ocrx_word' id='word_1_438' title='bbox 1420 4472 1498 4565; x_wconf 85' lang='lat' dir='ltr'><strong>Ego</strong></span> <span class='ocrx_word' id='word_1_439' title='bbox 1548 4473 1709 4541; x_wconf 87' lang='lat' dir='ltr'><strong>omniurn</strong></span> <span class='ocrx_word' id='word_1_440' title='bbox 1727 4475 1970 4550; x_wconf 89' lang='lat' dir='ltr'><strong>membrorum</strong></span> <span class='ocrx_word' id='word_1_441' title='bbox 1983 4473 2167 4564; x_wconf 85' lang='lat' dir='ltr'><strong>Ecclesiae,</strong></span> <span class='ocrx_word' id='word_1_442' title='bbox 2190 4503 2282 4573; x_wconf 90' lang='lat' dir='ltr'><strong>quae</strong></span> <span class='ocrx_word' id='word_1_443' title='bbox 2297 4495 2382 4553; x_wconf 91' lang='lat' dir='ltr'><strong>sunt</strong></span> <span class='ocrx_word' id='word_1_444' title='bbox 2393 4483 2524 4555; x_wconf 91' lang='lat' dir='ltr'><strong>idonea</strong></span> 
     </span>
     <span class='ocr_line' id='line_1_38' title="bbox 525 4571 2525 4676; baseline 0.005 -31"><span class='ocrx_word' id='word_1_445' title='bbox 525 4580 635 4650; x_wconf 85' lang='lat' dir='ltr'><strong>vitam</strong></span> <span class='ocrx_word' id='word_1_446' title='bbox 654 4593 832 4651; x_wconf 86' lang='lat' dir='ltr'><strong>aeternam</strong></span> <span class='ocrx_word' id='word_1_447' title='bbox 852 4581 898 4650; x_wconf 90' lang='lat' dir='ltr'><strong>do</strong></span> <span class='ocrx_word' id='word_1_448' title='bbox 921 4577 982 4648; x_wconf 84' lang='lat' dir='ltr'><strong>eis.</strong></span> <span class='ocrx_word' id='word_1_449' title='bbox 1032 4571 1095 4649; x_wconf 88' lang='lat' dir='ltr'><strong>Et:</strong></span> <span class='ocrx_word' id='word_1_450' title='bbox 1122 4575 1208 4647; x_wconf 90' lang='lat' dir='ltr'><strong>Sine</strong></span> <span class='ocrx_word' id='word_1_451' title='bbox 1223 4598 1280 4646; x_wconf 89' lang='lat' dir='ltr'><strong>me</strong></span> <span class='ocrx_word' id='word_1_452' title='bbox 1292 4571 1386 4645; x_wconf 92' lang='lat' dir='ltr'><strong>nibil</strong></span> <span class='ocrx_word' id='word_1_453' title='bbox 1400 4589 1500 4668; x_wconf 90' lang='lat' dir='ltr'><strong>pote·</strong></span> <span class='ocrx_word' id='word_1_454' title='bbox 1546 4574 1592 4643; x_wconf 89' lang='lat' dir='ltr'><strong>ad</strong></span> <span class='ocrx_word' id='word_1_455' title='bbox 1607 4573 1850 4652; x_wconf 88' lang='lat' dir='ltr'><strong>iudicandum.</strong></span> <span class='ocrx_word' id='word_1_456' title='bbox 1900 4575 2023 4651; x_wconf 85' lang='lat' dir='ltr'><strong>Postea</strong></span> <span class='ocrx_word' id='word_1_457' title='bbox 2037 4603 2116 4651; x_wconf 89' lang='lat' dir='ltr'><strong>cum</strong></span> <span class='ocrx_word' id='word_1_458' title='bbox 2128 4581 2261 4653; x_wconf 86' lang='lat' dir='ltr'><strong>veritas</strong></span> <span class='ocrx_word' id='word_1_459' title='bbox 2276 4584 2447 4676; x_wconf 81' lang='lat' dir='ltr'><strong>patefacta</strong></span> <span class='ocrx_word' id='word_1_460' title='bbox 2463 4597 2525 4673; x_wconf 83' lang='lat' dir='ltr'><strong>est,</strong></span> 
     </span>
     <span class='ocr_line' id='line_1_39' title="bbox 526 4672 2526 4771; baseline 0.006 -25"><span class='ocrx_word' id='word_1_461' title='bbox 526 4679 588 4748; x_wconf 90' lang='lat' dir='ltr'><strong>stis</strong></span> <span class='ocrx_word' id='word_1_462' title='bbox 603 4681 727 4752; x_wconf 86' lang='lat' dir='ltr'><strong>facere.</strong></span> <span class='ocrx_word' id='word_1_463' title='bbox 777 4675 1051 4771; x_wconf 66' lang='lat' dir='ltr'><strong>Marchadas:</strong></span> <span class='ocrx_word' id='word_1_464' title='bbox 1084 4674 1296 4770; x_wconf 86' lang='lat' dir='ltr'><strong>Ubicunque</strong></span> <span class='ocrx_word' id='word_1_465' title='bbox 1320 4691 1402 4748; x_wconf 91' lang='lat' dir='ltr'><strong>sunt</strong></span> <span class='ocrx_word' id='word_1_466' title='bbox 1426 4679 1499 4748; x_wconf 93' lang='lat' dir='ltr'><strong>duo</strong></span> <span class='ocrx_word' id='word_1_467' title='bbox 1547 4672 1608 4746; x_wconf 86' lang='lat' dir='ltr'><strong>fiat</strong></span> <span class='ocrx_word' id='word_1_468' title='bbox 1635 4675 1835 4768; x_wconf 86' lang='lat' dir='ltr'><strong>exequutio.</strong></span> <span class='ocrx_word' id='word_1_469' title='bbox 1898 4676 2067 4752; x_wconf 90' lang='lat' dir='ltr'><strong>Doctores</strong></span> <span class='ocrx_word' id='word_1_470' title='bbox 2097 4684 2255 4755; x_wconf 85' lang='lat' dir='ltr'><strong>refutent</strong></span> <span class='ocrx_word' id='word_1_471' title='bbox 2287 4696 2321 4755; x_wconf 93' lang='lat' dir='ltr'><strong>et</strong></span> <span class='ocrx_word' id='word_1_472' title='bbox 2352 4685 2526 4758; x_wconf 86' lang='lat' dir='ltr'><strong>damnent</strong></span> 
     </span>
     <span class='ocr_line' id='line_1_40' title="bbox 526 4770 2527 4876; baseline 0.004 -29"><span class='ocrx_word' id='word_1_473' title='bbox 526 4791 590 4849; x_wconf 87' lang='lat' dir='ltr'><strong>aut</strong></span> <span class='ocrx_word' id='word_1_474' title='bbox 614 4791 683 4849; x_wconf 90' lang='lat' dir='ltr'><strong>tres</strong></span> <span class='ocrx_word' id='word_1_475' title='bbox 706 4779 904 4870; x_wconf 87' lang='lat' dir='ltr'><strong>cougregati</strong></span> <span class='ocrx_word' id='word_1_476' title='bbox 930 4779 969 4848; x_wconf 91' lang='lat' dir='ltr'><strong>in</strong></span> <span class='ocrx_word' id='word_1_477' title='bbox 989 4777 1135 4846; x_wconf 90' lang='lat' dir='ltr'><strong>nomine</strong></span> <span class='ocrx_word' id='word_1_478' title='bbox 1156 4798 1253 4861; x_wconf 88' lang='lat' dir='ltr'><strong>meo,</strong></span> <span class='ocrx_word' id='word_1_479' title='bbox 1283 4777 1335 4846; x_wconf 91' lang='lat' dir='ltr'><strong>ibi</strong></span> <span class='ocrx_word' id='word_1_480' title='bbox 1358 4800 1436 4846; x_wconf 89' lang='lat' dir='ltr'><strong>sum</strong></span> <span class='ocrx_word' id='word_1_481' title='bbox 1459 4778 1499 4847; x_wconf 92' lang='lat' dir='ltr'><strong>in</strong></span> <span class='ocrx_word' id='word_1_482' title='bbox 1548 4770 1794 4866; x_wconf 87' lang='lat' dir='ltr'><strong>blasphemias.</strong></span> <span class='ocrx_word' id='word_1_483' title='bbox 1844 4777 2001 4853; x_wconf 88' lang='lat' dir='ltr'><strong>Potestas</strong></span> <span class='ocrx_word' id='word_1_484' title='bbox 2020 4781 2165 4874; x_wconf 86' lang='lat' dir='ltr'><strong>politica</strong></span> <span class='ocrx_word' id='word_1_485' title='bbox 2194 4778 2378 4876; x_wconf 85' lang='lat' dir='ltr'><strong>prohibeat</strong></span> <span class='ocrx_word' id='word_1_486' title='bbox 2403 4797 2527 4856; x_wconf 85' lang='lat' dir='ltr'><strong>exter·</strong></span> 
     </span>
     <span class='ocr_line' id='line_1_41' title="bbox 527 4868 2526 4978; baseline 0.007 -33"><span class='ocrx_word' id='word_1_487' title='bbox 527 4878 645 4949; x_wconf 87' lang='lat' dir='ltr'><strong>medio</strong></span> <span class='ocrx_word' id='word_1_488' title='bbox 671 4901 805 4951; x_wconf 88' lang='lat' dir='ltr'><strong>eorum.</strong></span> <span class='ocrx_word' id='word_1_489' title='bbox 855 4875 989 4951; x_wconf 87' lang='lat' dir='ltr'><strong>Adesse</strong></span> <span class='ocrx_word' id='word_1_490' title='bbox 1008 4868 1159 4968; x_wconf 88' lang='lat' dir='ltr'><strong>ubique,</strong></span> <span class='ocrx_word' id='word_1_491' title='bbox 1181 4877 1347 4947; x_wconf 81' lang='lat' dir='ltr'><strong>exaudire</strong></span> <span class='ocrx_word' id='word_1_492' title='bbox 1370 4889 1405 4948; x_wconf 89' lang='lat' dir='ltr'><strong>et</strong></span> <span class='ocrx_word' id='word_1_493' title='bbox 1418 4879 1499 4968; x_wconf 89' lang='lat' dir='ltr'><strong>opi·</strong></span> <span class='ocrx_word' id='word_1_494' title='bbox 1547 4898 1630 4946; x_wconf 87' lang='lat' dir='ltr'><strong>nam</strong></span> <span class='ocrx_word' id='word_1_495' title='bbox 1647 4876 1899 4966; x_wconf 83' lang='lat' dir='ltr'><strong>professionem</strong></span> <span class='ocrx_word' id='word_1_496' title='bbox 1914 4882 2073 4975; x_wconf 89' lang='lat' dir='ltr'><strong>impiam,</strong></span> <span class='ocrx_word' id='word_1_497' title='bbox 2096 4898 2272 4957; x_wconf 86' lang='lat' dir='ltr'><strong>removeat</strong></span> <span class='ocrx_word' id='word_1_498' title='bbox 2289 4878 2526 4978; x_wconf 87' lang='lat' dir='ltr'><strong>blasphemos,</strong></span> 
     </span>
     <span class='ocr_line' id='line_1_42' title="bbox 527 4977 2085 5074; baseline 0.006 -27"><span class='ocrx_word' id='word_1_499' title='bbox 527 4979 634 5049; x_wconf 89' lang='lat' dir='ltr'><strong>tulari</strong></span> <span class='ocrx_word' id='word_1_500' title='bbox 649 4981 782 5074; x_wconf 89' lang='lat' dir='ltr'><strong>ubique</strong></span> <span class='ocrx_word' id='word_1_501' title='bbox 797 4980 939 5073; x_wconf 88' lang='lat' dir='ltr'><strong>propria</strong></span> <span class='ocrx_word' id='word_1_502' title='bbox 956 4990 1039 5049; x_wconf 90' lang='lat' dir='ltr'><strong>sunt</strong></span> <span class='ocrx_word' id='word_1_503' title='bbox 1060 4977 1202 5050; x_wconf 86' lang='lat' dir='ltr'><strong>divinae</strong></span> <span class='ocrx_word' id='word_1_504' title='bbox 1219 4991 1379 5049; x_wconf 85' lang='lat' dir='ltr'><strong>naturae.</strong></span> <span class='ocrx_word' id='word_1_505' title='bbox 1429 4977 1500 5049; x_wconf 90' lang='lat' dir='ltr'><strong>Co-</strong></span> <span class='ocrx_word' id='word_1_506' title='bbox 1546 4999 1593 5047; x_wconf 92' lang='lat' dir='ltr'><strong>ne</strong></span> <span class='ocrx_word' id='word_1_507' title='bbox 1611 4977 1709 5047; x_wconf 89' lang='lat' dir='ltr'><strong>virus</strong></span> <span class='ocrx_word' id='word_1_508' title='bbox 1724 5001 1827 5049; x_wconf 87' lang='lat' dir='ltr'><strong>suum</strong></span> <span class='ocrx_word' id='word_1_509' title='bbox 1844 4982 1975 5054; x_wconf 87' lang='lat' dir='ltr'><strong>adflent</strong></span> <span class='ocrx_word' id='word_1_510' title='bbox 1992 4984 2085 5056; x_wconf 88' lang='lat' dir='ltr'><strong>aliis.</strong></span> 
     </span>
     <span class='ocr_line' id='line_1_43' title="bbox 527 5076 2526 5174; baseline 0.005 -27"><span class='ocrx_word' id='word_1_511' title='bbox 527 5081 724 5156; x_wconf 88' lang='lat' dir='ltr'><strong>lossen.1.:</strong></span> <span class='ocrx_word' id='word_1_512' title='bbox 749 5078 885 5153; x_wconf 89' lang='lat' dir='ltr'><strong>Omnia</strong></span> <span class='ocrx_word' id='word_1_513' title='bbox 901 5105 964 5174; x_wconf 92' lang='lat' dir='ltr'><strong>per</strong></span> <span class='ocrx_word' id='word_1_514' title='bbox 979 5079 1095 5173; x_wconf 90' lang='lat' dir='ltr'><strong>ipsum</strong></span> <span class='ocrx_word' id='word_1_515' title='bbox 1113 5093 1147 5151; x_wconf 89' lang='lat' dir='ltr'><strong>et</strong></span> <span class='ocrx_word' id='word_1_516' title='bbox 1169 5081 1207 5149; x_wconf 89' lang='lat' dir='ltr'><strong>in</strong></span> <span class='ocrx_word' id='word_1_517' title='bbox 1223 5082 1338 5173; x_wconf 91' lang='lat' dir='ltr'><strong>ipsum</strong></span> <span class='ocrx_word' id='word_1_518' title='bbox 1355 5080 1499 5151; x_wconf 91' lang='lat' dir='ltr'><strong>condita</strong></span> <span class='ocrx_word' id='word_1_519' title='bbox 1648 5076 1752 5148; x_wconf 87' lang='lat' dir='ltr'><strong>Hanc</strong></span> <span class='ocrx_word' id='word_1_520' title='bbox 1782 5081 1991 5151; x_wconf 89' lang='lat' dir='ltr'><strong>seutentiam</strong></span> <span class='ocrx_word' id='word_1_521' title='bbox 2019 5085 2235 5161; x_wconf 86' lang='lat' dir='ltr'><strong>verissimam</strong></span> <span class='ocrx_word' id='word_1_522' title='bbox 2264 5109 2438 5159; x_wconf 86' lang='lat' dir='ltr'><strong>essenon</strong></span> <span class='ocrx_word' id='word_1_523' title='bbox 2461 5090 2526 5161; x_wconf 90' lang='lat' dir='ltr'><strong>du-</strong></span> 
     </span>
     <span class='ocr_line' id='line_1_44' title="bbox 525 5176 2524 5279; baseline 0.005 -28"><span class='ocrx_word' id='word_1_524' title='bbox 525 5195 629 5264; x_wconf 91' lang='lat' dir='ltr'><strong>sunt,</strong></span> <span class='ocrx_word' id='word_1_525' title='bbox 655 5195 688 5251; x_wconf 92' lang='lat' dir='ltr'><strong>et</strong></span> <span class='ocrx_word' id='word_1_526' title='bbox 709 5182 828 5253; x_wconf 89' lang='lat' dir='ltr'><strong>omnia</strong></span> <span class='ocrx_word' id='word_1_527' title='bbox 851 5205 915 5276; x_wconf 90' lang='lat' dir='ltr'><strong>per</strong></span> <span class='ocrx_word' id='word_1_528' title='bbox 934 5204 1014 5252; x_wconf 90' lang='lat' dir='ltr'><strong>eum</strong></span> <span class='ocrx_word' id='word_1_529' title='bbox 1037 5180 1252 5254; x_wconf 67' lang='lat' dir='ltr'><strong>consistunts</strong></span> <span class='ocrx_word' id='word_1_530' title='bbox 1294 5176 1499 5256; x_wconf 86' lang='lat' dir='ltr'><strong>Ebrae.1.:</strong></span> <span class='ocrx_word' id='word_1_531' title='bbox 1547 5177 1648 5250; x_wconf 90' lang='lat' dir='ltr'><strong>bium</strong></span> <span class='ocrx_word' id='word_1_532' title='bbox 1679 5194 1742 5253; x_wconf 88' lang='lat' dir='ltr'><strong>est.</strong></span> <span class='ocrx_word' id='word_1_533' title='bbox 1793 5177 1842 5251; x_wconf 89' lang='lat' dir='ltr'><strong>Et</strong></span> <span class='ocrx_word' id='word_1_534' title='bbox 1868 5181 1998 5269; x_wconf 84' lang='lat' dir='ltr'><strong>singuli</strong></span> <span class='ocrx_word' id='word_1_535' title='bbox 2021 5188 2205 5279; x_wconf 85' lang='lat' dir='ltr'><strong>principes.</strong></span> <span class='ocrx_word' id='word_1_536' title='bbox 2227 5188 2265 5257; x_wconf 92' lang='lat' dir='ltr'><strong>iu</strong></span> <span class='ocrx_word' id='word_1_537' title='bbox 2295 5210 2359 5259; x_wconf 91' lang='lat' dir='ltr'><strong>sua</strong></span> <span class='ocrx_word' id='word_1_538' title='bbox 2389 5189 2524 5263; x_wconf 88' lang='lat' dir='ltr'><strong>ditione</strong></span> 
     </span>
     <span class='ocr_line' id='line_1_45' title="bbox 524 5277 2525 5378; baseline 0.005 -26"><span class='ocrx_word' id='word_1_539' title='bbox 524 5278 595 5353; x_wconf 91' lang='lat' dir='ltr'><strong>Per</strong></span> <span class='ocrx_word' id='word_1_540' title='bbox 615 5305 719 5378; x_wconf 90' lang='lat' dir='ltr'><strong>quem</strong></span> <span class='ocrx_word' id='word_1_541' title='bbox 742 5295 775 5352; x_wconf 90' lang='lat' dir='ltr'><strong>et</strong></span> <span class='ocrx_word' id='word_1_542' title='bbox 797 5283 913 5354; x_wconf 89' lang='lat' dir='ltr'><strong>secula</strong></span> <span class='ocrx_word' id='word_1_543' title='bbox 934 5281 1037 5367; x_wconf 88' lang='lat' dir='ltr'><strong>fecit,</strong></span> <span class='ocrx_word' id='word_1_544' title='bbox 1062 5280 1125 5374; x_wconf 90' lang='lat' dir='ltr'><strong>qui</strong></span> <span class='ocrx_word' id='word_1_545' title='bbox 1149 5294 1202 5351; x_wconf 92' lang='lat' dir='ltr'><strong>est</strong></span> <span class='ocrx_word' id='word_1_546' title='bbox 1224 5280 1342 5370; x_wconf 79' lang='lat' dir='ltr'><strong>fulgor</strong></span> <span class='ocrx_word' id='word_1_547' title='bbox 1356 5281 1501 5370; x_wconf 86' lang='lat' dir='ltr'><strong>gloriae,</strong></span> <span class='ocrx_word' id='word_1_548' title='bbox 1547 5279 1643 5372; x_wconf 87' lang='lat' dir='ltr'><strong>piam</strong></span> <span class='ocrx_word' id='word_1_549' title='bbox 1668 5280 1893 5351; x_wconf 85' lang='lat' dir='ltr'><strong>concordiam</strong></span> <span class='ocrx_word' id='word_1_550' title='bbox 1916 5277 1985 5355; x_wconf 91' lang='lat' dir='ltr'><strong>hoc</strong></span> <span class='ocrx_word' id='word_1_551' title='bbox 2005 5289 2114 5359; x_wconf 89' lang='lat' dir='ltr'><strong>modo</strong></span> <span class='ocrx_word' id='word_1_552' title='bbox 2136 5301 2312 5373; x_wconf 76' lang='lat' dir='ltr'><strong>tueantur,</strong></span> <span class='ocrx_word' id='word_1_553' title='bbox 2363 5288 2439 5361; x_wconf 90' lang='lat' dir='ltr'><strong>Sed</strong></span> <span class='ocrx_word' id='word_1_554' title='bbox 2455 5315 2525 5362; x_wconf 93' lang='lat' dir='ltr'><strong>non</strong></span> 
     </span>
     <span class='ocr_line' id='line_1_46' title="bbox 525 5380 2527 5483; baseline 0.004 -28"><span class='ocrx_word' id='word_1_555' title='bbox 525 5398 560 5457; x_wconf 92' lang='lat' dir='ltr'><strong>et</strong></span> <span class='ocrx_word' id='word_1_556' title='bbox 575 5385 706 5477; x_wconf 83' lang='lat' dir='ltr'><strong>effigies</strong></span> <span class='ocrx_word' id='word_1_557' title='bbox 719 5381 935 5453; x_wconf 89' lang='lat' dir='ltr'><strong>substantiae</strong></span> <span class='ocrx_word' id='word_1_558' title='bbox 949 5383 1025 5454; x_wconf 87' lang='lat' dir='ltr'><strong>eiua</strong></span> <span class='ocrx_word' id='word_1_559' title='bbox 1039 5393 1236 5453; x_wconf 90' lang='lat' dir='ltr'><strong>sustentans</strong></span> <span class='ocrx_word' id='word_1_560' title='bbox 1252 5381 1383 5452; x_wconf 90' lang='lat' dir='ltr'><strong>omnia.</strong></span> <span class='ocrx_word' id='word_1_561' title='bbox 1434 5380 1500 5454; x_wconf 89' lang='lat' dir='ltr'><strong>Di·</strong></span> <span class='ocrx_word' id='word_1_562' title='bbox 1547 5382 1703 5452; x_wconf 89' lang='lat' dir='ltr'><strong>serviant</strong></span> <span class='ocrx_word' id='word_1_563' title='bbox 1729 5380 1854 5449; x_wconf 87' lang='lat' dir='ltr'><strong>alienis</strong></span> <span class='ocrx_word' id='word_1_564' title='bbox 1880 5385 1988 5456; x_wconf 89' lang='lat' dir='ltr'><strong>odiis:</strong></span> <span class='ocrx_word' id='word_1_565' title='bbox 2026 5387 2099 5458; x_wconf 89' lang='lat' dir='ltr'><strong>Nec</strong></span> <span class='ocrx_word' id='word_1_566' title='bbox 2127 5390 2204 5460; x_wconf 90' lang='lat' dir='ltr'><strong>sine</strong></span> <span class='ocrx_word' id='word_1_567' title='bbox 2232 5390 2289 5480; x_wconf 89' lang='lat' dir='ltr'><strong>pia</strong></span> <span class='ocrx_word' id='word_1_568' title='bbox 2320 5391 2527 5483; x_wconf 82' lang='lat' dir='ltr'><strong>cognitione</strong></span> 
     </span>
     <span class='ocr_line' id='line_1_47' title="bbox 526 5479 2527 5584; baseline 0.006 -29"><span class='ocrx_word' id='word_1_569' title='bbox 526 5498 578 5557; x_wconf 90' lang='lat' dir='ltr'><strong>cta</strong></span> <span class='ocrx_word' id='word_1_570' title='bbox 598 5488 705 5561; x_wconf 90' lang='lat' dir='ltr'><strong>etiam</strong></span> <span class='ocrx_word' id='word_1_571' title='bbox 721 5485 766 5556; x_wconf 88' lang='lat' dir='ltr'><strong>de</strong></span> <span class='ocrx_word' id='word_1_572' title='bbox 779 5483 1003 5554; x_wconf 89' lang='lat' dir='ltr'><strong>invocatione</strong></span> <span class='ocrx_word' id='word_1_573' title='bbox 1020 5492 1194 5555; x_wconf 90' lang='lat' dir='ltr'><strong>testantur</strong></span> <span class='ocrx_word' id='word_1_574' title='bbox 1205 5480 1317 5551; x_wconf 88' lang='lat' dir='ltr'><strong>filium</strong></span> <span class='ocrx_word' id='word_1_575' title='bbox 1334 5483 1500 5574; x_wconf 88' lang='lat' dir='ltr'><strong>omnipo·</strong></span> <span class='ocrx_word' id='word_1_576' title='bbox 1548 5481 1684 5571; x_wconf 87' lang='lat' dir='ltr'><strong>gladios</strong></span> <span class='ocrx_word' id='word_1_577' title='bbox 1705 5479 1896 5572; x_wconf 87' lang='lat' dir='ltr'><strong>stringant:</strong></span> <span class='ocrx_word' id='word_1_578' title='bbox 1927 5488 1987 5556; x_wconf 88' lang='lat' dir='ltr'><strong>sed</strong></span> <span class='ocrx_word' id='word_1_579' title='bbox 2011 5489 2157 5561; x_wconf 89' lang='lat' dir='ltr'><strong>audiant</strong></span> <span class='ocrx_word' id='word_1_580' title='bbox 2180 5503 2357 5584; x_wconf 82' lang='lat' dir='ltr'><strong>utrunque</strong></span> <span class='ocrx_word' id='word_1_581' title='bbox 2379 5509 2527 5584; x_wconf 79' lang='lat' dir='ltr'><strong>portent,</strong></span> 
     </span>
     <span class='ocr_line' id='line_1_48' title="bbox 523 5576 2528 5681; baseline 0.007 -24"><span class='ocrx_word' id='word_1_582' title='bbox 523 5576 655 5662; x_wconf 81' lang='lat' dir='ltr'><strong>tentem</strong></span> <span class='ocrx_word' id='word_1_583' title='bbox 678 5610 766 5675; x_wconf 87' lang='lat' dir='ltr'><strong>esse,</strong></span> <span class='ocrx_word' id='word_1_584' title='bbox 793 5585 884 5659; x_wconf 89' lang='lat' dir='ltr'><strong>sicut</strong></span> <span class='ocrx_word' id='word_1_585' title='bbox 902 5580 1059 5658; x_wconf 87' lang='lat' dir='ltr'><strong>Ecclesia</strong></span> <span class='ocrx_word' id='word_1_586' title='bbox 1084 5603 1220 5673; x_wconf 88' lang='lat' dir='ltr'><strong>semper</strong></span> <span class='ocrx_word' id='word_1_587' title='bbox 1241 5582 1349 5654; x_wconf 87' lang='lat' dir='ltr'><strong>dixit:</strong></span> <span class='ocrx_word' id='word_1_588' title='bbox 1371 5576 1500 5681; x_wconf 70' lang='grc' dir='ltr'><em>χρίστε</em></span> <span class='ocrx_word' id='word_1_589' title='bbox 1547 5583 1639 5650; x_wconf 89' lang='lat' dir='ltr'><strong>sicut</strong></span> <span class='ocrx_word' id='word_1_590' title='bbox 1649 5576 1746 5650; x_wconf 87' lang='lat' dir='ltr'><strong>Deus</strong></span> <span class='ocrx_word' id='word_1_591' title='bbox 1759 5604 1862 5675; x_wconf 89' lang='lat' dir='ltr'><strong>saepe</strong></span> <span class='ocrx_word' id='word_1_592' title='bbox 1877 5589 2063 5678; x_wconf 86' lang='lat' dir='ltr'><strong>praecepit.</strong></span> <span class='ocrx_word' id='word_1_593' title='bbox 2113 5586 2161 5665; x_wconf 90' lang='lat' dir='ltr'><strong>Et</strong></span> <span class='ocrx_word' id='word_1_594' title='bbox 2174 5592 2419 5665; x_wconf 85' lang='lat' dir='ltr'><strong>iuramentum</strong></span> <span class='ocrx_word' id='word_1_595' title='bbox 2436 5594 2528 5671; x_wconf 83' lang='lat' dir='ltr'><strong>Atti·</strong></span> 
     </span>
     <span class='ocr_line' id='line_1_49' title="bbox 524 5678 2529 5786; baseline 0.008 -34"><span class='ocrx_word' id='word_1_596' title='bbox 524 5685 680 5780; x_wconf 73' lang='grc' dir='ltr'><strong>ἐλέησον.</strong></span> <span class='ocrx_word' id='word_1_597' title='bbox 836 5762 839 5767; x_wconf 83' lang='lat'><em>.</em></span> <span class='ocrx_word' id='word_1_598' title='bbox 1548 5702 1626 5751; x_wconf 88' lang='lat' dir='ltr'><strong>cum</strong></span> <span class='ocrx_word' id='word_1_599' title='bbox 1643 5693 1733 5751; x_wconf 89' lang='lat' dir='ltr'><strong>erat:</strong></span> <span class='ocrx_word' id='word_1_600' title='bbox 1758 5678 1895 5776; x_wconf 76' lang='grc' dir='ltr'><strong><em>ὁμοίως</em></strong></span> <span class='ocrx_word' id='word_1_601' title='bbox 1904 5682 2050 5785; x_wconf 77' lang='grc' dir='ltr'><em>ἀμφοῖν</em></span> <span class='ocrx_word' id='word_1_602' title='bbox 2061 5686 2287 5786; x_wconf 77' lang='grc' dir='ltr'><strong><em>ἀκροᾶσθαι,</em></strong></span> <span class='ocrx_word' id='word_1_603' title='bbox 2301 5705 2338 5765; x_wconf 91' lang='lat' dir='ltr'><strong>et</strong></span> <span class='ocrx_word' id='word_1_604' title='bbox 2354 5696 2434 5770; x_wconf 87' lang='lat' dir='ltr'><strong>siut</strong></span> <span class='ocrx_word' id='word_1_605' title='bbox 2448 5722 2529 5771; x_wconf 89' lang='lat' dir='ltr'><strong>uor-</strong></span> 
     </span>
     <span class='ocr_line' id='line_1_50' title="bbox 625 5780 2531 5889; baseline 0.007 -31"><span class='ocrx_word' id='word_1_606' title='bbox 625 5788 728 5860; x_wconf 85' lang='lat' dir='ltr'><strong>Talia</strong></span> <span class='ocrx_word' id='word_1_607' title='bbox 759 5786 959 5864; x_wconf 86' lang='lat' dir='ltr'><strong>testimonia</strong></span> <span class='ocrx_word' id='word_1_608' title='bbox 983 5783 1055 5854; x_wconf 91' lang='lat' dir='ltr'><strong>sint</strong></span> <span class='ocrx_word' id='word_1_609' title='bbox 1082 5780 1121 5852; x_wconf 91' lang='lat' dir='ltr'><strong>iu</strong></span> <span class='ocrx_word' id='word_1_610' title='bbox 1154 5795 1358 5876; x_wconf 89' lang='lat' dir='ltr'><strong>conspeetu,</strong></span> <span class='ocrx_word' id='word_1_611' title='bbox 1397 5780 1499 5852; x_wconf 92' lang='lat' dir='ltr'><strong>etin</strong></span> <span class='ocrx_word' id='word_1_612' title='bbox 1547 5803 1624 5849; x_wconf 89' lang='lat' dir='ltr'><strong>mac</strong></span> <span class='ocrx_word' id='word_1_613' title='bbox 1655 5781 1779 5855; x_wconf 91' lang='lat' dir='ltr'><strong>iudicii</strong></span> <span class='ocrx_word' id='word_1_614' title='bbox 1809 5787 1935 5881; x_wconf 90' lang='lat' dir='ltr'><strong>scripta</strong></span> <span class='ocrx_word' id='word_1_615' title='bbox 1965 5785 2171 5883; x_wconf 90' lang='lat' dir='ltr'><strong>prophetica</strong></span> <span class='ocrx_word' id='word_1_616' title='bbox 2204 5806 2239 5864; x_wconf 90' lang='lat' dir='ltr'><strong>et</strong></span> <span class='ocrx_word' id='word_1_617' title='bbox 2266 5794 2472 5889; x_wconf 81' lang='lat' dir='ltr'><strong>apostolica</strong></span> <span class='ocrx_word' id='word_1_618' title='bbox 2501 5813 2531 5871; x_wconf 90' lang='lat' dir='ltr'><strong>et</strong></span> 
     </span>
     <span class='ocr_line' id='line_1_51' title="bbox 525 5876 2342 5982; baseline -0.001 -23"><span class='ocrx_word' id='word_1_619' title='bbox 525 5887 732 5982; x_wconf 88' lang='lat' dir='ltr'><strong>quotidiana</strong></span> <span class='ocrx_word' id='word_1_620' title='bbox 745 5889 968 5963; x_wconf 83' lang='lat' dir='ltr'><strong>invocatione</strong></span> <span class='ocrx_word' id='word_1_621' title='bbox 983 5882 1193 5978; x_wconf 82' lang='lat' dir='ltr'><strong>cogitentur.</strong></span> <span class='ocrx_word' id='word_1_622' title='bbox 1233 5884 1287 5955; x_wconf 84' lang='lat' dir='ltr'><strong>Ae</strong></span> <span class='ocrx_word' id='word_1_623' title='bbox 1301 5879 1497 5955; x_wconf 81' lang='lat' dir='ltr'><strong>confirmati</strong></span> <span class='ocrx_word' id='word_1_624' title='bbox 1547 5876 1726 5978; x_wconf 82' lang='lat' dir='ltr'><strong>Symbola.</strong></span> <span class='ocrx_word' id='word_1_625' title='bbox 1768 5892 1797 5923; x_wconf 86' lang='lat'><strong>·&#39;</strong></span> <span class='ocrx_word' id='word_1_626' title='bbox 2337 5914 2342 5925; x_wconf 91' lang='lat'><strong>·</strong></span> 
     </span>
    </p>
   </div>
   <div class='ocr_carea' id='block_1_3' title="bbox 0 0 3041 6772">
    <p class='ocr_par' dir='ltr' id='par_1_3' title="bbox 0 0 3041 6772">
     <span class='ocr_line' id='line_1_52' title="bbox 0 0 3041 6772; baseline 0 0"><span class='ocrx_word' id='word_1_627' title='bbox 0 0 3041 6772; x_wconf 95' lang='lat' dir='ltr'><strong> </strong></span> 
     </span>
    </p>
   </div>
  </div>
 </body>
</html>
