6025 6775
497 603 572 681 ou
738 590 949 682 scnrrra
972 585 1050 660 ru.
1073 578 1196 658 unt.
1220 578 1291 656 An
1317 574 1445 658 urse.
1470 547 1615 657 anob.
1637 574 1705 654 nr
1731 527 1924 656 amoos:
1949 511 2289 659 sencrnmtn'
2359 541 2364 550 ’
2439 582 2519 662 sse

501 772 775 865 Anabeptistds,
805 764 868 858 qui
894 772 1016 827 nostro
1041 769 1199 846 tempore
1221 753 1327 824 etiam
1351 750 1481 850 Norati
1532 750 1616 844 iiam
1646 750 1845 822 trucidasse.
1905 746 2033 820 Postea
2055 749 2309 827 Constantinus
2334 758 2519 829 dimicavit

1534 877 1615 924 cum
1629 850 1775 922 Francis
1788 864 1825 921 et
1840 848 2044 937 alemanis,
2071 867 2108 925 et
2129 877 2228 945 reges
2250 881 2370 926 eonem
2394 874 2519 950 captos

1536 954 1664 1024 obiecit
1680 952 1812 1032 bestiis,
1851 948 1897 1022 Et
1909 949 2157 1048 Hieronymus
2173 959 2210 1025 in
2228 960 2300 1028 vita
2318 956 2518 1029 Hilarionis

555 1075 662 1146 Anno
686 1064 812 1152 mundi
835 1072 960 1154 quater
982 1053 1192 1138 millesimo,
1233 1054 1486 1139 ducentesimo,
1537 1054 1668 1147 inquit:
1711 1052 1806 1122 luter
1820 1050 1975 1124 Saxones
1996 1070 2031 1124 et
2053 1057 2250 1129 Alemanos
2272 1059 2402 1130 Franci
2424 1076 2519 1143 sunt,

585 1229 588 1234 .
705 1157 1011 1236 vicesimotertio.

554 1257 664 1346 Anno
682 1267 820 1341 Romae
837 1260 1026 1331 millesimo
1044 1256 1247 1327 undecimo.

554 1373 662 1446 Anno
680 1367 815 1441 Christi
836 1361 1079 1434 ducentesimo
1094 1357 1308 1447 sexagesimo
1332 1355 1460 1447 primo.

502 894 536 950 et
552 873 690 949 Meletii
703 890 857 941 errorem
873 872 1091 953 sparserunt.

1537 1179 1621 1248 gens
1636 1179 1709 1223 reon
1724 1168 1795 1225 tam
1812 1156 1880 1222 lata
1896 1178 2001 1245 quam
2019 1159 2147 1230 valida.

1641 1255 1833 1325 Alemanos
1855 1268 1973 1324 autem
1997 1259 2195 1329 nominatos
2222 1284 2317 1346 esse,
2352 1262 2412 1354 qui
2436 1275 2523 1332 sunt

1538 1359 1633 1427 inter
1646 1356 1779 1449 sylvam
1796 1354 2026 1442 Martianam,
2052 1358 2158 1449 Alpes
2175 1375 2209 1431 et
2225 1360 2417 1447 Noricum,
2444 1385 2523 1432 uon

1539 1458 1688 1530 dubium
1712 1470 1783 1541 est,
1814 1462 2073 1548 propemodum
2095 1461 2156 1530 ubi
2180 1485 2274 1530 nunc
2297 1478 2382 1534 sunt
2397 1463 2524 1533 Suevi.

1540 1555 1720 1628 interiecti
1732 1570 1850 1628 autem
1866 1558 1963 1631 inter
1981 1558 2117 1632 Suevos
2131 1559 2315 1633 etNoricos
2330 1578 2364 1633 et
2379 1564 2533 1655 sylvam¹

1540 1658 1771 1747 Turingicam
1791 1673 1876 1730 sunt
1904 1659 2033 1731 Franci
2056 1686 2153 1732 nunc
2171 1686 2329 1756 quoqne,
2368 1665 2458 1734 sicut
2484 1651 2534 1734 εἶ’

606 1769 810 1847 Gallienus
827 1765 922 1835 lilius
934 1757 1118 1832 Valeriani
1133 1776 1231 1849 patre
1246 1772 1347 1848 capto
1361 1780 1488 1848 regna-
1541 1758 1669 1832 Strabo
1684 1760 1821 1853 inquit,
1841 1760 1999 1832 Francos
2016 1787 2091 1833 esse
2111 1764 2204 1833 inter
2218 1763 2365 1834 Noricos
2378 1779 2412 1834 ει
2427 1763 2523 1831 Vin·

507 1887 561 1956 vit
573 1899 686 1953 annos
700 1869 886 1945 undecim,
912 1863 1038 1935 similis
1051 1860 1189 1931 Neroni
1205 1874 1266 1931 aut
1281 1857 1488 1930 Domitiano
1541 1864 1691 1944 delicos,
1716 1877 1756 1931 ut
1772 1862 1864 1931 inter
1877 1857 1942 1931 hos
1957 1889 2055 1933 nnnc
2068 1888 2209 1957 quoque
2229 1866 2401 1936 interiecti
2423 1877 2524 1935 sunt.

507 1985 647 2058 deditus
663 1970 849 2047 obscoenis
866 1964 1110 2055 voluptatibus
1127 1975 1161 2030 et
1176 1959 1341 2034 crudelis.
1368 1959 1489 2048 Quare
1541 1960 1588 2033 Et
1604 1960 1917 2032 nomenFrancum
1932 1978 1986 2035 est
1997 1966 2123 2055 aliter),
2138 1969 2233 2058 quod
2249 1967 2399 2036 liberum
2409 1964 2524 2054 signi·

508 2110 588 2159 cum
604 2077 753 2151 ducibus
767 2084 801 2140 et
817 2065 1025 2138 exercitibus
1041 2062 1178 2132 invisus
1201 2076 1271 2147 est,
1295 2084 1490 2131 numeran-
1541 2065 1630 2138 licat.
1680 2060 1729 2132 Ει
1746 2062 1943 2153 principum
1960 2069 2108 2135 nomina
2124 2082 2206 2135 sunt
2225 2082 2366 2137 nostrae
2380 2068 2524 2163 linguae

866 1595 1127 1667 Gallienus.

335 2155 342 2168 Ι
507 2203 567 2258 tur
589 2184 664 2253 eius
682 2190 838 2263 tempore
861 2166 1006 2258 triginta
1031 2167 1155 2248 duces,
1181 2166 1245 2257 qui
1267 2188 1285 2232 a
1303 2163 1375 2233 suis
1391 2185 1490 2233 exer·
1542 2187 1655 2245 voces,
1681 2166 1879 2251 birnanah,
1899 2165 2044 2259 euonig,
2069 2164 2242 2263 ῷείῆτίὼ,
2266 2185 2298 2238 ει
2315 2169 2383 2237 alia
2398 2165 2524 2235 multa.

380 2357 383 2362 .
500 2287 636 2372 „citibus
656 2276 740 2348 facti
763 2284 846 2343 sunt
873 2269 1120 2360 imperatores,
1157 2265 1219 2358 qui
1243 2265 1371 2357 partim
1397 2265 1491 2334 inter

1643 2266 1737 2337 Satis
1761 2267 1870 2355 igitur
1893 2269 2111 2358 perspicuum
2135 2284 2207 2351 est,
2241 2294 2314 2337 non
2340 2268 2527 2339 transiisse

508 2407 581 2458 sese
596 2380 830 2452 dimicarunt,
855 2361 984 2459 partim
1001 2391 1019 2434 a
1034 2370 1106 2440 suis
1124 2367 1296 2436 militibus
1315 2365 1493 2437 interiecti
1542 2366 1697 2438 Francos
1712 2392 1753 2437 ex
1771 2366 1891 2436 Gallia
1910 2368 1946 2435 in
1963 2382 2098 2438 nostras
2111 2370 2287 2457 regiones,
2313 2371 2405 2438 inter
2414 2362 2529 2437 Rhe·

509 2500 601 2559 sant.
650 2479 747 2550 Haec
766 2471 913 2541 ¹laniena
938 2470 1069 2537 ducum
1084 2468 1177 2537 vires
1193 2468 1335 2556 imperii
1353 2467 1491 2540 duriter
1543 2494 1629 2539 num
1647 2484 1680 2539 ει
1694 2468 1831 2539 Saltum
1851 2467 2100 2559 Traringicum:
2127 2473 2187 2537 sed
2208 2471 2387 2538 transiisse
2400 2490 2464 2535 eos
2482 2490 2530 2533 ex

509 2586 647 2668 afflixit,
666 2593 701 2660 et
715 2570 1005 2665 gubernationem
1020 2569 1152 2660 ubique
1168 2569 1335 2642 turbavit.
1388 2568 1491 2641 Unus
1543 2571 1672 2639 nostris
1688 2569 1893 2660 regionibus
1909 2593 1929 2638 a
1946 2571 2049 2641 Saltu
2068 2568 2262 2659 Turingico
2277 2574 2320 2639 ad
2333 2566 2533 2651 Rhenum,

508 2688 579 2766 init
594 2672 985 2755 eadaeibasexceltem
1000 2662 1304 2756 adornamus,
1331 2668 1493 2763 quiGal·
1543 2685 1577 2741 et
1591 2673 1675 2739 inde
1689 2671 1727 2739 in
1743 2668 1912 2743 Galliae.
2402 2724 2407 2731 .
2558 2685 2563 2690 ·

494 2771 595 2861 ¹liam
611 2781 711 2852 rexit.
762 2774 833 2845 Hic
849 2796 930 2843 curn
945 2785 1077 2863 septem
1098 2794 1211 2842 annos
1228 2785 1364 2843 teneret
1378 2773 1494 2864 impe·
1647 2773 1715 2842 Sed
1732 2795 1822 2864 quae
1839 2771 1952 2862 prima
1968 2772 2067 2840 sedes
2083 2767 2301 2841 Francorum
2317 2771 2438 2851 fuerit,
2460 2772 2531 2837 du-

511 2886 684 2970 ratoriujrn
709 2898 861 2960 nornen,
886 2887 921 2943 et
937 2870 1124 2943 Gallienus
1152 2876 1342 2944 exercitum
1367 2876 1495 2943 adver·
1544 2874 1688 2950 bitamr.
1738 2870 1867 2941 Beatus
1881 2869 2081 2941 Rhenanus
2105 2872 2241 2941 vicinos
2257 2870 2379 2941 Frisiis
2403 2870 2532 2953 luisse,

512 3012 570 3064 sus
586 3007 667 3057 eum
677 2978 842 3063 misisset,
866 2969 1037 3045 Francos
1052 2975 1119 3044 sibi
1137 2975 1311 3054 adiunxit,
1333 2975 1394 3067 qui
1409 2963 1506 3044 tunc'
1545 2989 1580 3046 ει
1594 2975 1677 3045 inde
1692 2975 1734 3043 ad
1751 2974 1865 3065 ripam
1881 2970 2000 3043 Rheni
2017 2972 2212 3041 ascendisse
2230 2973 2414 3053 existimat,
2440 2971 2532 3062 quia

371 3121 385 3152 e
511 3094 558 3165 ad
579 3083 750 3161 Rhenum
772 3089 996 3149 accesserant.
1047 3072 1117 3146 Hic
1141 3077 1295 3167 primum
1319 3076 1358 3146 fit
1381 3073 1496 3144 Fran·
1546 3101 1620 3147 non
1647 3076 1796 3144 dubium
1821 3088 1889 3157 εει,
1928 3072 2155 3143 Constantini
2185 3087 2344 3165 tempore
2369 3072 2535 3142 Francos

389 3604 409 3685 ,ζ
514 3594 627 3675 tibus:
665 3590 806 3684 etquis
832 3602 970 3677 gratum
993 3596 1064 3668 est,
1096 3584 1263 3654 virtutem
1288 3597 1321 3653 et
1348 3580 1499 3654 honesta

513 3211 639 3267 eornm
658 3180 793 3258 mentio
809 3179 847 3247 in
873 3174 1177 3251 bellisRomanis.
1545 3176 1698 3249 tenuisse
1728 3174 2002 3267 Sycamhrorum
2032 3172 2232 3261 regionem,
2268 3189 2303 3244 ει
2334 3173 2537 3255 Bataviam,

624 3288 771 3379 Semper
794 3294 912 3352 autem
935 3280 1127 3370 prudentes
1153 3277 1222 3346 viri
1246 3276 1496 3369 quaesiverunt
1546 3279 1581 3348 id
1616 3289 1685 3358 est,
1722 3271 1964 3346 Hollandiam.
2016 3269 2065 3344 Et
2092 3273 2311 3347 Claudianus
2336 3276 2463 3346 scribit
2490 3279 2535 3345 ad

509 3396 692 3495 gentium,
717 3411 757 3459 ac
773 3381 977 3477 praesertim
993 3380 1167 3450 maiorum
1191 3402 1336 3450 suorum
1345 3378 1495 3470 stirpes:
1546 3378 1783 3453 Stilliconem:
2384 3388 2393 3401 ··

482 3546 487 3553 .
509 3498 549 3573 01
572 3496 657 3590 quta
674 3483 812 3585 στοργὴ
837 3476 966 3554 invitat
984 3484 1028 3551 ad
1046 3482 1294 3572 cogitationem
1309 3484 1353 3550 de
1370 3502 1498 3572 paren·
2075 3481 2278 3569 Rhenumque
2304 3488 2458 3547 minacem

1649 3584 1800 3651 Cornibus
1821 3585 1955 3646 infractis
1978 3587 2050 3649 adeo
2073 3592 2227 3650 mitescere
2248 3591 2343 3670 cogis,

1649 3687 1692 3751 Ut
1705 3684 1806 3750 Selius
1828 3691 1888 3748 iam
1909 3676 2084 3768 miracola,
2109 3693 2267 3773 flexosque
2290 3687 2456 3772 Sycambri

1650 3784 1687 3852 ln
1698 3789 1807 3853 falcem
1820 3802 1943 3850 curvent
1958 3792 2092 3872 gladios,
2119 3794 2313 3875 geminasque
2336 3795 2437 3854 riatnr

1651 3888 1730 3954 can
1745 3892 1843 3952 rideat
1859 3895 1958 3972 ripas,
1984 3914 2060 3976 quae
2080 3898 2119 3954 sit
2133 3890 2272 3956 Romana
2287 3897 2427 3974 requirat,

1650 3988 1770 4054 Utinm
1783 4005 1863 4054 trans
1877 3995 2006 4055 flurium
2029 4016 2091 4055 non
2112 3996 2286 4076 indignante
2304 3992 2402 4071 Cayco

1651 4090 1755 4154 Pascat
1770 4091 1864 4174 Belga
1885 4117 1993 4174 pecus:
2011 4097 2205 4182 mediumque
2218 4103 2339 4177 ingresse
2353 4112 2408 4171 per
2418 4088 2541 4155 Albim

1652 4190 1766 4257 Gallica
1780 4194 1964 4257 Francorum
1982 4213 2100 4260 montes
2121 4212 2249 4261 armenta
2262 4206 2426 4276 pererrent.

515 3696 675 3789 exempla
689 3691 864 3763 maiorum
881 3686 1031 3769 intueri,
1058 3698 1093 3754 et
1116 3686 1198 3777 quia
1217 3680 1362 3755 honesta
1378 3697 1499 3772 gentes

517 3797 743 3893 disciplinam
754 3789 890 3860 maiore
904 3811 988 3857 cura
1004 3786 1240 3855 retinuerunt.

629 3895 755 3970 Fuisse
785 3905 901 3962 autem
933 3887 1160 3958 excellentem
1190 3884 1355 3955 virtutem
1386 3885 1499 3974 gentis

474 4066 478 4071 .
517 4000 727 4081 Francicae,
765 3976 919 4064 ostendit
939 3988 1148 4079 magnitudo
1166 4009 1289 4056 rerum
1313 3997 1500 4076 gestarum,

518 4107 616 4201 qnod
632 4104 670 4171 in
686 4097 807 4172 G'allia
824 4114 971 4181 regnum
986 4089 1264 4172 constituerunt,
1286 4113 1355 4182 quo
1378 4087 1500 4157 multis

516 4204 646 4277 seculis
657 4200 798 4271 nullum
814 4208 866 4266 est
886 4193 923 4261 in
941 4214 1068 4280 genere
1087 4186 1247 4260 humano
1271 4190 1378 4281 magis
1394 4210 1500 4259 orna·

515 4302 592 4381 ram
609 4302 765 4399 legibus,
791 4292 964 4368 do'ctrinis
986 4305 1020 4361 et
1044 4291 1203 4360 iudiciis:
1238 4305 1271 4360 et
1287 4295 1382 4385 quod
1398 4287 1499 4360 Italia

516 4411 644 4501 dignos
664 4398 737 4474 esse
760 4397 913 4477 censuit,
946 4393 984 4460 in
1007 4414 1097 4486 quos
1118 4391 1323 4463 transferret
1344 4391 1501 4463 Romani

478 4494 482 4501 ¹
519 4505 743 4602 imperatoris
757 4499 985 4591 dignitatem,
1011 4507 1046 4563 ει
1062 4494 1158 4584 quod
1175 4492 1289 4562 voluit
1304 4494 1411 4562 totius
1425 4489 1502 4561 Eu·

519 4635 625 4702 ropac
640 4606 847 4699 praecipuos
863 4598 1023 4669 custodes
1038 4616 1123 4666 esse.

622 4707 817 4785 Laudanda
840 4712 892 4770 est
913 4697 1022 4788 igitur
1044 4693 1228 4780 diligentia
1262 4716 1406 4777 eorum,
1439 4695 1501 4786 qui

414 4872 429 4891 ,
522 4793 710 4879 Francicae
723 4802 836 4894 gentis
850 4798 1024 4888 originem
1040 4794 1303 4888 quaesiverunt.
1330 4791 1400 4863 Sed
1414 4794 1503 4865 iuste

421 4886 439 4909 Ἰ
522 4904 832 5000 reprehenduntur
855 4900 964 4989 inepti
988 4896 1194 4987 scriptores,
1220 4895 1280 4986 qui
1303 4893 1442 4962 fabulas
1462 4919 1503 4964 ex

523 5033 595 5081 sese
616 5012 792 5080 linxerunt
813 5007 858 5074 de
876 5002 960 5070 liliis
975 4997 1156 5079 Hectoris,
1192 5021 1279 5092 quas
1302 4993 1446 5080 omitto,
1472 5012 1504 5067 et

522 5138 563 5183 ex
582 5109 693 5179 Troia
708 5106 864 5177 Francos
880 5107 1045 5174 educunt.
1105 5093 1109 5100 ’

624 5209 761 5281 Nomen
777 5206 998 5276 Francorum
1023 5203 1160 5272 celebre
1183 5223 1257 5271 esse
1278 5199 1395 5291 coepit
1416 5214 1504 5271 tern-

523 5338 607 5410 pore
630 5308 787 5381 Gallieni
816 5305 1058 5396 imperatoris,
1097 5301 1181 5393 qnia
1201 5297 1416 5373 Posthumos
1446 5325 1504 5372 eos

411 5490 414 5494 .
524 5413 676 5489 armavit
700 5419 821 5477 contra
845 5403 1064 5474 Gallienum.
1086 5421 1091 5432 ·
1115 5401 1186 5472 Sed
1211 5414 1295 5470 tunc
1319 5401 1425 5472 luisse
1446 5425 1506 5470 eos

523 5521 563 5589 in
578 5519 656 5608 ripa
664 5506 805 5591 Rheni,
831 5518 866 5573 et
885 5503 1020 5570 vicinos
1037 5498 1177 5570 Galliae
1189 5497 1376 5572 Posthumi
1392 5497 1505 5575 histo·

525 5622 577 5689 ria
602 5611 766 5689 ostendit.
818 5603 956 5675 Deinde
981 5622 1140 5691 expresse
1170 5602 1354 5682 scribitur,
1386 5599 1504 5674 Aure-

524 5721 661 5790 lianum
685 5712 829 5804 triginta
851 5703 963 5777 millia
978 5700 1199 5773 Francorum
1221 5727 1330 5796 prope
1346 5702 1504 5796 Mogun.

1551 4287 1708 4380 intelligi
1730 4306 1847 4359 autem
1869 4305 1903 4360 ει
1927 4287 2057 4362 Salios
2082 4292 2231 4363 Francos
2255 4314 2296 4357 ex
2311 4284 2537 4357 Marcellino

1525 4419 1530 4477 Ι
1551 4405 1676 4461 notum
1694 4406 1754 4466 est.
1807 4378 1914 4478 Quod
1936 4417 2066 4463 nomen
2092 4419 2167 4464 cum
2181 4417 2200 4460 a
2216 4389 2299 4462 Sala
2315 4388 2471 4458 flumine
2486 4390 2540 4459 fa-

1552 4505 1648 4560 ctum
1666 4516 1739 4562 esse
1765 4493 1957 4578 scribatur,
1981 4509 2066 4566 tunc
2089 4517 2228 4588 quoque
2243 4490 2400 4562 Francos
2417 4491 2539 4581 regio·

1552 4615 1633 4661 nem
1652 4598 1695 4660 ad
1710 4592 1829 4664 Salam
1843 4620 1964 4665 versus
1973 4595 2117 4667 Menum
2134 4610 2170 4665 et
2186 4589 2358 4664 Rhenum
2377 4592 2539 4673 tenuisse

1551 4707 1713 4785 apparet,
1740 4698 1835 4764 unde
1852 4711 1885 4765 ει
1901 4691 2057 4790 Solingi
2071 4687 2222 4766 Franci
2234 4693 2318 4763 dicti
2335 4705 2429 4762 sunt.

1653 4789 1839 4886 Oppidum
1863 4812 1914 4868 est
1935 4823 1954 4868 ε
1974 4797 2115 4888 regione
2129 4796 2301 4869 Coloniae
2315 4792 2541 4884 Agrippinae

1553 4893 1698 4984 Stutldp,
1734 4898 1797 4967 ubi
1821 4900 1940 4970 tabula
1964 4901 2002 4970 in
2026 4898 2136 4971 veteri
2161 4896 2370 4968 monasterio
2391 4908 2540 4986 reperta

1528 5009 1532 5045 ³
1554 5013 1624 5083 est,
1651 4999 1688 5067 in
1703 5024 1771 5092 qua
1788 5003 1957 5090 scripturn
1974 5002 2061 5087 suit,
2086 5023 2161 5072 eam
2187 5021 2335 5068 arcemn
2354 4994 2539 5068 Constan-

1555 5099 1632 5169 tino
1655 5114 1845 5172 extructam
1870 5122 1942 5170 esse
1972 5103 2011 5173 in
2034 5118 2128 5176 terra
2146 5100 2385 5181 Francorum,
2423 5111 2466 5168 ut
2488 5095 2538 5166 ibi

1555 5202 1771 5292 praesidium
1796 5204 1838 5270 ad
1865 5203 2107 5274 defensionem
2130 5202 2299 5274 Coloniae
2314 5198 2540 5291 Agrippinae

1555 5303 1801 5372 collocaretur.

1656 5405 1715 5473 An
1733 5414 1849 5470 autem
1866 5405 2110 5476 descenderint
2128 5429 2147 5472 a
2165 5406 2240 5494 ripa
2256 5401 2397 5485 Maeni,
2418 5403 2542 5497 quaeri

1555 5505 1690 5597 potest?
1716 5499 1903 5572 Strabonis
1917 5522 1949 5577 et
1960 5505 2171 5601 Hieronymi
2190 5506 2280 5575 dicta
2297 5504 2413 5593 magis
2432 5505 2545 5595 signi·

1554 5606 1660 5674 licant
1673 5604 1892 5677 descendisse
1908 5628 1966 5678 eos
1980 5614 2024 5679 ad
2042 5607 2226 5692 Rhenum,
2253 5629 2361 5698 quam
2384 5606 2547 5697 primum

1553 5705 1594 5773 in
1612 5703 1729 5776 littore
1747 5703 1902 5780 Frisiaco
1918 5723 2020 5784 natos
2035 5735 2119 5784 esse.
