6025 6775
491 599 570 680 m
1127 581 1389 661 rurntrrr
1429 576 1882 658 Mantuanorum.
2081 564 2084 569 ’
2443 597 2519 673 070

493 791 594 857 mus,
624 791 666 841 ac
681 762 827 857 colligat
842 758 914 845 sibi
929 755 1024 833 inter
1035 780 1103 830 nos
1117 752 1390 838 haereditatem,
1420 754 1480 827 cui
1532 776 1613 826 cum
1626 754 1896 847 promissiones,
1921 765 1955 825 ct
1978 749 2042 829 bas
2060 779 2222 844 servare,
2245 775 2281 836 et
2294 757 2362 835 hac
2375 768 2445 839 tide
2459 770 2519 842 in.

492 872 592 948 neus
606 893 706 942 suam
720 866 919 938 bonitatem
934 859 1085 934 inomni
1100 857 1306 933 aeternitate
1321 880 1481 930 commu·
1533 858 1732 927 vocandum
1749 880 1841 942 esse,
1866 868 1931 928 etc.

493 974 609 1060 nicet,
638 966 770 1046 Amen.
885 1025 887 1029 .
1636 953 1703 1031 lll.
1736 955 1780 1030 ln
1794 953 1860 1028 bac
1875 957 2081 1033 delinitione
2097 975 2235 1034 tantum
2252 978 2439 1056 ponuntur
2461 994 2517 1041 re-

522 1087 526 1092 ·
1532 1057 1629 1144 nati,
1669 1059 1761 1131 sicut
1782 1055 1916 1152 Ephes.
1930 1056 1985 1136 ⁵.:
2014 1058 2209 1135 Ecclesiam
2230 1089 2306 1137 non
2328 1061 2517 1142 habentem

883 1194 1083 1295 (mm)
1532 1160 1719 1334 3:313ss
1766 1158 1858 1234 Nam
1867 1160 2021 1255 Spiritus
2038 1179 2178 1240 sanetus
2193 1167 2354 1264 loquitur
2368 1170 2413 1243 de
2426 1172 2519 1244 rivis

610 1350 833 1434 CAPITA
867 1313 1362 1427 DISPUTATION‘IS
1635 1361 1700 1440 lv.
1732 1358 1782 1460 Et
1799 1379 1917 1438 tamen
1933 1361 2020 1440 baec
2043 1368 2118 1460 ipsa
2137 1382 2341 1440 renatorum
2358 1367 2516 1447 Ecclesia

494 1481 543 1555 sle
557 1480 749 1563 Ecclesia,
770 1477 950 1565 iusticia,
974 1468 1069 1545 Fide
1088 1493 1137 1543 us
1156 1474 1368 1543 ministerio
1384 1469 1481 1559 eius,
1532 1487 1708 1559 nusquam
1724 1466 1929 1539 collocanda
1946 1483 2014 1553 est,
2049 1470 2119 1541 nisi
2145 1472 2184 1541 in
2199 1467 2357 1543 Ecclesia
2382 1475 2516 1546 visibili

495 1583 684 1664 seleseia
697 1582 895 1671 proposito
909 1575 994 1648 ull.
1009 1572 1261 1647 saroardo
1276 1576 1308 1644 Ζ
1316 1571 1481 1668 iglcro.
1533 1578 1757 1654 vocatorum,
1789 1568 1887 1640 iuxta
1905 1569 1996 1641 illud
2020 1568 2141 1644 Pauli:
2174 1570 2276 1662 Quos
2295 1574 2417 1664 elegit,
2449 1572 2515 1649 hos

493 1682 553 1758 Aa
572 1680 673 1754 sltem
692 1687 875 1776 quonum
892 1677 1059 1771 Aprilis,
1080 1673 1325 1770 praesidente
1345 1693 1482 1745 sacrae
1534 1678 1569 1737 ct
1584 1667 1736 1742 vocavit.
2299 1679 2310 1705 ·

495 1782 718 1880 lbsologt'ue
763 1784 925 1854 Doctores
969 1776 1218 1851 Bernusdo
1267 1777 1482 1872 Zlglero,
1637 1765 1683 1838 V.
1723 1766 1874 1856 Quoties
1893 1773 1938 1839 de
1958 1768 2117 1843 Ecclesia
2142 1774 2353 1864 cogitamus,
2394 1780 2514 1850 veniat

490 1894 720 1981 mopsuelut·
751 1884 804 1956 ad
835 1877 1112 1975 disputandum
1132 1882 1237 1953 locus
1255 1880 1408 1950 lmoioe
1431 1897 1482 1948 en·
1532 1866 1574 1937 in
1588 1881 1742 1940 mentem
1758 1862 2044 1943 huiusPaulinae
2056 1875 2169 1945 vocis:
2194 1873 2294 1965 Quos
2310 1878 2425 1969 elegit,
2449 1876 2516 1952 hos

492 1992 622 2079 mete
635 1985 700 2061 26,
719 1984 929 2058 ,gemm
949 1981 1135 2078 quasdam
1149 1979 1363 2053 sententias
1376 1980 1482 2052 iuius
1534 1970 1685 2043 vocavit.
1734 1967 1837 2039 Nulli
1858 1986 1942 2042 sunt
1966 1975 2066 2044 electi
2090 1977 2160 2045 nisi
2186 1976 2226 2046 in
2248 1991 2351 2049 coetu
2372 1995 2517 2053 vocato-

526 2097 629 2161 00720
652 2110 811 2162 numm
831 2086 1041 2160 mmmm
1061 2082 1370 2178 comprehensas,
1401 2089 1444 2153 ut
1533 2096 1625 2143 rum.
1679 2070 1772 2144 Sunt
1787 2084 1904 2142 autem
1920 2075 2037 2143 vocati
2048 2078 2247 2162 audientes,
2273 2081 2462 2167 discentes,
2482 2097 2516 2152 et
2565 2133 2568 2139 .

893 2190 1077 2281 sequitur,
1279 2202 1282 2206 ·
1533 2174 1737 2265 profitentes
1765 2196 1892 2266 puram
1918 2172 2105 2266 Evangelii
2134 2179 2344 2254 doctrinam.
2408 2182 2515 2254 Nulla

1085 2328 1090 2336 .
1534 2287 1628 2345 extra
1645 2270 1743 2346 hunc
1759 2286 1898 2356 coetum
1921 2277 2064 2363 electio,
2089 2277 2188 2347 nulla
2210 2278 2426 2353 illuminatio
2447 2285 2517 2354 fin·

791 2379 813 2447 1
819 2378 919 2446 esui
928 2396 983 2446 ue
1015 2375 1060 2446 X
1060 2377 1102 2445 X
1108 2376 1142 2445 l'
1146 2378 1179 2445 1.
1533 2388 1646 2465 gatur.
1697 2373 1768 2446 Sed
1783 2376 1934 2447 sciamus
1949 2378 1988 2447 in
2005 2374 2073 2448 hoc
2088 2392 2190 2450 coetu
2204 2394 2410 2451 vocatorum
2425 2406 2517 2454 sem·

1532 2500 1595 2567 per
1609 2476 1747 2570 aliquos
1762 2500 1835 2546 esse
1850 2477 1988 2549 electos.
2037 2477 2135 2551 Haec
2157 2503 2283 2569 magna
2305 2482 2374 2573 piis
2390 2508 2518 2553 conso.

1531 2578 1619 2648 latio
1642 2591 1714 2665 est,
1748 2591 1782 2649 et
1804 2601 1863 2649 eos
1883 2579 2034 2664 invitat,
2063 2596 2105 2653 ut
2128 2603 2164 2650 se
2186 2581 2232 2650 ad
2254 2577 2351 2655 hunc
2377 2601 2515 2657 coetum

1531 2693 1736 2751 vocatorum
1763 2679 1979 2771 adiungant,
2016 2675 2113 2752 hunc
2138 2683 2301 2765 foveant,
2342 2709 2422 2758 cum
2447 2683 2515 2759 huc

1531 2777 1646 2850 Deum
1669 2781 1848 2853 invocent.

1632 2878 1696 2952 Vl.
1719 2879 1857 2952 Multae
1871 2883 2062 2952 traduntur
2075 2880 2320 2955 distinctiones
2334 2889 2379 2955 de
2391 2883 2514 2959 Eccle-

1530 2980 1602 3066 sia,
1623 2981 1792 3051 obscurae
1812 2993 1847 3051 et
1868 2983 2048 3052 interdum
2070 2995 2239 3074 tanquam
2263 2986 2378 3055 ideam
2392 2985 2514 3057 Plato-

1531 3082 1646 3152 nicam
1660 3080 1915 3162 describentes,
1940 3084 2000 3152 secl
2017 3083 2116 3174 pium
2130 3094 2166 3152 et
2181 3108 2303 3155 verum
2318 3100 2381 3171 est,
2402 3110 2512 3158 unam

1426 3158 1479 3214 ⁸⁸²
1530 3184 1605 3277 dici
1627 3179 1822 3253 Ecclesiam
1844 3196 1981 3268 coetum
2004 3197 2207 3253 vocatorum
2229 3187 2415 3257 visibilem.
2466 3186 2510 3258 ln
2557 3208 2559 3212 ·

1531 3309 1602 3379 quo
1620 3284 1757 3356 etiamsi
1774 3307 1900 3374 magna
1913 3285 2017 3357 turba
2038 3299 2090 3355 est
2112 3309 2184 3354 non
2206 3302 2431 3373 renatorum,
2456 3304 2510 3360 ta·

761 3434 764 3438 -
861 3415 1106 3491 Theman,
1144 3415 1147 3419 ·
1531 3411 1612 3457 men
1635 3387 1674 3455 in
1696 3380 1764 3457 hoc
1785 3387 1860 3457 solo
1883 3401 1986 3459 coetu
2008 3400 2091 3458 sunt
2125 3390 2241 3460 renati
2272 3404 2308 3462 ct
2336 3387 2505 3462 haeredes

1531 3490 1625 3560 vitae
1641 3500 1813 3562 aeternae.
2486 3558 2499 3578 „

1632 3587 1715 3659 Vll.
1756 3586 1834 3660 Etsi
1863 3602 2038 3681 quaerunt
2067 3589 2137 3659 viri
2164 3589 2300 3681 politici
2320 3586 2512 3664 Ecclesiam

1531 3689 1683 3761 similem
1697 3690 1857 3782 imperiis
1874 3690 2018 3775 mundi,
2046 3714 2135 3784 quae
2157 3687 2293 3761 habent
2313 3714 2425 3764 unum
2446 3698 2513 3764 ali·

1531 3815 1636 3887 quem
1663 3791 1860 3885 principem
1886 3791 2082 3876 visibilem,
2120 3793 2333 3862 instructum
2354 3799 2512 3885 potentia

1531 3907 1565 3965 et
1580 3893 1785 3985 praesidiis,
1809 3905 1843 3962 et
1863 3892 2001 3982 legibus
2024 3917 2063 3962 ac
2085 3893 2214 3964 ritibus
2234 3893 2511 3985 distinguentem

493 2530 541 2616 ln
565 2545 624 2617 die
644 2545 709 2616 illa
731 2542 933 2614 cantabitur
956 2541 1133 2612 canticum
1155 2562 1290 2609 novum
1319 2534 1359 2607 in
1387 2549 1479 2607 terra

493 2647 600 2729 luda,
647 2659 698 2718 est
721 2645 826 2717 nobis
859 2642 984 2713 civitas
1014 2642 1135 2728 firma,
1181 2639 1330 2709 salutern
1362 2637 1480 2729 posuit

495 2742 631 2843 (Deus)
647 2770 767 2818 muros
786 2759 822 2815 ει
836 2742 955 2834 copias
972 2738 1099 2839 (eius).
1148 2735 1296 2832 Aperite
1310 2752 1429 2829 portas
1445 2753 1479 2808 et

494 2849 714 2939 ingredietur
736 2869 822 2937 gens
845 2844 956 2926 iusta,
979 2841 1181 2915 custodiens
1201 2839 1321 2915 fidem.
1371 2837 1479 2929 Cogi·

494 2950 579 3039 tatio
595 2949 740 3019 suffulta
759 2942 845 3039 (boc
866 2958 935 3026 est,
967 2942 1069 3015 firma
1091 2957 1125 3016 et
1149 2943 1314 3026 immota,
1344 2940 1479 3012 scilicet

495 3046 608 3146 quod)
621 3050 779 3120 servabis
793 3070 925 3140 pacem.
959 3042 1053 3133 Quia
1070 3045 1109 3114 in
1124 3059 1158 3116 te
1173 3056 1345 3135 speratur.
1388 3040 1479 3133 Spe·

493 3166 568 3223 rate
583 3153 621 3221 in
635 3148 791 3222 Domino
806 3149 846 3217 in
862 3160 1067 3233 aeternum,
1100 3146 1184 3240 quia
1204 3145 1243 3239 in
1266 3158 1309 3245 rt}
1325 3142 1402 3216 Deo

493 3251 758 3350 petraaeterna.
1103 3251 1106 3258 '

504 3544 511 3552 ⁶
597 3554 629 3631 I.
655 3554 853 3627 Luculenta
868 3553 1057 3640 descriptio
1075 3566 1126 3623 est
1141 3547 1320 3621 Ecclesiae
1335 3549 1419 3636 Dei,
1444 3565 1479 3622 et

495 3657 706 3751 promissio,
728 3648 827 3751 ‘quac
848 3666 995 3726 testatur
1016 3676 1219 3723 mansuram
1240 3675 1314 3722 esse
1326 3651 1394 3724 Dei
1409 3648 1478 3721 Ec-

496 3759 640 3832 clesiam
656 3757 759 3828 etiam
780 3756 966 3827 ruentibus
989 3755 1159 3848 imperiis.
1217 3752 1294 3825 Hac
1316 3755 1478 3825 consola-

495 3864 596 3953 tione
612 3871 647 3930 et
660 3872 744 3930 tunc
757 3852 934 3950 Propheta
962 3856 1037 3950 ipse
1063 3871 1099 3929 et
1121 3856 1183 3926 alii
1204 3856 1256 3949 pii
1277 3881 1314 3927 se
1337 3870 1477 3927 susten-

494 3964 630 4042 tabant,
656 3975 690 4034 et
704 3984 770 4032 nos
782 3959 822 4030 in
838 3959 945 4032 tantis
957 3957 1171 4030 tumultibus
1187 3981 1376 4047 regnorum
1392 3982 1478 4028 con·
1531 4018 1633 4066 suum
1650 4009 1788 4066 eodum
1805 4017 1825 4063 a
1842 3993 1987 4063 caeteri,
2000 3994 2136 4081 regnis,
2160 4007 2201 4065 ut
2215 3994 2403 4085 imperium
2420 4022 2511 4089 pon,

495 4066 673 4184 firmemus
687 4087 770 4185 nos,
797 4085 843 4182 ne
857 4060 961 4130 fracti
975 4059 1219 4179 desperftllfffle
1239 4060 1397 4130 andium
1412 4060 1479 4177 d‘f·
1530 4097 1677 4167 tificiurn
1693 4096 1737 4165 ad
1753 4090 1846 4163 hanc
1859 4088 2098 4162 humanorum
2113 4093 2344 4186 imperiorum
2359 4100 2510 4166 formam

497 4169 599 4238 tenth
622 4157 1272 4251 ⁰1dllcenssssvansselummmm·
1324 4158 1410 4251 Ῑά-θο
1428 4185 1479 4230 ⁸¹⁰
1531 4197 1763 4269 constitutum
1781 4206 1851 4271 est,
1875 4207 1996 4262 tamen
2013 4190 2170 4264 Ecclesia
2185 4195 2337 4265 visibilis
2360 4220 2421 4268 seu
2446 4222 2510 4266 vo-

495 4269 635 4356 orditur
645 4262 842 4362 Propheta:
878 4262 921 4333 ln
936 4265 993 4334 die
1008 4264 1070 4333 illa
1086 4263 1287 4336 cantabitur
1302 4264 1476 4334 canticum
1530 4313 1708 4376 camum,
1748 4307 1799 4364 es,
1820 4292 2002 4363 dissimili,
2023 4293 2182 4382 imperii,
2199 4298 2336 4366 mungp,
2395 4295 2512 4369 Habe,

497 4366 908 4484 ¹³⁰V11ffl¹J¹lerr³1¹¹d³·
948 4362 989 4432 Id
1007 4376 1068 4444 ²⁸¹²
1093 4360 1478 4447 h⁰⁰ca¹¹²¹⁰¹¹¹¹¹²⁸h³¹¹⁰
1531 4412 1635 4490 caput
1655 4392 1857 4482 Christum,
1893 4406 1927 4463 et
1952 4396 2115 4486 colligata
2137 4408 2189 4466 cst
2207 4420 2292 4466 voce
2314 4412 2350 4468 ct
2373 4401 2511 4469 confes-

499 4468 776 4541 consolallonem
801 4483 1004 4549 “mamma
1036 4487 1240 4536 mammam
1263 4486 1336 4535 ‘³⁸‘
1355 4460 1478 4534 E⁶⁶l⁰'
1531 4502 1630 4570 sione
1643 4494 1848 4589 Evangelii,
1873 4508 2004 4568 etcum
2027 4498 2074 4568 sit
2092 4498 2169 4567 sine
2191 4491 2355 4568 humanis
2379 4503 2511 4591 pracsi-

499 4591 586 4636 ΜΠ)
604 4562 682 4634 Dm·
1532 4603 1620 4688 diis,
1650 4599 1863 4670 mirabiliter
1882 4613 2042 4671 servatur
2062 4597 2172 4669 aDeo
2193 4600 2362 4670 omnibus
2387 4604 2512 4673 aetati·
2532 4637 2538 4665 ι

604 4697 652 4771 ll.
704 4696 830 4787 Qualis
859 4719 976 4778 autern
1010 4713 1131 4773 coetus
1154 4700 1231 4770 est?
1269 4695 1333 4771 Est
1355 4697 1479 4769 civitas
1531 4705 1609 4776 bus.
1668 4700 1727 4773 Sic
1750 4702 1788 4770 iu
1801 4698 1909 4771 Iesaia
1930 4700 2060 4771 dicitur
2080 4700 2193 4791 capite
2207 4698 2285 4774 46.:
2310 4698 2386 4789 Qui
2397 4718 2513 4794 gesta·

500 4809 621 4889 firma,
662 4800 763 4869 cutus
783 4806 876 4873 muri
895 4819 979 4879 sunt
999 4805 1114 4884 salus,
1155 4804 1194 4871 in
1219 4825 1325 4894 qurum
1350 4801 1479 4892 apertis
1532 4804 1621 4874 mini
1647 4802 1687 4872 in
1709 4815 1811 4873 utero
1830 4825 1921 4875 meo.
1972 4800 2217 4874 senescentem
2232 4796 2425 4873 Ecclesiam
2447 4828 2509 4893 ego

499 4905 612 4995 portis
642 4902 842 4990 ingreditur
870 4928 953 4993 gens
984 4909 1093 4991 iusta,
1132 4904 1332 4976 custodiens
1361 4905 1480 4975 fidem.
1533 4907 1703 4998 portabo,
1729 4927 1792 4992 ego
1808 4903 1897 4987 ieci,
1921 4922 1985 4994 cgo
2001 4905 2162 4993 gestabo,
2185 4924 2248 4992 ego
2265 4905 2421 4980 salvabo.
2463 4904 2511 4978 Et

499 5004 768 5076 Haecdefinitio
784 5005 903 5075 dextre
919 5008 1094 5080 intellecta
1112 5020 1204 5076 recte
1226 5004 1393 5074 describit
1410 5001 1480 5073 Ec·
1534 5032 1608 5100 cap.
1625 5006 1703 5081 st:
1729 5004 1839 5073 Posui
1852 5006 1960 5074 verba
1974 5028 2051 5075 mea
2077 5005 2116 5073 in
2138 5027 2199 5073 ore
2220 5018 2300 5089 tuo,
2330 5019 2364 5075 et
2386 5009 2514 5080 umbra

500 5106 661 5187 clesiam,
704 5118 739 5174 et
769 5107 934 5177 convenit
964 5132 1043 5181 curn
1075 5110 1169 5181 dicto
1199 5106 1346 5177 Psalmi:
1383 5104 1481 5175 Haec
1533 5130 1661 5179 manus
1674 5129 1772 5176 meae
1785 5105 1921 5194 protexi
1937 5117 1982 5188 tc,
2005 5119 2046 5176 ut
2063 5107 2198 5196 plantes
2211 5105 2328 5176 coelos
2341 5119 2406 5178 etc.
2444 5108 2545 5181 Hic·

501 5221 603 5300 porta
625 5202 795 5292 Domini,
829 5207 916 5277 iusti
936 5207 1118 5284 intrabunt
1142 5213 1180 5280 in
1201 5234 1289 5282 eam.
1347 5202 1482 5299 Estque
1535 5233 1676 5304 quoque
1691 5206 1835 5276 deducit
1850 5201 2051 5274 noslesaias
2066 5201 2525 5295 adEcclesiamvisibilem,

503 5308 693 5380 sententia:
719 5306 879 5378 Ecclesia
894 5320 946 5377 cst
961 5321 1097 5394 coctus,
1121 5336 1225 5407 quem
1239 5309 1337 5380 Deus
1357 5321 1483 5391 servat,
1535 5313 1574 5380 in
1598 5333 1669 5403 qua
1690 5320 1793 5376 sonat
1818 5329 1885 5375 vox
1908 5302 2107 5395 Evangelii.
2163 5305 2248 5377 Ideo
2269 5309 2372 5381 dicit:
2405 5309 2514 5384 Posui

502 5425 645 5482 vocatus
660 5406 1135 5501 praedicationeEvangelii,
1159 5414 1273 5484 iustus
1287 5436 1326 5482 ac
1342 5411 1484 5502 placens
1536 5414 1644 5481 verba
1660 5432 1737 5479 mea
1752 5407 1791 5476 in
1807 5429 1869 5478 ore
1882 5421 1955 5480 tuo.
2007 5404 2054 5479 Et
2070 5405 2161 5479 banc
2181 5408 2355 5485 divinitus
2370 5414 2514 5484 delendi

503 5509 596 5598 Deo,
622 5513 825 5582 custodiens
839 5512 960 5595 fidem,
986 5509 1110 5591 idest,
1134 5536 1308 5585 assensum
1323 5536 1393 5606 quo
1409 5536 1484 5581 arn·
1537 5513 1666 5608 inquit.
2515 5549 2524 5556 ·

501 5615 669 5704 plectitur
683 5610 929 5698 verbumDei,
954 5609 1023 5682 hoc
1038 5624 1106 5695 est,
1132 5635 1213 5682 vere
1227 5618 1389 5694 credens,
1412 5637 1485 5685 csse
1637 5608 1739 5686 Vlll.
1778 5608 1878 5681 Idem
1901 5612 1980 5681 vult
2002 5606 2130 5682 lesaios
2154 5611 2194 5682 in
2216 5607 2285 5682 boc
2307 5613 2419 5701 capite
2436 5612 2512 5682 26.:

500 5712 640 5801 Deum,
679 5740 754 5800 ²⁵⁵0
778 5716 812 5788 θὶ
833 5739 938 5789 turae
964 5734 1074 5806 genus
1103 5706 1317 5802 humanum,
1350 5716 1485 5787 dedisse
1537 5711 1696 5789 Ecclesia
1711 5726 1764 5785 est
1776 5713 1898 5785 civitas
1921 5711 2041 5798 firma,
2066 5714 2167 5785 cuius
2190 5713 2284 5784 muri
2307 5723 2389 5782 sunt
2411 5714 2516 5802 salus,

1917 5812 1994 5885 43*
