6025 6775
894 804 1088 878 1003

899 1099 1063 1146 rum
1098 1076 1174 1144 in
1201 1071 1501 1142 maxima
1542 1078 1740 1157 parte
1784 1061 2059 1153 generis
2104 1055 2422 1134 humani.
2523 1057 2679 1132 Etsi
2722 1086 2852 1132 au-

850 1219 867 1246 ·.
898 1188 1047 1247 tem
1091 1195 1251 1242 vera
1292 1165 1610 1253 Ecclesia
1651 1165 1896 1253 exigua
1938 1162 2113 1247 fuit,
2170 1174 2239 1232 et
2282 1183 2612 1251 oppressa
2655 1159 2851 1233 Con-

905 1273 1193 1358 stantii,
1287 1266 1553 1340 Iuliani
1608 1280 1679 1337 et
1741 1262 2061 1333 Valentis
2116 1263 2526 1355 tyrannide:
2615 1275 2851 1333 tamen

900 1373 1097 1448 Deus
1135 1370 1439 1441 servavit
1486 1365 1837 1460 reliquias.
1940 1362 2215 1435 Romae
2257 1365 2402 1432 duo
2449 1377 2647 1434 erant
2675 1361 2852 1453 Epi-

902 1473 1130 1567 scopi:
1218 1471 1397 1540 alter
1427 1479 1740 1558 praeerat
1774 1464 1943 1556 piis:
2007 1464 2186 1532 alter
2215 1460 2523 1533 Arianis.
2623 1459 2854 1533 Erant

906 1587 979 1646 et
1004 1576 1148 1643 duo
1180 1566 1834 1657 Constantinopoli:
1886 1563 2373 1634 Nazianzenus
2418 1576 2603 1632 recte
2644 1565 2856 1632 doce-

780 1753 785 1758 ·
905 1676 1069 1760 bat,
1147 1675 1267 1742 sed
1321 1669 1593 1758 regium
1653 1665 1994 1758 templum
2049 1665 2331 1734 tenebat
2386 1659 2856 1755 Demophilus

906 1770 1240 1845 Arianus.
1380 1767 1691 1839 Basilius
1751 1764 2128 1837 Caesareae
2188 1779 2670 1854 propugnator
2722 1766 2856 1835 fuit

820 1869 827 1876 ’
878 1899 1113 1956 -yerae
1143 1870 1538 1954 doctrinae,
1597 1865 2019 1937 Ambrosius
2050 1863 2488 1948 Mediolani,
2537 1862 2857 1934 Hilarius

907 1955 987 2043 in
1017 1973 1291 2058 Gallia,
1340 1987 1409 2043 et
1450 1969 1732 2063 quidem
1778 1968 1853 2036 in
1897 1961 2287 2035 Occidente
2328 1964 2566 2034 minus
2613 1978 2858 2035 conta-

909 2075 1182 2166 giorum
1209 2072 1350 2144 fuit
1378 2094 1589 2164 quam
1623 2068 1702 2138 in
1730 2063 2051 2139 Oriente.

1114 2173 1282 2243 Non
1329 2172 1550 2260 igitur
1580 2169 2000 2258 cogitemus,
2064 2165 2334 2234 nullam
2376 2186 2521 2234 esse
2549 2162 2684 2234 Dei
2718 2161 2860 2235 Ec-

794 2251 827 2344 .⁰
910 2271 1242 2359 clesiam,
1305 2297 1465 2343 cum
1512 2264 1892 2340 horribiles
1937 2267 2209 2357 generis
2265 2259 2559 2334 humani
2607 2266 2859 2337 consu·
2918 2317 2919 2330 ff

910 2375 1144 2446 siones
1177 2375 1556 2445 intuemur.
1657 2368 1798 2441 Sed
1830 2369 2028 2438 firma
2067 2366 2468 2436 assensione
2500 2380 2860 2437 teneamus

911 2476 1317 2546 articulum:
1378 2471 1612 2543 Credo
1659 2492 1804 2541 esse
1834 2465 2218 2537 Ecclesiam
2268 2462 2719 2552 catholicam,
2790 2481 2863 2539 et

910 2576 1126 2644 simul
1157 2574 1456 2643 sciamus
1486 2567 1678 2640 hunc
1712 2592 1859 2640 esse
1901 2580 2214 2651 coetum,
2278 2567 2401 2659 qui
2439 2568 2862 2637 fundamen-

911 2688 1065 2746 tum
1097 2673 1388 2758 retinet,
1436 2685 1505 2742 et
1547 2694 1674 2740 nos
1722 2669 1799 2738 in
1842 2664 2035 2738 hunc
2076 2681 2351 2739 coetum
2395 2668 2861 2754 includamus,

914 2787 985 2860 et
1037 2773 1430 2846 testimonia
1479 2772 1727 2840 divina
1794 2769 2251 2861 aspiciamus,
2344 2770 2604 2862 quibus
2662 2793 2859 2839 suam

913 2871 1309 2945 doctrinam
1337 2870 1530 2942 Deus
1558 2870 2022 2940 confirmavit.
2137 2867 2602 2961 Deploremus
2651 2872 2860 2940 etiam

914 2975 1266 3046 miseriam
1314 2973 1588 3063 generis
1620 2966 1950 3055 humani,
2000 2971 2188 3063 quod
2239 2993 2514 3060 semper
2558 2967 2859 3041 horren-

916 3077 1044 3146 dae
1071 3073 1517 3144 confusiones
1557 3088 1760 3158 sunt,
1808 3074 2095 3142 fuerunt
2140 3083 2207 3139 et
2248 3085 2489 3155 erunt,
2559 3094 2858 3161 quarum

872 3241 889 3256 .
915 3191 1159 3247 causae
1188 3188 1395 3246 notae
1427 3185 1595 3244 sunt
1641 3197 1718 3242 ex
1769 3172 2087 3242 doctrina
2123 3166 2514 3257 Ecclesiae,
2563 3184 2635 3241 et
2675 3171 2863 3242 veris

912 3278 1287 3368 gemitibus
1319 3289 1637 3367 petamus
1663 3295 1794 3344 nos
1825 3272 1971 3360 regi
2006 3286 2074 3343 et
2101 3271 2396 3362 protegi.

1110 3374 1304 3448 Haec
1332 3375 1726 3448 admonitio
1758 3376 1833 3445 in
1877 3368 2192 3446 historiis
2232 3396 2436 3464 saepe
2482 3370 2854 3461 repetenda

840 3540 883 3579 μ
910 3490 1052 3559 est,
1119 3490 1190 3547 et
1235 3492 1478 3549 contra
1518 3479 1685 3548 talia
1729 3476 2122 3570 spectacula
2168 3497 2298 3543 nos
2344 3474 2858 3545 confirmemus.

909 3576 1185 3650 Deinde
1222 3579 1394 3647 tales
1437 3572 1768 3648 historiae
1813 3577 2034 3647 multa
2078 3574 2166 3645 de
2194 3574 2503 3669 Synodis
2543 3589 2858 3650 monent.

909 3678 1088 3750 Vult
1126 3672 1318 3747 Deus
1363 3700 1509 3748 esse
1553 3678 1810 3748 iudicia
1850 3676 2235 3759 Ecclesiae,
2287 3678 2439 3746 vult
2480 3677 2857 3745 convenire

903 3782 1086 3872 pios,
1141 3791 1220 3848 ut
1249 3779 1757 3850 confessionem
1792 3776 2190 3855 ostendant,
2238 3788 2304 3844 et
2333 3776 2505 3844 falsa
2534 3777 2855 3865 dogmata

906 3880 1267 3962 reiiciant,
1352 3880 1532 3951 sicut
1584 3881 1927 3951 Actorum
1986 3873 2104 3953 15.
2160 3875 2592 3945 conveniunt
2644 3871 2858 3967 ,Apo-

904 3982 1093 4054 stoli.
1947 3988 1951 3993 ’

1106 4081 1381 4153 Multae
1406 4085 1692 4152 fuerunt
1728 4079 1882 4170 piae
1898 4078 2207 4174 Synodi,
2257 4091 2337 4148 ut
2367 4101 2555 4146 anno
2584 4072 2854 4148 Christi

902 4185 1384 4257 ducentesimo
1430 4182 1934 4271 septuagesimo
1980 4180 2187 4251 tertio
2220 4170 2716 4258 Antiocheno,
2762 4178 2848 4247 ¹in

784 4354 793 4365 ,
903 4308 1039 4377 qua
1071 4306 1269 4354 senes
1301 4283 1504 4352 multi
1542 4294 2062 4363 convenerunt,
2115 4279 2239 4371 qui
2286 4280 2616 4350 dixerunt
2657 4280 2849 4351 testi-

896 4386 1138 4456 monia
1171 4400 1410 4456 contra
1432 4383 1987 4455 samosatenum.
2075 4376 2352 4447 Deinde
2382 4402 2570 4448 anno
2584 4373 2849 4450 Christi
2908 4471 2911 4477 ss

778 4510 789 4519 ·
897 4490 1381 4558 trecentesimo
1408 4485 1736 4555 vicesimo
1767 4495 2011 4551 octavo
2028 4475 2316 4577 Νἰεεηᾳ
2336 4492 2577 4549 contra
2594 4478 2847 4548 Arium

897 4598 967 4655 et
1010 4585 1464 4661 Novatianos.
1579 4581 1799 4655 Anno
1864 4583 2351 4653 trecentesimo
2414 4579 2850 4673 quinquage-

897 4684 1079 4757 simo
1131 4682 1636 4764 Sardicensis‚
1733 4706 1914 4777 quae
1977 4681 2316 4753 Nicenam
2384 4681 2847 4753 confirmavit.

784 4844 790 4851 .
893 4785 1113 4856 Anno
1150 4787 1632 4856 trecentesimo
1684 4780 2150 4875 octuagesimo
2191 4781 2442 4874 quinto
2474 4770 2848 4850 Constan-

893 4882 1397 4981 tinopolitana
1429 4883 1637 4953 initio
1672 4880 2061 4954 Theodosii
2090 4882 2337 4973 primi,
2398 4881 2477 4950 in
2513 4903 2648 4976 qua
2683 4906 2846 4952 vera

892 4987 1210 5060 doctrina
1248 4987 1335 5057 de
1361 4985 1510 5057 filio
1539 4999 1608 5058 et
1644 4985 1919 5078 Spiritu
1949 4998 2188 5055 sancto
2220 4983 2567 5056 illustrata
2602 4995 2728 5054 est.

1094 5085 1375 5159 Interea
1432 5112 1601 5160 vero
1648 5090 1916 5159 multae
1962 5087 2528 5157 concursationes
2587 5083 2845 5176 impiae

1373 786 1790 875 SCRIPTA
1835 789 1992 863 PH.
2043 789 2277 869 MEL.
2322 788 2458 864 AD
2509 789 2763 869 lsss'r.
2815 785 3110 865 PROF.
3161 784 3294 862 ET
3341 784 3727 864 PfflLOS.
3773 787 4419 871 SPECTANTIA.

895 970 1254 1059 Ecclesia,
1299 993 1459 1042 cum
1499 977 1775 1039 tantum
1823 974 2000 1031 esset
2038 958 2494 1031 dissidiorum
2544 973 2615 1032 et
2651 961 2852 1031 furo-
2890 968 2899 976 “’

4705 799 4909 872 1004

2949 960 3197 1032 tesimo
3247 960 3674 1051 sexagesimo
3719 963 4030 1032 secundo
4081 959 4588 1040 Seleuciensis.
4687 963 4899 1040 Anno

2948 1063 3436 1132 trecentesimo
3486 1063 3906 1151 sexagesimo
3945 1065 4200 1157 quinto
4226 1061 4728 1148 Antiocheno,
4795 1069 4914 1139 cui

2949 1159 3409 1233 Constantius
3456 1163 3840 1253 imperator
3883 1163 4197 1238 interfuit
4237 1169 4455 1260 paulo
4503 1182 4670 1240 ante
4715 1192 4918 1239 mor-

2951 1276 3120 1334 tem.
3222 1261 3377 1333 Hae
3409 1277 3549 1333 tres
3582 1262 3793 1332 etiam
3826 1280 4286 1356 corruperunt
4331 1270 4743 1362 symbolum
4776 1268 4915 1339 Ni-

2954 1387 3233 1439 cenum.
3367 1362 3532 1435 Sint
3577 1363 3794 1454 igitur
3844 1365 3922 1434 in
3972 1380 4340 1485 con-spectu
4381 1368 4594 1440 etiam
4643 1370 4917 1462 impiae

2955 1462 3226 1557 Synodi
3249 1520 3270 1550 ,
3322 1477 3402 1534 ut
3430 1465 3722 1537 refutari
3764 1466 4035 1557 poss-int
4078 1459 4195 1553 ht,
4243 1468 4365 1562 qui
4406 1470 4915 1561 vociferantur,

2957 1560 3287 1659 Synodos
3317 1589 3465 1635 non
3497 1587 3700 1655 posse
3729 1589 3983 1641 errare.

3157 1695 3339 1770 Cum
3373 1712 3606 1769 autem
3639 1700 3716 1768 in
3745 1695 4053 1770 Ecclesia
4085 1713 4411 1794 oporteat
4443 1725 4589 1772 esse
4618 1702 4911 1790 iudicia,

2959 1798 3257 1868 sciamus
3280 1823 3600 1870 normam
3643 1822 3788 1870 esse
3829 1801 4255 1875 iudiciorum
4300 1804 4558 1895 scripta
4604 1801 4918 1896 prophe-

2959 1901 3096 1970 tica
3134 1914 3200 1971 et
3233 1900 3611 1990 apostolica
3643 1915 3711 1970 et
3744 1903 4086 1993 symbola.
4196 1900 4615 1974 Curandum
4648 1919 4750 1975 est
4777 1905 4921 1994 igi-

2960 2013 3117 2083 tur,
3185 2013 3266 2070 ut
3297 2000 3567 2094 Synodi
3621 2014 3803 2070 recte
3846 2018 4227 2091 regantur,
4293 2027 4427 2075 nec
4474 2004 4839 2076 discedant
4873 2030 4918 2075 a

2960 2125 3249 2181 norma,
3299 2116 3378 2169 ut
3431 2114 3553 2171 aut
3597 2101 4076 2186 multitudini,
4140 2117 4266 2175 aut
4314 2106 4641 2201 tyrannis
4679 2129 4921 2176 assen-

2958 2215 3240 2286 tentur,
3313 2202 3492 2271 sicut
3552 2215 3722 2272 tunc
3778 2204 4165 2273 sententiae
4214 2219 4452 2294 gratae
4493 2204 4919 2277 Constantio

2961 2303 3415 2387 dicebantur,
3476 2314 3544 2371 et
3587 2301 3824 2389 regula
3871 2306 4174 2377 tenenda
4213 2318 4350 2378 ests
4426 2300 4549 2379 δεῖ
4579 2301 4917 2393 δικάζειν

2961 2399 3053 2475 οὐ
3079 2396 3385 2495 πλήθει,
3425 2397 3625 2500 ,ἀλλὰ
3655 2396 4037 2498 ἐπιστήμῃ.

3160 2517 3328 2591 Fuit
3359 2517 3806 2590 Constantini
3837 2535 4149 2613 tempore
4180 2536 4250 2595 et
4280 2515 4741 2618 Gangrensis
4771 2522 4925 2618 Sy-

2959 2623 3231 2705 noduS,
3293 2645 3472 2713 quae
3524 2622 3641 2711 pia
3685 2622 3839 2695 fuit.
3966 2621 4100 2694 Est
4141 2638 4374 2695 autem
4410 2623 4691 2714 Gangra
4738 2624 4929 2695 urbs

2961 2721 3197 2790 vicina
3249 2720 3562 2805 Galatis,
3628 2722 3708 2791 in
3753 2746 3830 2791 ea
3873 2737 4069 2813 parte
4116 2749 4328 2819 quam
4361 2723 4619 2797 Heneti
4669 2740 4928 2797 tenue-

2962 2835 3152 2892 runt.
3254 2818 3346 2893 Et
3396 2823 3716 2893 scribunt
3763 2836 4028 2893 veteres
4070 2826 4309 2916 lingua
4355 2825 4680 2897 Henetae
4712 2824 4922 2896 Gan-

2962 2946 3156 3011 gram
3191 2922 3579 3013 significare
3598 2920 3978 3015 Capream,
4029 2939 4103 2995 ut
4135 2946 4327 2996 nunc
4353 2951 4638 3019 quoque
4654 2926 4918 2998 Heneti

2963 3020 3301 3114 Capream
3354 3025 3749 3094 nominant.
3897 3022 4004 3093 Ibi
4058 3029 4393 3096 adversus
4444 3023 4915 3097 'Eustathium

2962 3127 3313 3216 quendam
3348 3137 3414 3193 et
3448 3124 3596 3194 eius
3622 3124 4002 3195 imitatores
4035 3127 4309 3197 decreta
4339 3128 4520 3198 facta
4551 3141 4739 3211 sunt,
4790 3127 4924 3221 qui

2916 3240 2919 3249 ‘¹
2961 3237 3185 3293 certos
3218 3224 3414 3294 cibos
3448 3238 3516 3294 et
3545 3224 3867 3314 coniugia
3904 3222 4419 3316 prohibebant,
4472 3242 4541 3300 et
4572 3229 4928 3298 nolebant

2905 3332 2906 3341 ’
2960 3326 3287 3395 accedere
3332 3326 3417 3394 ad
3464 3348 3579 3396 eas
3624 3321 4004 3409 Ecclesias,
4082 3328 4206 3400 ubi
4268 3329 4659 3400 sacerdotes
4713 3342 4924 3401 erant

2962 3427 3220 3496 mariti.
3324 3425 3849 3521 HuiusSynodi
3881 3429 4219 3500 memoria
4250 3430 4616 3501 retinenda
4648 3445 4786 3514 est,
4839 3443 4924 3500 ut

2961 3538 3027 3595 et
3065 3522 3201 3596 hoc
3228 3539 3429 3596 vetus
3464 3528 3944 3598 testimonium
3980 3544 4219 3600 contra
4250 3530 4780 3623 superstitiones
4827 3533 4921 3601 de

2903 3679 2906 3685 μ
2959 3627 3138 3698 cibis
3170 3641 3232 3699 et
3268 3624 3748 3720 prohibitione
3777 3629 4089 3720 coniugii
4118 3643 4369 3702 notum
4393 3631 4507 3703 sit.

3158 3759 3438 3832 Deinde
3485 3776 3644 3853 post
3689 3760 4057 3833 Valentem
4121 3778 4459 3851 regnante
4505 3760 4922 3834 Theodosio

2958 3886 3042 3932 ex
3086 3863 3443 3950 prioribus
3485 3864 3817 3934 fluctibus
3858 3863 4382 3956 aliquantulum
4438 3865 4719 3936 emersit
4761 3861 4910 3932 Ec-

2914 4044 2915 4050 *
2957 3963 3183 4035 clesia.
3286 3961 3424 4032 Hic
3454 3964 3644 4033 enim
3674 3963 4044 4056 Synodum
4074 3967 4460 4036 convenire
4485 3966 4679 4036 iussit
4697 3960 4903 4031 'Con-

2956 4062 3455 4151 stantinopoli,
3529 4064 3606 4132 in
3672 4088 3810 4156 qua
3873 4080 4116 4137 contra
4175 4068 4480 4137 Arianos
4535 4077 4598 4133 et
4647 4072 4906 4132 contra.

2955 4161 3456 4233 Macedonium
3491 4176 3559 4233 et
3590 4160 4030 4233 Eunomium
4062 4180 4131 4238 et
4160 4167 4452 4250 similes,
4510 4161 4633 4255 qui
4677 4183 4911 4249 nega-

2956 4266 3128 4334 bant
3146 4262 3493 4355 Spiritum
3521 4277 3841 4335 sanctum
3855 4286 4018 4354 ,esse
4044 4260 4565 4363 ὑφιστάμενον,
4618 4264 4915 4333 decreta

2952 4367 3129 4435 facta
3161 4379 3349 4441 sunt.

3151 4477 3428 4552 Eodem
3476 4495 3788 4574 tempore
3827 4495 3895 4554 et
3923 4478 4310 4553 Damasus
4332 4472 4629 4550 Romae
4668 4477 4916 4574 Syno-

2952 4586 3124 4654 dum
3155 4583 3612 4666 convocavit,
3676 4596 3744 4653 et
3790 4585 4064 4656 decreta
4113 4587 4288 4654 facta
4329 4597 4502 4652 sunt
4541 4581 4916 4653 communi

2950 4683 3459 4755 deliberatione
3489 4684 3771 4774 piorum
3791 4738 3813 4769 ,
3861 4687 3984 4778 qui
4016 4682 4634 4776 Constantinopoli
4666 4697 4733 4752 et
4748 4680 4914 4753 Ro-

2905 4819 2907 4821 ·
2953 4809 3111 4855 mae
3137 4798 3375 4867 erant,
3427 4807 3606 4874 quae
3637 4785 4025 4855 recitantur
4045 4809 4083 4854 a
4118 4778 4580 4855 Theodoreto
4610 4782 4795 4852 libro
4819 4779 4899 4853 ὅ.

2949 4882 3136 4957 Sunt
3200 4907 3486 4977 quoque
3542 4886 3849 4957 revocati
3909 4886 4140 4956 exules
4195 4885 4384 4975 pulsi
4439 4909 4521 4954 ex
4562 4879 4910 4954 Ecclesiis

2950 4998 3302 5076 tempore,
3366 4982 3705 5059 Valentis.
3821 4983 4221 5056 Consilium
4266 4986 4474 5055 etiam
4505 4979 4912 5052 Theodosii

2947 5086 3289 5156 memoria
3334 5085 3628 5174 dignum
3670 5101 3809 5169 est,
3860 5088 4023 5178 qui,
4073 5112 4233 5157 cnm
4274 5083 4606 5156 haeretici
4652 5083 4917 5152 elude-

883 5193 1215 5276 fuerunt,
1263 5188 1341 5256 in
1374 5190 1628 5281 quibus
1657 5211 1906 5277 magna
1941 5187 2338 5280 frequentia
2385 5186 2522 5258 suit
2546 5182 2842 5277 Episco-
2944 5199 3103 5257 rent
3162 5187 3558 5260 testimonia
3608 5181 4016 5277 prophetica
4070 5201 4138 5256 et
4194 5185 4611 5279 apostolica,
4690 5185 4917 5256 iussit

855 5316 1171 5387 ,porumz
1231 5289 1330 5364 Ut
1361 5288 1574 5381 paulo
1604 5301 1768 5359 ante
1796 5300 2093 5357 mortem
2126 5286 2576 5359 Constantini
2605 5284 2842 5381 Syno-
2941 5288 3243 5378 proferri
3280 5285 3677 5360 testimonia
3712 5308 3794 5354 ex
3821 5285 3961 5374 piis
4003 5287 4463 5381 scriptoribus
4483 5339 4506 5371 ,
4568 5284 4695 5378 qui
4735 5297 4916 5356 ante

882 5398 1017 5466 dus
1044 5386 1124 5464 T
1110 5389 1292 5489 yria
1334 5390 1510 5474 fuit,
1584 5411 1779 5457 anno
1808 5383 2076 5457 Christi
2125 5387 2610 5458 trecentesimo
2663 5412 2839 5479 qua-
2940 5388 3231 5460 dissidia
3273 5388 3398 5459 illa
3435 5389 3749 5471 fuerant,
3810 5399 3880 5458 et
3915 5383 4214 5459 Codices
4256 5411 4340 5459 ex
4380 5387 4741 5457 veteribus
4786 5387 4918 5457 bi-

878 5497 1272 5586 dragesimo
1334 5492 1625 5588 quinto,
1704 5488 2065 5563 contraria
2098 5486 2424 5560 Nicenae.
2552 5484 2836 5560 Deinde
2936 5485 3312 5561 bliothecis
3341 5509 3480 5583 sug
3512 5500 3798 5577 sumptu
3839 5488 4179 5580 protulit,
4213 5498 4326 5558 ‚ut
4369 5509 4719 5558 consensu
4762 5509 4918 5576 pu-

876 5595 1280 5669 Constantii
1353 5610 1669 5684 tempore
1736 5609 1924 5655 anno
1993 5582 2256 5659 Christi
2341 5589 2831 5661 trecentesimo
2933 5590 3143 5661 rioris
3225 5584 3664 5679 antiquitatis
3735 5589 4042 5659 convicti
4129 5584 4460 5659 haeretici
4532 5590 4910 5664 cederent.
4959 5612 4970 5621 ·

873 5699 1457 5790 quinquagesimo
1513 5705 1705 5764 sexto
1756 5683 2243 5785 Syrmt’enstk,
2325 5690 2436 5761 cui
2505 5688 2829 5759 interfuit
2933 5686 3166 5772 Idem,
3230 5687 3290 5755 si
3334 5708 3526 5756 nunc
3575 5688 3805 5775 fieret,
3872 5689 4137 5759 multae
4183 5690 4655 5759 dissensiones
4703 5705 4914 5762 recte

870 5800 1284 5891 imperator,
1332 5794 1678 5869 contraria
1698 5793 2024 5868 Nicenae.
2092 5794 2307 5863 Anno
2335 5791 2826 5864 trecentesimo
2929 5790 3084 5857 tolli
3129 5799 3431 5891 possent,
3550 5784 3706 5861 Etsi
3751 5790 3943 5860 enim
3983 5790 4461 5861 vociferantur
4499 5791 4936 5862 adversarii·

867 5898 1291 5987 sexagesimo
1336 5902 1642 5969 secundo
1678 5890 2198 5966 Ariminensi-s.
2298 5895 2513 5964 Anno
2548 5905 2821 5966 trecen·
2925 5886 3156 5961 nostri
3174 5940 3197 5976 ,
3245 5910 3322 5962 se
3361 5882 3740 5967 defendere
3778 5903 4083 5968 vaterem
4123 5912 4579 5966 consensum:
4641 5903 4909 5966 tamen
