6025 6775
495 586 568 665 265
957 586 1116 665 DECL.
1157 589 1231 665 DE
1264 590 1504 686 suppus
1538 584 1664 660 Vll'l'.
1697 586 2051 665 Pfltsosorfl.
2441 596 2517 675 554

494 783 601 853 quam
623 759 888 849 navigationum
911 782 1053 829 suarum
1078 763 1268 832 terminum
1292 787 1356 834 suo
1380 786 1481 832 exor-
1533 757 1764 852 Mycenarum
1788 783 1925 849 regem,
1958 777 1992 833 et
2014 761 2158 833 Nelidas
2179 761 2339 836 Nestoris
2358 781 2518 858 posteros

494 884 596 929 nasse
614 861 779 954 regmine,
805 863 898 953 quod
914 874 1030 930 tamen
1047 864 1273 934 verisimilius
1289 879 1341 934 est
1357 867 1402 933 ab
1417 888 1482 933 an·
1532 861 1641 951 partis
1664 858 1900 931 Messeniacae
1921 866 2105 949 dominos,
2129 880 2206 935 tum
2227 861 2293 937 hus
2314 862 2514 961 Aesculapii

494 962 705 1055 tiquissimis
734 959 859 1030 Baltici
889 962 1020 1032 littoris
1050 966 1178 1034 accolis
1209 964 1398 1035 Germanis
1427 965 1481 1032 illi
1532 975 1676 1050 nepotes
1706 962 1857 1032 deiectos
1886 966 1929 1032 de
1952 966 2090 1054 fastigio
2117 969 2382 1056 gubernationis
2405 984 2438 1040 et
2459 970 2517 1044 di·

497 1066 674 1134 tributum
696 1086 783 1145 esse,
808 1063 909 1148 inde,
934 1068 1029 1155 quod
1055 1067 1162 1137 fuerit
1184 1067 1283 1135 limes
1305 1066 1482 1155 vergentis
1531 1064 1628 1131 tione
1650 1088 1690 1130 ac
1711 1064 1853 1133 sedibus
1876 1080 1998 1135 exutos
2021 1080 2092 1136 tota
2110 1069 2324 1159 pepulerunt
2337 1068 2516 1163 Pelopon-

499 1165 538 1232 in
561 1162 708 1232 Boream
729 1164 849 1253 plagae
873 1166 1011 1238 mundi.
1080 1166 1242 1238 Limitem
1267 1169 1361 1236 enim
1389 1167 1481 1237 Ger·
1530 1186 1626 1236 neso.
1679 1162 1837 1234 Transiit
1862 1165 2067 1237 Tisamenes
2089 1168 2126 1236 in
2152 1165 2342 1251 Achaiam,
2369 1194 2517 1264 eamque
2596 1189 2602 1200 ’

500 1266 595 1335 mani
609 1260 879 1349 vocantThuel,
904 1268 1014 1338 veteri
1028 1266 1209 1340 Senonum
1224 1269 1356 1358 lingua.
1410 1267 1481 1349 Nec
1530 1276 1735 1354 occupatam
1760 1267 1941 1337 comitatui
1958 1292 2021 1338 suo
2037 1270 2236 1349 distribuit,
2265 1273 2400 1342 colonis
2416 1269 2517 1344 loni·

499 1368 598 1433 video
622 1365 659 1430 in
680 1389 785 1457 quem
801 1367 911 1436 alium
928 1393 1031 1438 usum
1046 1370 1232 1442 inusitatae
1247 1395 1287 1440 ac
1300 1371 1481 1462 prodigio·
1531 1368 1597 1435 bus
1620 1366 1747 1456 partim
1771 1369 1896 1452 caesis,
1923 1371 2050 1457 partim
2072 1372 2199 1461 pulsis,
2226 1373 2352 1459 partim
2370 1372 2516 1443 servatis

490 1480 551 1556 'sae
573 1466 790 1551 altitudinis,
816 1466 855 1536 a‘c
877 1470 981 1539 molis
995 1473 1193 1565 pyramides
1210 1473 1316 1541 tantis
1331 1471 1481 1562 sumpti·
1530 1467 1673 1560 quidem
1681 1518 1693 1552 ,
1727 1469 1786 1537 sed
1811 1470 1948 1561 aequali
1970 1472 2149 1542 sortitioni
2173 1474 2348 1543 subiectis.
2414 1471 2514 1543 Neli-

493 1570 560 1637 bus
583 1589 681 1655 reges
696 1564 863 1661 Aegyptii
887 1574 1166 1658 construxerint,
1192 1574 1260 1642 nisi
1283 1587 1324 1643 ut
1345 1598 1384 1643 ex
1408 1574 1480 1641 illis
1531 1573 1597 1637 dae
1611 1564 1770 1640 Athenas
1786 1572 2079 1660 commigrarunt,
2104 1586 2136 1642 et
2153 1574 2281 1662 recepti
2298 1598 2411 1665 aequo
2426 1574 2515 1654 iure,

492 1670 532 1736 in
547 1668 691 1757 regione
705 1670 808 1759 plana
824 1671 983 1763 alioquin
999 1699 1038 1743 ac
1053 1688 1214 1766 patente,
1239 1676 1375 1744 coelum
1391 1698 1481 1767 quo·
1531 1671 1591 1738 sed
1606 1673 1651 1738 ab
1665 1671 1765 1738 omni
1781 1671 1982 1763 principatu
1992 1672 2120 1741 exclusi
2132 1673 2169 1740 in
2180 1675 2249 1742 vita
2258 1676 2393 1764 privata
2402 1672 2515 1746 Paco-

494 1793 566 1862 quo
584 1784 705 1839 versus
723 1772 872 1841 liberius
887 1776 1166 1867 conspiceretur,
1190 1778 1481 1846 etconsiderare-
1531 1771 1696 1839 nidarnm
1728 1786 1764 1841 et
1793 1768 2128 1842 Alcmaeonidarum
2163 1772 2315 1844 familias
2346 1775 2516 1846 condide-

495 1884 555 1940 tur
575 1871 747 1940 artificum
768 1869 951 1964 diligentia
970 1877 1142 1963 exactius,
1166 1901 1381 1969 organorum
1394 1898 1479 1946 con·
1531 1885 1632 1955 nant,
1666 1871 1756 1942 sicut
1778 1873 1959 1966 aliquanto
1981 1888 2063 1944 aute
2085 1872 2205 1943 Aiacis
2227 1877 2356 1963 posteri
2382 1875 2514 1946 ibidem

495 1973 714 2042 venientium
738 1998 815 2065 ope.
867 1974 956 2045 lude
977 1978 1207 2071 Aesculapius
1229 1980 1400 2049 medicam
1423 2000 1480 2046 ar·
1531 1973 1782 2057 consederant,
1813 1997 1833 2042 a
1862 1975 1993 2068 quibus
2019 1973 2150 2045 Cimon
2178 1988 2213 2046 et
2235 1973 2417 2044 Miltiades
2445 1977 2515 2046 orti

403 2108 411 2117 ·
492 2087 565 2143 tem
584 2075 621 2141 in
633 2071 818 2144 Graeciam
833 2078 984 2168 invexit,
1008 2080 1107 2150 cuius
1121 2082 1254 2173 posteri
1268 2081 1382 2150 avitae
1396 2103 1481 2170 pro-
1531 2074 1641 2148 fuere.
1706 2069 1909 2166 Aesculapii
1936 2089 2081 2166 nepotes
2106 2075 2264 2145 contenti
2284 2077 2368 2145 artis
2391 2077 2515 2157 avitae,

492 2175 656 2244 fessionis
678 2180 1049 2273 possessionem'quasi
1065 2206 1128 2272 per
1141 2204 1267 2270 manus
1281 2177 1481 2250 haeredita·
1532 2171 1748 2244 haereditate
1770 2169 1909 2245 scholas
1932 2190 2002 2246 tres
2024 2176 2177 2246 medicas
2193 2192 2407 2269 aperuerunt
2425 2179 2515 2246 cele·

493 2278 547 2346 ria
571 2277 761 2347 traditione
783 2294 976 2368 acceptam,
1001 2285 1230 2353 amaioribus
1246 2283 1481 2364 retinuerunt,
1530 2277 1721 2361 berrimas‚
1746 2277 1786 2344 in
1806 2271 1882 2347 Coo
1906 2301 2033 2360 unam,
2059 2278 2203 2347 alteram
2223 2279 2262 2345 in
2284 2276 2419 2362 Cnido,
2444 2293 2515 2347 ter-

494 2380 763 2449 succedentibus
786 2383 824 2450 in
847 2383 990 2472 vestigia
1015 2396 1202 2474 parentum
1226 2383 1349 2451 liberis
1377 2381 1480 2451 annis
1531 2379 1617 2449 tiam
1633 2379 1682 2455 ‚in
1705 2401 1767 2448 ora
1792 2379 1912 2449 infima
1929 2378 2068 2465 ltaliae,
2100 2402 2205 2471 quam
2232 2376 2418 2450 Graeciam
2441 2402 2515 2448 ma-

496 2480 646 2569 amplius
669 2482 767 2551 mille
790 2485 970 2565 ducentis,
994 2484 1156 2554 instituto
1179 2486 1304 2577 procul
1318 2484 1428 2554 dubio
1444 2495 1480 2554 et
1530 2502 1633 2571 gnam
1648 2494 1831 2553 vocarunt.

496 2581 641 2650 consilio
671 2580 893 2675 Aesculapii,
928 2585 991 2676 qui
1020 2579 1111 2654 hanc
1144 2610 1208 2656 ceu
1240 2585 1479 2679 alligationem
1631 2579 1769 2651 Harum
1793 2583 1894 2652 tertia
1911 2583 2030 2654 minus
2044 2585 2105 2654 diu
2121 2584 2261 2667 floruit,
2286 2577 2444 2656 fortassis
2459 2609 2517 2655 ar·
2646 2652 2648 2656 .

494 2684 690 2754 studiorum
707 2687 751 2754 ad
770 2708 852 2754 suae
867 2684 1022 2756 familiae
1034 2701 1190 2777 posteros
1204 2683 1480 2780 velutinAagy-
1529 2683 1598 2752 mis
1615 2683 1803 2754 crescentis
1816 2682 1972 2756 Romani
1989 2686 2130 2777 imperii
2146 2686 2322 2775 dissipata.
2376 2685 2417 2756 ln
2433 2687 2518 2757 teli-

492 2797 553 2875 pto
579 2787 622 2854 ad
637 2784 794 2873 Collegia
813 2789 1033 2859 sacerdotum
1057 2791 1236 2882 prospexit
1258 2790 1481 2879 profuturam
1531 2783 1611 2874 quis
1631 2786 1786 2869 duabus,
1809 2799 1848 2855 ut
1869 2787 1943 2855 dixi
1959 2788 2111 2879 amplius
2124 2789 2223 2858 mille
2238 2788 2399 2859 ducentis
2413 2788 2517 2858 annis
2639 2830 2645 2836 ·

493 2910 585 2970 esse,
618 2886 853 2957 vindicandae
873 2893 1094 2983 tuendaeque
1115 2890 1261 2982 puritati
1287 2888 1482 2969 doctrinae,
1531 2883 1647 2951 studia
1669 2886 1803 2954 medica
1824 2901 1860 2956 et
1876 2884 2120 2958 mathematica
2140 2893 2347 2979 viguerunt,
2370 2888 2517 2980 posteris

493 3002 527 3055 et
556 2985 717 3055 arcendis
743 3001 848 3081 atque
872 2992 1083 3063 amoliendis
1105 2992 1350 3062 occasionibus
1371 3012 1481 3057 nova-
1531 2980 1731 3072 Aesculapii
1747 3006 1786 3051 ea
1800 2987 2081 3072 gubernantibus
2095 3003 2129 3058 et
2143 2991 2306 3076 religiosa
2322 2991 2390 3056 fide
2404 2989 2518 3057 maio·

494 3111 574 3154 rom
605 3091 894 3178 cormptelarum.
963 3094 1100 3162 Nomen
1130 3090 1332 3183 Aesculapii
1364 3087 1481 3181 Aegy-
1530 3108 1610 3154 rum
1632 3086 1796 3173 dogmata
1821 3097 1855 3152 et
1879 3086 2017 3155 decreta
2035 3088 2215 3156 tuentibus
2231 3112 2271 3156 ac
2286 3087 2517 3157 custodienti-

496 3184 609 3271 ptium
626 3209 768 3272 prorsus
783 3204 854 3274 est,
880 3192 1055 3284 quidquid
1066 3191 1193 3261 Graeci
1207 3193 1482 3261 comminiscan-
1531 3188 1608 3257 bus.
1661 3183 1703 3253 ln
1719 3180 1793 3253 Coo
1815 3197 1938 3252 natum
1954 3182 2206 3275 Hippocratem
2229 3189 2404 3255 decimum
2421 3201 2518 3257 octa-

496 3298 571 3367 tur,
597 3298 632 3355 et
646 3285 702 3353 vel
717 3310 758 3355 ex
773 3287 984 3381 oezKeleph
997 3292 1210 3370 conflatum,
1238 3291 1293 3359 vel
1309 3314 1349 3359 ex
1367 3287 1482 3360 aeaeis
1530 3310 1615 3354 vum
1637 3288 1682 3355 ab
1703 3280 1913 3375 Aesculapio
1935 3286 2103 3356 referunt.
2159 3283 2242 3356 Post
2265 3285 2518 3376 Hippocratem

495 3381 651 3476 Kelepb,
685 3389 814 3458 alludit
842 3394 886 3460 ad
918 3415 977 3477 ea,
1010 3416 1100 3484 quae
1130 3394 1173 3460 de
1198 3416 1301 3483 capra
1327 3404 1362 3459 et
1385 3415 1482 3474 cane,
1532 3410 1622 3476 pene
1644 3388 1790 3494 ultimos
1811 3385 1949 3476 reperio
1969 3385 2202 3477 Praxagoram
2227 3402 2262 3459 et
2282 3383 2519 3472 Aristotelem,

494 3509 646 3576 quorum
672 3487 733 3557 illa
757 3494 931 3577 nutritus,
957 3489 1026 3562 boc
1047 3494 1241 3564 custoditus
1260 3493 1422 3582 fingitur,
1447 3506 1483 3561 et
1532 3488 1570 3556 in
1599 3488 1729 3582 quibus
1760 3488 1914 3556 familiae
1943 3489 2141 3573 desierunt,
2175 3489 2232 3558 vel
2263 3489 2518 3573 deficientibus,

493 3589 538 3653 de
558 3587 700 3657 flamma
721 3615 812 3681 quae
828 3617 868 3661 ex
886 3617 927 3661 eo
943 3594 1089 3662 invento
1107 3594 1261 3683 primum
1277 3618 1317 3663 ac
1334 3617 1481 3682 conspe·
1530 3590 1588 3659 vel
1612 3589 1907 3680 degenerantibus
1927 3590 2095 3680 posteris,
2122 3603 2156 3659 et
2176 3591 2300 3659 alienis
2323 3590 2361 3658 in
2381 3585 2518 3660 scholas

493 3701 548 3757 cto
571 3689 707 3779 erupit,
741 3691 780 3757 in
803 3690 1021 3762 Graecorum
1042 3715 1103 3761 seu
1124 3694 1314 3775 fabulosis,
1340 3716 1402 3763 seu
1424 3690 1481 3765 hi·
1529 3692 1626 3777 illas,
1659 3714 1699 3759 ac
1728 3689 1927 3760 societatem
1954 3691 2153 3761 studiorum
2185 3692 2319 3776 ascitis,
2351 3691 2516 3784 quicum

493 3788 630 3859 storicis
660 3793 839 3862 annotatis
871 3807 1206 3863 commemorantur.
1274 3791 1361 3862 Filii
1389 3797 1479 3864 cele-
1530 3817 1604 3863 uon
1628 3803 1743 3861 essem
1765 3791 1811 3860 ab
1835 3791 1980 3861 ineunte
2002 3806 2112 3864 aetate
2133 3792 2171 3861 in
2194 3789 2251 3862 bis
2272 3792 2410 3863 educati
2430 3791 2519 3862 arti·

492 3892 643 3961 beantur
656 3892 731 3960 eius
746 3895 817 3962 duo
834 3891 1047 3988 Podalyrius
1062 3907 1096 3963 et
1104 3890 1302 3980 Machaon,
1327 3920 1479 3987 quorum
1529 3897 1617 3980 bus,
1641 3917 1708 3963 nec
1730 3892 1906 3985 principia
1925 3892 2026 3965 velut
2048 3917 2127 3964 cum
2150 3895 2240 3965 lacte
2260 3893 2439 3965 nutricum
2458 3915 2518 3964 su-

492 4005 642 4084 uterque
664 3996 884 4086 expeditioni
905 3994 1083 4065 Troianae
1106 3995 1287 4078 interfuit,
1308 3998 1366 4064 sed
1390 3998 1480 4067 alter
1529 3998 1679 4081 sissent,
1703 3994 1897 4064 rectissime
1912 3996 2118 4086 explicatam
2130 3996 2349 4081 doctrinam,
2374 3996 2430 4063 vel
2444 4016 2517 4062 non

491 4091 706 4188 Podalyrius
724 4120 804 4165 cum
822 4094 891 4165 llio
906 4098 1021 4167 deleto
1037 4095 1195 4167 redirent
1213 4092 1365 4184 Graeci,
1391 4112 1480 4167 tem·
1528 4095 1709 4188 assequuti
1740 4095 1883 4165 inventa
1915 4095 2089 4166 maiorum
2117 4097 2259 4168 inscitia
2287 4121 2327 4166 ac
2355 4095 2520 4177 ruditate,

493 4208 624 4285 pestate
639 4194 777 4290 Syron,
802 4222 893 4291 quae
911 4198 950 4266 in
968 4197 1167 4269 continenti
1182 4195 1306 4268 Cariae
1320 4198 1407 4266 urbs
1419 4209 1482 4280 est,
1531 4198 1588 4265 vel
1611 4210 1651 4265 ut
1675 4195 1796 4285 potius
1818 4218 1919 4279 reor,
1952 4209 1987 4264 et
2007 4210 2049 4266 ut
2069 4220 2165 4267 nunc
2183 4199 2241 4284 lit,
2266 4198 2460 4268 ambitione
2478 4217 2520 4264 ac

493 4297 683 4367 incolumis
698 4299 856 4384 delatus,
880 4299 932 4368 ibi
946 4299 1146 4369 consedisse
1161 4301 1324 4369 traditur.
1379 4295 1482 4367 Alter
1530 4297 1670 4366 malicia
1694 4308 1942 4386 sumperunt.
2010 4295 2231 4383 ltalbctum,
2261 4312 2402 4368 utrum
2427 4295 2517 4364 exci-

495 4394 671 4468 lllacbaon
688 4401 726 4469 in
744 4402 857 4489 prelio
874 4402 918 4470 ab
929 4399 1103 4495 Euripylo
1113 4396 1264 4490 Telephi
1279 4401 1354 4469 filio
1369 4400 1481 4468 inter·
1529 4399 1640 4468 disset
1662 4395 1800 4467 cultura
1823 4410 1856 4467 et
1881 4397 2053 4485 professio
2072 4399 2158 4468 artis
2173 4399 2331 4468 medicae
2346 4396 2520 4466 limitibus

491 4501 603 4568 fectus
624 4515 685 4572 est.
734 4499 823 4572 Eius
845 4503 949 4573 liberi
969 4503 1043 4570 nati
1068 4515 1182 4572 matre
1202 4498 1365 4572 Anticlea
1390 4497 1482 4570 Dio-
1528 4500 1685 4570 familiae
1699 4493 1901 4589 Aesculapii
1918 4513 1951 4569 et
1964 4500 2122 4570 cessisset
2138 4498 2284 4584 alienis,
2309 4522 2390 4581 mox
2408 4498 2446 4567 iu
2462 4497 2520 4566 di·

494 4601 556 4670 clis
582 4601 675 4688 filia,
707 4604 769 4696 qari
794 4599 929 4673 Pharas
952 4605 989 4672 in
1013 4601 1229 4673 Messeniaca
1253 4603 1385 4688 tenuit,
1416 4601 1481 4672 Ni·
1530 4623 1648 4671 versas
1671 4601 1745 4668 imo
1768 4600 1963 4695 contrarias
1978 4602 2143 4671 distracta
2159 4601 2367 4691 opiniones,
2390 4623 2430 4668 ac
2446 4597 2519 4668 dis-

493 4698 697 4788 comacbus,
723 4703 921 4795 Gorgasus,
947 4701 1144 4794 Alexauor,
1170 4700 1351 4799 Sphynrs‚
1378 4704 1480 4797 potiti
1530 4703 1695 4773 censione
1718 4715 1752 4771 et
1772 4702 2005 4793 discrepantia
2026 4703 2229 4772 docentium
2250 4703 2355 4771 foede
2368 4700 2519 4770 lacerata

495 4805 596 4872 avitis
631 4807 890 4897 principatibus
927 4808 966 4876 in
999 4804 1232 4891 Messeniaca,
1282 4803 1480 4896 Epidauria
1530 4828 1621 4897 pene
1649 4803 1853 4876 conciderit.
1918 4798 2053 4896 llstque
2083 4803 2229 4873 incertis
2259 4803 2383 4875 iactata
2413 4813 2519 4893 atque

497 4900 716 4997 Aesculapii,
746 4904 919 4978 Pbarensi
943 4905 1095 4993 Dioclis,
1126 4921 1236 4977 artem
1267 4909 1306 4976 in
1331 4906 1480 4977 Graecia
1531 4908 1658 4997 agitata
1675 4905 1866 4997 dubiisque
1880 4906 2064 4975 sententiis
2077 4928 2134 4975 ars
2147 4904 2368 4974 nobilissima
2383 4905 2429 4973 ad
2443 4899 2519 4972 Ga·

499 5002 627 5094 avitam
656 5022 691 5077 et
714 5010 874 5080 docendo
901 5026 937 5083 ct
960 5010 1169 5079 medicando
1194 5011 1398 5079 factitarunt
1421 5032 1481 5077 us-
1530 5010 1651 5078 lenum
1672 5028 1785 5099 nsque
1805 5007 1867 5098 qui
1890 5006 2054 5077 discussis
2078 5031 2118 5075 ac
2132 5006 2291 5077 refutatis
2306 5005 2520 5074 deliramen-

494 5120 566 5197 que
589 5108 632 5175 ad
658 5110 809 5181 reditum
832 5109 1101 5183 Heraclidarum
1123 5112 1162 5179 in
1184 5108 1481 5202 Peloponnesum.
1530 5111 1576 5179 tis
1597 5110 1716 5200 inepte
1738 5107 2010 5189 medicanlium,
2041 5106 2312 5200 Hippocraticae
2335 5104 2518 5178 doctrinae

493 5205 707 5278 Heraclidae
747 5214 839 5280 enim
879 5215 1030 5305 repetito
1070 5225 1104 5282 et
1141 5226 1346 5303 recrrpecato
1385 5211 1479 5280 avito
1530 5211 1685 5281 nativam
1718 5208 1832 5277 ideam
1862 5233 1903 5278 ex
1931 5205 2031 5278 tricis
2059 5232 2278 5300 aspersarum
2311 5223 2345 5280 et
2368 5208 2520 5278 circum-

494 5333 625 5398 regno,
668 5335 711 5380 ex
742 5336 812 5404 quo
840 5317 979 5388 fuerant
1010 5317 1055 5386 ab
1085 5309 1286 5407 Eurystheo
1316 5315 1482 5405 primum,
1528 5314 1686 5381 fusarum
1702 5309 1913 5401 opinionum
1931 5310 2107 5379 evolutam
2125 5324 2231 5403 atque
2248 5311 2444 5400 expeditam
2462 5328 2520 5373 re-

493 5413 686 5489 ettdeinde
716 5408 784 5484 boc
813 5415 857 5483 ab
883 5413 979 5488 lolao
1008 5419 1048 5486 in
1073 5413 1189 5486 Attica
1213 5418 1405 5499 trucidato,
1436 5415 1481 5483 ab
1530 5414 1656 5484 stituit.
1706 5412 1776 5486 Sed
1799 5413 1842 5479 ad
1860 5406 2060 5506 Aegyptum
2084 5429 2263 5499 revertor,
2287 5413 2326 5481 in
2341 5405 2519 5504 quaanti·
2607 5490 2610 5496 Ι

492 5511 631 5585 Atridis
664 5529 703 5586 ut
732 5516 982 5588 invadentibus
1012 5544 1052 5589 ac
1082 5518 1301 5610 rapientibus
1333 5540 1479 5609 regnum
1530 5517 1650 5608 quitus
1674 5513 1937 5603 angustioribus
1957 5513 2135 5584 inclusum
2161 5515 2333 5583 limitibus
2357 5506 2442 5578 solis
2463 5530 2519 5577 sa-

494 5612 709 5704 Argivorum
739 5619 893 5705 excussi,
927 5645 1006 5707 com
1037 5619 1125 5689 alios
1147 5619 1387 5711 Peloponnesi
1414 5620 1481 5686 do-
1530 5622 1712 5689 cerdotum
1734 5616 1880 5686 familiis
1898 5630 1932 5687 et
1944 5616 2103 5704 collegiis
2120 5613 2346 5683 incumbebat
2361 5609 2521 5680 studium

494 5720 628 5806 minos,
662 5736 701 5792 ut
723 5719 948 5793 Tisamenem
972 5719 1110 5794 Orestis
1140 5721 1253 5791 lilium
1277 5723 1423 5817 Spartae
1445 5733 1479 5790 et
1529 5745 1647 5796 rerum
1664 5724 1838 5793 bonarum
1855 5717 2200 5808 acdisciplinamm,
