6025 6775
494 788 563 860 131
1181 771 1339 851 nucu
1379 773 1454 851 na
1485 776 1795 859 contuoro.
2429 794 2504 871 1³2

494 959 662 1028 virtutem
677 949 931 1024 invitarentur.'
970 947 1057 1017 Vult
1073 945 1168 1014 enim
1184 944 1474 1039 Deusexgenere
1524 955 1595 1041 dis,
1620 953 1746 1025 excidii
1762 953 2059 1049 ierosolymorum
2075 969 2140 1029 etc.
2193 953 2248 1028 Ac
2265 960 2359 1051 apud
2373 955 2506 1033 Ethni·

494 1056 652 1129 humano
679 1077 861 1146 excerpere
887 1048 1096 1131 Ecclesiam,
1127 1047 1185 1122 cui
1205 1071 1305 1117 suam
1334 1051 1474 1141 sapien·
1524 1080 1583 1125 cos
1602 1056 1758 1147 exempla
1780 1058 1891 1128 multo
1913 1057 2056 1126 tetriora
2070 1070 2163 1128 sunt.
2216 1057 2290 1129 Nec
2307 1062 2402 1130 ullus
2418 1065 2506 1134 adeo

387 1247 393 1254 ί
495 1162 582 1231 tiam
605 1171 640 1228 et
656 1158 850 1228 bonitatem
873 1149 1023 1217 inomni
1046 1150 1251 1219 aeternitate
1272 1151 1474 1219 cummuni·
1523 1157 1657 1226 ferreus
1673 1170 1735 1236 est,
1762 1157 1824 1250 qui
1838 1158 1895 1226 vel
1908 1158 2118 1247 cogitatione
2135 1159 2332 1249 complecti,
2356 1162 2414 1230 vel
2427 1186 2508 1231 ver-

496 1274 571 1344 cet,
604 1274 639 1330 et
662 1283 682 1327 a
703 1279 770 1349 qua
795 1250 947 1320 vicissim
977 1262 1185 1338 agnoscatur
1203 1262 1241 1326 ,et
1265 1250 1474 1326 celebretur.
1524 1258 1579 1327 bis
1603 1258 1777 1348 explicare
1799 1258 1876 1328 sine
1891 1280 2018 1348 magno
2042 1260 2164 1329 labore
2188 1260 2315 1348 possit,
2341 1254 2508 1336 historias

495 1358 600 1429 Hanc
617 1359 749 1445 colligit
764 1375 847 1421 voce
864 1351 962 1419 verbi
978 1352 1044 1435 sui,
1070 1353 1163 1443 quod
1182 1352 1221 1417 in
1244 1350 1408 1420 societate
1434 1374 1474 1420 ac
1525 1359 1717 1428 eversionis
1749 1382 1939 1449 regnorum
1971 1373 2006 1430 et
2037 1360 2232 1448 ingentium
2266 1360 2507 1432 calamitatum

495 1460 691 1552 frequentia
715 1454 833 1544 aliqua
848 1451 926 1521 vult
947 1475 1088 1535 sonare,
1113 1452 1193 1520 ideo
1216 1451 1331 1522 sanxit
1350 1451 1476 1521 coniu·
1525 1460 1765 1552 publicarum,
1804 1461 1933 1553 quibus
1961 1460 2180 1529 occasionem
2207 1460 2373 1530 libidines
2402 1485 2506 1550 prae-

497 1562 614 1650 gium‚
645 1569 685 1626 ut
706 1556 858 1623 duarum
881 1575 1109 1643 personarum
1133 1554 1277 1622 societas
1297 1566 1403 1638 esset,
1434 1565 1475 1623 ut
1524 1560 1691 1632 buerunt.
1739 1559 1871 1632 Totum
1889 1583 2037 1650 regnum
2054 1559 2260 1640 Troianum
2269 1575 2411 1653 propter
2427 1563 2506 1633 vio-

495 1656 565 1731 hoc
586 1657 691 1725 modo
724 1678 835 1745 genus
864 1649 1060 1724 humanum
1091 1667 1409 1744 coagmentaretur,
1441 1665 1476 1721 et
1525 1661 1635 1729 latum
1660 1685 1679 1730 a
1703 1659 1830 1730 Paride
1854 1659 2011 1730 Menelai
2030 1656 2174 1733 thorum
2190 1676 2225 1733 et
2245 1676 2378 1754 raptam
2396 1660 2505 1732 Hele-

497 1771 741 1831 conrervaium
759 1769 1029 1846 pr⁰p³g³rel¹1r2
1062 1757 1100 1824 in
1118 1780 1188 1848 quo
1210 1777 1348 1845 semper
1362 1765 1475 1823 essent
1525 1785 1608 1830 nam
1625 1761 1776 1832 deletum
1792 1775 1853 1831 est.
1887 1760 2134 1850 Romaereges
2150 1764 2286 1855 expulsi
2301 1774 2395 1846 sunt,
2419 1788 2506 1855 pro·

497 1860 610 1953 aliqui
626 1872 718 1928 recte
732 1871 958 1946 agnoscentes
974 1871 1008 1927 et
1022 1859 1175 1926 colentes
1191 1855 1316 1938 Deum,
1338 1855 1399 1949 qui
1414 1878 1476 1922 ve·
1525 1875 1603 1954 pter
1616 1861 1652 1930 vi
1668 1885 1901 1954 compressam
1916 1860 2293 1936 LucretiamCollatiui
2307 1863 2506 1954 coniugem.

494 1984 572 2032 ram
587 1958 655 2030 Dei
675 1958 842 2028 noticiam
868 1983 908 2050 ac
936 1959 1194 2027 invocationem
1210 1955 1315 2025 latius
1334 1978 1476 2048 sparge-
1525 1961 1649 2032 Postea
1671 1962 1962 2033 Decemvirorum
1990 1977 2142 2053 potestas
2167 1965 2304 2035 sublata
2328 1979 2396 2049 ast,
2422 1989 2506 2055 pro.

497 2076 595 2146 rent,
620 2062 715 2129 acad
733 2060 968 2149 posteritatem
985 2058 1273 2127 transmitterent.
1526 2077 1603 2154 pter
1618 2077 1785 2135 tentatam
1801 2066 1845 2134 ab
1860 2059 1979 2157 Appio
1992 2064 2198 2155 pudicitiam
2212 2066 2304 2135 filiae
2317 2063 2485 2154 Virginii.

597 2159 679 2231 Non
692 2159 929 2229 existimemus
940 2159 1131 2249 voluptatis
1144 2172 1296 2241 tantum,
1310 2169 1370 2225 aut
1383 2153 1476 2223 vitae
1628 2163 1755 2235 Totius
1780 2166 1881 2254 regni
1907 2164 2073 2257 spartani
2101 2166 2195 2234 viras
2226 2167 2264 2234 in
2299 2166 2435 2256 praelio
2459 2167 2505 2237 gd

461 2334 463 2338 a
496 2262 716 2335 commodius
739 2259 983 2349 transigendae
1005 2283 1106 2329 causa
1129 2254 1221 2330 hanc
1243 2255 1476 2327 consociatio·
1525 2265 1675 2336 Leuctra
1695 2265 1945 2352 conciderunt,
1979 2261 2074 2335 haud
2098 2266 2206 2336 dubie
2226 2267 2274 2336 oh
2295 2267 2505 2355 flagitiosam

497 2388 579 2436 nem
601 2362 707 2431 maris
730 2374 765 2430 ei
785 2361 959 2430 foeminae
980 2361 1177 2430 insiliuiam
1199 2383 1290 2444 esse,
1314 2360 1375 2427 sed
1395 2355 1475 2425 ideo
1525 2368 1732 2447 libidinem,
1758 2389 1862 2458 quam
1885 2390 1925 2437 ρο
1947 2368 1986 2436 in
2011 2367 2089 2436 1000
2105 2367 2210 2459 paulo
2235 2380 2316 2436 ante
2338 2366 2506 2457 Spartani

499 2464 634 2536 conditi
646 2475 729 2533 sunt
742 2458 915 2545 homines,
941 2476 980 2531 ut
996 2459 1110 2531 Deum
1128 2471 1317 2549 agnoscant
1333 2471 1368 2528 et
1384 2459 1475 2527 cele-
1525 2470 1672 2559 impune
1702 2480 1935 2540 exercuerant,
1999 2464 2090 2537 Cum
2123 2468 2219 2537 enim
2251 2469 2323 2536 duo
2357 2465 2505 2537 Nobiles

497 2569 620 2649 brent,
641 2578 675 2634 et
692 2575 784 2634 certa
801 2564 877 2653 lege
889 2588 929 2632 ae
945 2563 1069 2631 ordine
1085 2564 1123 2630 in
1139 2562 1301 2650 coniugio
1318 2559 1475 2649 legitimo
1525 2568 1691 2661 spartani
1701 2622 1711 2652 ,
1737 2591 1801 2659 per
1816 2569 1986 2658 oppidum
1998 2564 2148 2639 Leuctra
2169 2570 2237 2639 iter
2257 2567 2440 2653 facientes,
2465 2567 2504 2636 in

498 2667 621 2738 liberis
642 2665 848 2756 procreatis,
881 2688 954 2732 non
975 2666 1082 2734 vitam
1108 2663 1222 2732 solum
1250 2677 1284 2732 et
1305 2660 1476 2752 patrimo·
1525 2673 1628 2739 aedes
1658 2669 1839 2738 cuiusdam
1872 2664 2013 2738 honesti
2037 2668 2124 2736 civis
2143 2668 2305 2753 scedasi,
2334 2668 2396 2759 qui
2426 2681 2503 2737 turn

498 2769 612 2851 nium,
638 2769 696 2835 sed
715 2766 898 2855 praecipue
912 2788 1028 2834 veram
1046 2768 1090 2833 de
1104 2762 1179 2833 Deo
1194 2763 1391 2833 doctrinam
1407 2763 1476 2829 im·
1524 2773 1615 2841 forte
1637 2772 1742 2839 domo
1767 2770 1904 2854 aberat,
1929 2768 2173 2853 divertissent,
2197 2782 2231 2839 et
2252 2768 2504 2838 amatrelami-

497 2868 671 2960 perfiant,
694 2880 728 2935 el
744 2867 786 2935 td
803 2890 920 2935 veram
938 2866 1153 2954 agnitionem
1170 2860 1314 2948 Chrisli
1340 2865 1383 2931 ad
1399 2862 1476 2931 cul·
1525 2873 1603 2957 lias,
1624 2895 1714 2964 quae
1730 2872 1873 2938 domum
1888 2882 1922 2938 et
1936 2871 2023 2938 duas
2036 2869 2126 2938 filias
2138 2868 2367 2953 custodiebat,
2382 2883 2504 2937 aman-

496 2984 573 3041 ium
590 2967 772 3053 divinum,
797 2969 841 3037 ad
857 2962 1023 3036 h⁰¹¹⁰³l⁰⁵
1038 2989 1169 3048 ῐῐὶθῐθδ,
1193 2967 1238 3033 ad
1259 2966 1370 3034 b0n³⁸
1385 2976 1476 3033 “10⁸
1525 2986 1578 3043 ter
1608 2972 1741 3060 excepti
1773 2983 1907 3059 essent,
1938 2970 2094 3039 furentes
2123 2968 2272 3038 immani
2297 2969 2446 3037 libidine
2469 2982 2503 3040 et

497 3092 557 3141 eos
570 3069 773 3154 instituant,
797 3081 837 3138 ut
851 3064 1028 3137 Ecclesiae
1041 3064 1127 3151 Dei,
1152 3064 1475 3156 Reipublicaepri-
1525 3072 1740 3168 petulantia,
1782 3073 1870 3139 duas
1902 3066 2060 3161 hospitae
2096 3070 2187 3140 filias
2218 3070 2255 3139 vi
2287 3083 2506 3160 stuprarunt,

497 3184 598 3244 vatae
620 3170 709 3242 vitae
736 3192 798 3240 sua
824 3171 973 3263 pietate,
1005 3168 1172 3250 consilio,
1206 3188 1311 3257 opera
1340 3166 1476 3235 utiliter
1524 3196 1651 3266 sasque
1673 3195 1753 3241 com
1776 3194 1813 3239 se
1833 3171 1916 3241 casti
1936 3169 2083 3261 pudoris
2098 3172 2205 3240 daem
2224 3171 2269 3240 ab
2291 3170 2377 3259 ipsis
2392 3170 2507 3240 viola.

496 3270 634 3369 possint
645 3274 823 3364 prodesse.
1524 3290 1599 3346 tum
1616 3296 1698 3343 suae
1716 3286 1750 3343 et
1765 3271 1922 3362 ipsorum
1936 3273 2027 3341 vitae
2048 3271 2264 3342 antelaturas
2279 3270 2506 3351 affirmarent,

598 3372 815 3446 Gravissima
844 3373 882 3442 in
911 3368 1003 3442 banc
1026 3370 1235 3443 sententiam
1261 3369 1362 3441 Plato
1390 3393 1476 3461 pro-
1525 3376 1563 3446 in
1582 3389 1725 3467 puteum
1743 3374 1996 3443 demerserunt.
2047 3369 2127 3444 Hoc
2149 3372 2279 3444 scelere
2305 3384 2504 3463 perpetrato

455 3469 642 3550 ‘nunciat
662 3476 754 3543 libro
768 3471 803 3546 6.
813 3475 863 3542 'de
878 3473 1014 3562 legibus
1030 3473 1068 3540 in
1085 3473 1262 3540 aerumnis
1281 3472 1474 3560 coniugali·
1524 3477 1686 3568 Spartam
1703 3476 1863 3546 redeunt.
1913 3472 2023 3547 Redit
2036 3476 2182 3547 domum
2197 3472 2378 3552 Scedasut,
2404 3471 2505 3541 inve-

496 3582 576 3662 bu's,
598 3571 1474 3666 bancpraecipuamconsolationemomnibuscon·
1524 3580 1576 3648 vit
1598 3600 1742 3648 uxorem
1764 3586 1955 3658 moestam,
1978 3598 2068 3667 quae
2090 3597 2239 3643 narrans
2255 3575 2287 3643 ei
2301 3572 2456 3644 filiarum
2470 3585 2508 3644 et

499 3680 641 3767 iugibus
650 3676 776 3745 debere
791 3673 828 3742 in
844 3687 1032 3763 conspectu
1046 3695 1130 3744 esse.
1157 3672 1263 3762 Quod
1281 3672 1361 3740 ideo
1371 3685 1474 3741 uten-
1524 3681 1651 3749 domus
1663 3699 1746 3746 suae
1760 3673 2010 3757 calamitatem,
2036 3683 2070 3740 et
2084 3674 2129 3740 ad
2144 3683 2303 3762 puteum,
2328 3674 2393 3743 ubi
2412 3672 2506 3743 filiae

499 3783 585 3850 dum
606 3779 650 3846 sit
671 3774 855 3864 coniugio,
878 3789 919 3845 ut
933 3772 1011 3844 Deo
1031 3775 1092 3844 alii
1107 3773 1258 3843 cultores
1273 3787 1307 3843 et
1321 3772 1473 3843 ministri
1524 3783 1701 3850 demersae
1733 3788 1851 3858 erant,
1893 3773 2139 3864 progrediens,
2180 3771 2254 3862 ipsa
2289 3792 2327 3838 se
2361 3794 2503 3863 quoque

497 3894 620 3950 nostro
635 3879 712 3948 loco
727 3877 1001 3962 substituantur,
1023 3890 1057 3946 et
1071 3876 1141 3945 vita
1158 3889 1325 3968 tanquam
1340 3875 1474 3965 lampas
1523 3885 1646 3951 eodem
1661 3875 1914 3970 praecipitavit.
1956 3872 2127 3945 Scedasus
2140 3886 2237 3944 tanta
2252 3869 2393 3941 sceleris
2405 3883 2503 3941 atro·

497 3982 658 4052 tradatur
687 3979 851 4069 posteris,
875 3991 918 4047 ut
940 4001 1078 4068 semper
1098 3976 1217 4047 colant
1238 3979 1353 4051 Deum
1379 3976 1473 4046 iuxta
1523 3984 1626 4053 citate
1648 3994 1681 4050 et
1705 3978 1838 4067 tragico
1860 3999 2005 4046 suorum
2023 3998 2104 4045 casu
2123 3974 2317 4066 impulsus,
2340 3974 2503 4064 Spartam

497 4085 600 4171 leges.
641 4078 737 4167 Quid
755 4102 883 4171 quaeso
898 4079 1095 4168 religiosius
1109 4091 1143 4147 et
1160 4076 1313 4148 sanctius
1330 4079 1375 4147 de
1388 4103 1474 4149 cou-
1523 4082 1772 4177 proficiscitur,
1787 4101 1929 4170 poenas
1943 4099 1963 4145 a
1978 4076 2154 4146 sceleratis
2169 4088 2362 4149 exacturus.
2393 4071 2502 4164 Spar-

496 4184 595 4273 iugiu
610 4182 681 4252 diti
696 4181 739 4250 ab
754 4176 897 4250 homine
917 4176 1056 4251 ethnico
1079 4179 1219 4271 poluit?
1327 4221 1330 4226 ·
1522 4201 1578 4257 tae
1593 4196 1707 4255 autem
1722 4194 1807 4251 tunc
1822 4191 1919 4248 tanta
1937 4178 2107 4248 scelerum
2131 4176 2322 4269 impunitas
2344 4186 2436 4258 erat,
2462 4185 2504 4245 ut

599 4283 706 4373 Quod
729 4282 759 4351 si
778 4297 903 4352 natura
924 4279 1110 4352 hominum
1128 4281 1311 4353 mansisset
1327 4283 1474 4372 integra,
1523 4294 1795 4380 conquerentem
1822 4277 2012 4351 Scedasum
2036 4280 2081 4348 de
2112 4278 2258 4346 immani
2288 4275 2501 4346 contumelia

496 4402 635 4459 tantum
659 4386 703 4455 ad
727 4385 955 4456 necessariam
980 4382 1260 4473 generationem,
1293 4397 1328 4454 et
1346 4384 1473 4475 ampli·
1522 4388 1587 4458 toti
1604 4405 1687 4456 suae
1702 4382 1824 4451 domui
1843 4380 1940 4449 illata
1955 4374 2095 4471 Ephori
2114 4379 2327 4451 deriderent.
2376 4372 2503 4468 Aliqui

497 4490 673 4557 beandum
686 4511 875 4571 numerum
886 4481 1072 4568 Ecclesiae,
1086 4495 1120 4552 et
1132 4482 1307 4552 cultorum
1315 4481 1396 4568 Dei,
1406 4479 1473 4554 ho·
1523 4489 1628 4559 etiam
1650 4509 1691 4554 ex
1717 4482 1874 4571 cognatis
1887 4478 2073 4552 Nobilium
2087 4480 2319 4572 egredientem
2339 4500 2401 4569 per
2417 4478 2503 4547 sub·

496 4589 610 4656 mines
626 4589 801 4674 coniugali
819 4586 1072 4657 consuetudine
1093 4583 1147 4654 usi
1161 4582 1318 4656 fuissent.
1369 4583 1473 4656 Nunc
1522 4589 1666 4662 urbium
1691 4584 1779 4673 lotio
1807 4583 2072 4673 perfunderent.
2132 4577 2242 4652 Redit
2262 4578 2370 4667 igitur
2395 4578 2503 4648 miser

497 4711 581 4757 vero
603 4686 707 4754 etiam
725 4688 918 4756 remedium
934 4701 986 4758 est
1008 4688 1174 4755 adversus
1191 4682 1353 4753 incendia
1368 4708 1473 4774 vaga·
1522 4690 1711 4770 scedasus,
1741 4698 1775 4754 et
1791 4706 1877 4777 quas
1895 4706 1992 4754 asuo
2007 4682 2213 4771 magistratu
2225 4680 2502 4751 libidinosorum

497 4813 576 4858 rum
601 4785 810 4868 libidinum,
835 4812 923 4879 quae
940 4782 1162 4855 horribiliter
1184 4782 1369 4874 displicent
1384 4784 1472 4867 Deo,
1521 4811 1654 4885 poenas
1678 4787 1810 4875 frustra
1839 4795 2016 4874 exegerat,
2054 4781 2176 4853 aDeo
2204 4781 2369 4874 exposcit.
2428 4777 2503 4868 Qui

496 4904 530 4960 et
547 4885 740 4957 horrendas
757 4908 886 4973 poenas
900 4885 1057 4977 publicas
1072 4896 1107 4953 et
1121 4883 1285 4977 privatas,
1308 4908 1472 4976 praesen·
1520 4893 1627 4986 paulo
1650 4899 1730 4980 post
1752 4880 1930 4956 horrendo
1952 4882 2126 4976 supplicio
2147 4895 2259 4954 totum
2276 4880 2422 4974 Spartae
2442 4904 2504 4950 re·

373 5017 376 5021 ’
495 5004 547 5061 tes
573 5004 608 5060 et
642 4999 800 5057 aeternas
826 4997 1016 5058 accersunt.
1076 4982 1200 5058 Manet
1226 4987 1321 5055 enim
1351 4988 1472 5075 regula
1520 5016 1629 5085 gnum
1646 4987 1785 5072 obruit,
1809 4984 1972 5059 victisab
1988 4980 2237 5073 Epaminonda
2254 4978 2504 5053 duceTheba-

495 5105 635 5161 aeterna
649 5100 683 5158 et
699 5089 860 5160 immota:
887 5086 1103 5159 Scortatores
1120 5104 1154 5162 et
1174 5088 1353 5160 adulteros
1368 5088 1486 5180 punit·
1521 5120 1568 5166 no
1583 5087 1884 5173 Lacedaemoniis,
1897 5088 1942 5158 ad
1954 5082 2104 5156 Leuctra
2119 5106 2160 5154 eo
2177 5086 2252 5175 ipso
2268 5085 2308 5152 in
2324 5084 2416 5169 loco,
2439 5083 2501 5176 qui

380 5209 383 5213 “
493 5189 602 5264 Deus.
638 5184 687 5260 Et
702 5191 856 5281 exempla
871 5191 911 5260 in
927 5189 1136 5285 quotidiana
1149 5190 1233 5272 vita,
1259 5203 1293 5261 et
1309 5191 1471 5261 omnium
1519 5194 1654 5266 nefaria
1675 5189 1931 5261 Laconicorum
1960 5185 2138 5257 nobilium
2165 5184 2318 5256 libidine
2345 5185 2499 5278 pollutus

493 5307 693 5387 temporum
718 5284 875 5359 historiis
897 5293 1106 5375 ostendunt,
1137 5291 1252 5361 Deum
1282 5291 1413 5364 iustum
1437 5304 1472 5363 et
1520 5310 1605 5371 erat.
1628 5292 1788 5364 Fuerunt
1803 5305 1973 5361 autemeo
1989 5286 2136 5378 praelio,
2149 5288 2246 5380 quod
2259 5309 2355 5358 anno
2368 5276 2498 5374 abhinc

493 5409 625 5466 castum
652 5390 867 5482 gravissimis
897 5394 1021 5481 poenis
1049 5393 1200 5462 obruere
1232 5415 1353 5460 omnes
1383 5417 1471 5464 con·
1522 5396 1630 5468 1951.
1644 5394 1770 5487 quinto
1787 5392 1847 5460 die
1861 5388 1956 5461 lunii
1974 5387 2201 5458 commissum
2219 5400 2289 5471 est,
2304 5384 2498 5473 Spartano·

491 5497 679 5569 taminatus
694 5490 790 5582 vagis
805 5490 1036 5574 libidinibus,
1062 5491 1135 5559 sive
1154 5503 1250 5560 extra
1265 5494 1470 5583 coniugium
1518 5523 1598 5568 rum
1613 5496 1706 5564 vires
1719 5493 1768 5563 ita
1783 5493 1828 5562 ab
1835 5489 2083 5584 Epaminonda
2098 5488 2232 5559 accisae
2243 5498 2277 5556 et
2289 5480 2440 5565 attritae,
2456 5495 2497 5551 ut

491 5618 527 5667 se
542 5600 719 5688 polluant,
745 5593 820 5661 sive
835 5593 959 5662 foedus
974 5590 1130 5679 coniugii
1144 5605 1322 5679 rumpant.
1517 5619 1700 5690 nonquam
1718 5594 1870 5685 amplius
1886 5589 2005 5682 colligi
2022 5603 2057 5661 et
2072 5585 2261 5660 instaurari
2272 5581 2465 5674 potuerint,

591 5698 703 5771 Notae
725 5705 809 5765 sunt
833 5680 1000 5763 historiae
1029 5714 1165 5776 sacrae,
1195 5690 1344 5777 diluvii,
1369 5716 1468 5764 ever·
1615 5693 1748 5785 Estque
1765 5693 1960 5784 praeclara,
1984 5704 2074 5762 etex
2089 5690 2216 5761 intimo
2230 5703 2336 5754 sensu
2349 5697 2498 5753 naturae

489 5797 600 5867 sionis
614 5799 868 5880 Sodomorum,
894 5792 1024 5865 civium
1043 5787 1184 5864 Sichem
1201 5791 1468 5879 trucidatorum,
1516 5796 1672 5890 optimae
1692 5793 1827 5884 prolata
1846 5788 2117 5885 Epaminondae
2137 5809 2223 5869 vox,
2257 5805 2365 5878 quam
2394 5795 2498 5876 parta

489 5899 624 5969 deletae
646 5899 759 5970 tribus
778 5894 987 5982 Beniamin,
1012 5893 1119 5968 totius
1141 5893 1340 5986 tragoediae
1357 5889 1468 5966 Davi-
1514 5898 1662 5974 victoria
1680 5892 1811 5979 edidit,
1842 5916 1933 5989 quae
1957 5893 2025 5965 etsi
2052 5891 2098 5963 ad
2124 5886 2329 5962 institutum
2350 5883 2496 5980 proprie
