6025 6775
590 534 664 609 ⁶99
1359 512 1842 642 mseunamouus
2518 449 2617 601 roo

592 697 896 783 iurisdietionem,
922 696 1013 766 sicut
1034 690 1219 761 artificium
1241 689 1386 761 texendi
1407 686 1449 758 in
1463 685 1576 759 Paulo
1729 688 1889 761 Fortuna
1904 700 1938 759 et
1952 709 2051 758 casus
2065 700 2151 760 sunt
2163 712 2305 763 caussae
2317 692 2537 792 propinquae
2550 721 2617 789 per

589 829 667 877 ¹¹⁰¹
683 801 864 896 9⁰8¹¹¹b¹¹
878 820 957 868 ‘¹¹¹¹'
973 788 1197 883 AP⁰¹¹⁰¹¹¹¹10
1629 790 1801 862 sccidens.
1854 787 1927 859 Nec
1946 802 1997 859 est
2010 792 2247 880 repugnantia
2262 791 2318 885 ¹),
2344 795 2456 867 eidem
2470 799 2616 869 eventui

692 899 742 975 Et
764 924 842 972 cum
862 895 966 967 faciet
985 890 1155 985 Episcopi
1176 888 1311 982 officia,
1336 888 1471 959 scilicet
1494 910 1577 957 cum
1629 892 1786 963 tribuere
1801 912 1940 961 caussas
1954 890 2221 982 providentiam
2237 907 2273 965 et
2285 895 2476 971 fortunam.
2530 899 2542 920 ⁶

586 1011 651 1104 -pie
681 1002 821 1074 docebit
848 994 1041 1089 populum,
1072 990 1141 1062 erit
1161 1013 1243 1062 vere
1264 1003 1300 1062 et
1321 985 1521 1082 Episcopus
1543 999 1578 1058 et
1729 992 1834 1064 Luna
1849 991 1983 1060 vicenis
1997 991 2125 1061 diebus
2137 995 2364 1089 septenisque
2379 1010 2414 1066 et
2429 998 2530 1067 tertia
2542 998 2616 1067 diei

591 1108 773 1194 Princeps·
1629 1104 1729 1184 parte
1748 1092 1885 1186 peragit
1904 1114 2047 1161 cursum
2069 1113 2191 1179 suum,
2216 1107 2254 1166 et
2270 1109 2391 1168 tamen
2407 1118 2429 1168 a
2444 1098 2617 1168 tricesima

473 1249 484 1262 .
692 1199 748 1273 Ao
763 1195 931 1288 Episcopi
956 1208 988 1265 ct
1007 1189 1204 1285 presbyteri
1225 1155 1311 1261 sunt
1323 1187 1579 1262 usufructuarii
1630 1193 1727 1279 luce,
1758 1207 1798 1265 ut
1822 1193 1941 1286 inquit
1962 1190 2122 1279 Plinius,
2145 1216 2269 1266 cursus
2290 1199 2338 1268 ad
2363 1198 2507 1268 easdem
2526 1198 2616 1268 vices

466 1294 470 1302 ⁸
591 1310 633 1380 in
652 1301 731 1389 his,
761 1321 851 1393 quae
871 1298 917 1367 ab
938 1291 1097 1367 Ecclesia
1116 1290 1313 1383 accipiunt,
1344 1316 1419 1362 uon
1439 1303 1579 1362 tautum
1631 1294 1713 1369 exit,
2424 1297 2429 1310 ι

592 1404 742 1481 usuarii.
1733 1392 1892 1464 Tametsi
1914 1394 2000 1463 luna
2021 1392 2215 1485 aequaliter
2227 1363 2450 1469 moretuciu
2466 1397 2619 1470 suocir-

605 1579 609 1586 ,
698 1499 807 1592 Quod
826 1509 941 1571 textus
955 1492 1057 1567 dicit:
1081 1490 1197 1584 Reges
1212 1489 1372 1582 gentium
1388 1490 1580 1560 dominun·
1631 1495 1731 1580 culo,
1755 1508 1872 1566 tamen
1895 1493 2129 1586 inaequaliter
2151 1496 2279 1567 acoitu
2293 1497 2528 1590 conspicitur,
2550 1499 2621 1570 ali·

594 1626 655 1683 ωε
674 1627 817 1686 eorum,
840 1622 906 1670 vos
925 1610 1043 1668 autern
1059 1617 1134 1664 non
1150 1594 1220 1674 sie,
1244 1591 1329 1662 facit
1344 1590 1579 1661 contraaliud
1632 1596 1776 1688 quando
1798 1596 1894 1664 enim
1916 1593 2110 1664 novissima
2128 1607 2163 1666 et
2179 1596 2293 1687 prima
2307 1600 2429 1668 eodem
2446 1599 2524 1685 die,
2547 1600 2619 1670 sli-

596 1729 707 1802 genus
738 1700 1018 1795 Episcoporum,
1053 1696 1150 1789 qnod
1182 1705 1365 1787 praetextu
1392 1687 1581 1781 Evangelii
1632 1696 1776 1789 quando
1809 1696 1943 1779 altero,
1979 1694 2174 1788 aliquando
2204 1719 2308 1790 ,vero
2326 1698 2428 1769 tectio
2457 1700 2617 1791 primum

597 1809 823 1886 dominatur,
847 1816 882 1872 et
902 1820 1013 1869 novas
1034 1796 1126 1885 leges
1146 1795 1233 1875 fert,
1258 1804 1294 1863 et
1315 1791 1466 1863 urbibus
1486 1790 1582 1860 eiicit
1633 1818 1766 1889 egressa
1782 1820 1823 1866 es
1840 1796 1950 1865 radiis
1965 1795 2142 1867 solaribus
2156 1795 2314 1886 conspici
2327 1811 2452 1890 potest.
2672 1867 2676 1875 ,

473 1959 478 1966 -
599 1913 712 1994 cives,
755 1902 819 1998 qui
853 1901 984 1972 nolunt
1019 1896 1201 1967 doctrinae
1232 1915 1315 1965 suae
1348 1891 1580 1963 subscribere.
1734 1895 1893 1985 Singulis
1915 1895 2096 1968 mensibus
2112 1897 2198 1968 luna
2213 1897 2440 1988 coniungitur
2454 1915 2489 1972 et
2504 1924 2617 1993 oppu-

598 2012 683 2083 Non
721 2018 835 2085 vetat,
873 2020 1074 2095 quenquam
1110 2017 1268 2067 mercare
1299 1992 1582 2064 iurisdictionem
1632 1997 1733 2070 nitur
1760 1996 1849 2083 soli,
1887 2019 1963 2067 non
1990 2009 2111 2067 tamen
2139 1996 2292 2086 singulis
2321 2000 2499 2072 mensibus
2526 2001 2619 2072 hunt

507 2173 518 2188 ,
599 2108 782 2207 quaeiure
798 2098 956 2175 humano
972 2096 1179 2190 inpropriis
1194 2093 1471 2184 huniscontigit·
1633 2099 1789 2191 eclipses.

702 2204 863 2278 Omnino
884 2214 967 2274 sunt
988 2197 1189 2270 abducendi
1207 2196 1318 2266 animi
1333 2190 1521 2267 hominnm
1537 2192 1583 2263 ah
1733 2195 1825 2269 Cum
1838 2219 1964 2290 corpus
1977 2196 2091 2266 solare
2103 2197 2279 2271 maiussit
2292 2221 2400 2294 quam
2413 2199 2497 2273 luna
2510 2201 2622 2274 sexies

602 2314 675 2383 illis
699 2303 968 2401 superstitiosis,
998 2298 1161 2369 fanaticis
1183 2309 1218 2368 et
1238 2293 1416 2367 seditiosis
1439 2294 1582 2386 opinio·
1633 2298 1762 2369 millies
1790 2297 1980 2382 sexcenties
2001 2311 2036 2368 at
2060 2298 2308 2390 quadragesies
2332 2314 2475 2393 quater,
2506 2315 2624 2394 potest

600 2417 726 2495 nibus,
758 2430 849 2503 quae
876 2404 1023 2473 laedunt
1044 2399 1250 2487 dignitatem
1270 2419 1389 2469 rerum
1410 2395 1583 2477 civilium,
1635 2413 1753 2470 tamen
1776 2399 1895 2470 totalis
1917 2397 2056 2488 eclipsis
2078 2396 2162 2467 solis
2181 2400 2360 2484 accidere,
2392 2424 2483 2494 quae
2502 2412 2624 2472 umen

600 2539 642 2586 sc
667 2514 805 2599 fingunt
835 2503 994 2595 inopiam
1027 2513 1089 2570 aut
1114 2497 1266 2569 similem
1297 2493 1516 2592 hypocrisim
1544 2496 1583 2564 in
1635 2513 1778 2592 propter
1798 2495 2212 2590 aspectusdiversitstem
2228 2523 2304 2571 non
2317 2501 2532 2574 universalis
2548 2504 2624 2573 cxi-

593 2611 796 2699 ,Evangelio
813 2602 951 2676 consuli
965 2612 1025 2672 aut
1040 2597 1194 2691 praecipi
1205 2612 1372 2692 tanquam
1383 2596 1584 2690 opusiusti-
1634 2615 1725 2674 arere
1740 2613 1855 2694 poseat
1869 2599 1960 2670 sicut
1974 2598 2013 2668 in
2027 2596 2125 2671 luna,

592 2712 730 2790 ¹imaus,
756 2720 817 2778 aut
834 2704 941 2795 magis
954 2701 1158 2775 iustificam.
1927 2753 1929 2757 .

703 2809 779 2881 lmo
795 2804 996 2880 Christiano
1016 2801 1100 2873 licet
1120 2800 1176 2872 uti
1195 2798 1350 2891 politicis
1371 2801 1475 2872 rebus
1494 2799 1587 2870 sicut
1826 2789 1932 2933 (ᾖ)
1974 2841 2003 2913 0
2037 2858 2040 2868 .
2099 2859 2118 2909 3
2174 2835 2227 2928 (D
2267 2845 2304 2910 δ’

604 2917 702 2997 cibo,
729 2924 833 3002 potu,
858 2908 957 2990 aiire,
980 2903 1136 2986 artibus,
1158 2897 1448 2984 architectonica,
1471 2899 1587 2971 medi·
1874 2893 1924 3034 (ὁ
1999 2860 2093 3010 lm
2116 2888 2145 3007 ’Τ
2170 2861 2250 3008 me
2296 2838 2425 3026 ἐπ’)

605 3018 695 3085 eina.
755 3008 807 3080 lta
830 3008 912 3080 licet
933 3024 1054 3096 gerere
1075 3001 1317 3092 magistratus,
1347 3026 1402 3073 res
1424 2993 1588 3093 proprias
1925 2970 1967 3029 pp
1969 2991 1978 3011 ⁸
2147 2990 2156 3010 ‘
2219 2967 2280 3028 ‘P'
2359 2992 2368 3009 ⁸

607 3130 747 3206 tenere,
773 3131 929 3180 exercere
951 3103 1102 3187 iudicia,
1125 3103 1203 3171 iure
1219 3101 1352 3172 bellare
1366 3126 1406 3172 ac
1422 3102 1589 3186 militare,
1636 3088 1774 3174 Filiam
1787 3099 1916 3172 Martis
1933 3100 2108 3196 Alcippen
2122 3096 2344 3174 Alirrichous
2366 3123 2430 3193 per
2449 3101 2522 3170 rim
2545 3116 2628 3175 stu-

605 3214 810 3286 deieusione
830 3210 1054 3300 magistratus
1077 3201 1131 3274 uti
1151 3203 1189 3271 in
1213 3202 1356 3272 iudiciis
1377 3226 1417 3272 ao
1438 3201 1589 3291 litigare,
1638 3204 1766 3295 pravis.
1816 3200 1907 3274 Cum
1930 3216 2047 3274 autem
2069 3200 2171 3272 Mars
2192 3201 2378 3274 occidisset
2398 3202 2563 3274 invenem
2586 3203 2626 3271 in

582 3317 654 3388 'sic
677 3332 794 3391 tamen
817 3304 1115 3411 quemadmodum
1138 3300 1270 3374 Paulus
1294 3303 1360 3392 ait,
1391 3316 1431 3374 ut
1453 3306 1589 3376 mundo
1638 3318 1759 3397 stupro
1775 3298 2056 3395 deprehensum,
2080 3315 2220 3374 accusat
2232 3325 2313 3373 eum
2324 3299 2511 3395 Neptunus
2526 3314 2628 3395 pater

605 3432 744 3503 utatur,
769 3441 843 3486 uon
858 3414 1035 3486 abutatur.
1640 3400 1863 3490 Alirrochoi‚
1888 3406 2002 3498 deque
2023 3428 2065 3472 eo
2086 3405 2300 3497 supplicium
2323 3405 2398 3495 lege
2417 3404 2508 3477 sumi
2523 3404 2626 3495 petit.

708 3515 761 3586 Ac
781 3517 934 3588 iudicem
955 3506 1189 3582 christianum
1203 3518 1343 3598 oportet
1357 3506 1411 3577 uti
1426 3515 1591 3597 praesen·
1640 3504 1701 3577 Dii
1723 3506 1897 3577 iudicium
1919 3506 1957 3574 in
1975 3501 2159 3596 Areopago
2186 3518 2434 3590 exercuerunt,
2457 3515 2492 3574 et
2508 3527 2547 3573 re
2564 3528 2626 3574 co-

608 3617 703 3690 tibus
719 3616 855 3704 legibus
873 3628 976 3708 atque
993 3609 1176 3680 institutis.
1229 3604 1301 3678 Nec
1317 3606 1417 3676 debet
1433 3608 1592 3677 iudicare
1640 3608 1737 3699 guita
1751 3602 1902 3678 Martem
1919 3606 2159 3678 absolverunt.

592 3719 865 3789 controversias
887 3739 928 3785 ex
942 3709 1111 3781 Mosaicis
1125 3709 1274 3798 legibus.
1322 3705 1412 3777 Nam
1427 3702 1593 3798 Evange-
1740 3706 1815 3778 Nos
1829 3707 2052 3778 defendimus
2068 3717 2159 3774 recte
2173 3703 2371 3774 iudicatum
2388 3726 2461 3775 csse
2476 3700 2601 3778 alliis.

608 3821 697 3887 lium
728 3839 802 3886 non
828 3831 880 3892 est
909 3808 1074 3887 seditiosa
1105 3808 1288 3890 doctriua,
1322 3831 1387 3877 nec
1416 3808 1512 3880 tollit
1536 3829 1592 3878 res
1742 3803 1902 3878 Atticum
1923 3806 2008 3890 fuit,
2032 3828 2107 3874 non
2129 3825 2317 3873 romanum
2339 3805 2384 3873 de
2404 3821 2526 3899 stupro
2548 3805 2628 3875 sine

607 3917 779 4012 politicas.
1641 3908 1678 3978 vi
1698 3908 1790 3979 iacto
1808 3904 1903 4001 (aut)
1922 3909 2050 3978 ducere
2071 3918 2133 3976 aut
2155 3905 2274 3975 dotem
2296 3905 2400 3991 dare,
2426 3904 2626 3977 Mosaicum

1525 4061 1530 4081 .
1641 4009 1727 4093 luit,
1753 4009 1880 4079 ducere
1902 4022 1937 4079 et
1952 4010 2086 4079 dotare.
2137 4002 2322 4076 Romanae
2337 4005 2429 4097 leges
2443 4002 2630 4095 honestius

1000 4083 1060 4154 ⁰⁰
1085 4078 1200 4153 Mi·
1642 4109 1801 4179 iudicant
1819 4108 1863 4178 dc
1879 4120 2012 4199 stupro.
2067 4104 2141 4176 Nec
2154 4107 2193 4176 id
2209 4104 2360 4198 impium
2375 4108 2509 4179 dictu‘
2535 4104 2632 4175 Nam

710 4217 787 4293 Etsi
803 4215 865 4287 iris
880 4215 977 4284 velut
992 4212 1174 4305 speculum
1188 4208 1306 4282 reddit
1315 4209 1450 4295 lumen,
1473 4222 1592 4281 nmen
1642 4208 1767 4303 politia
1778 4205 1941 4278 Mosaios
1961 4202 2078 4275 nihilo
2098 4206 2180 4296 plus
2199 4207 2244 4276 ad
2267 4205 2544 4276 iustificationem
2564 4227 2632 4272 co-

608 4350 684 4397 non
707 4333 821 4416 potest
843 4315 1029 4406 imaginem
1051 4312 1137 4383 solis
1153 4313 1321 4397 reddere,
1346 4310 1437 4382 sieut
1453 4309 1593 4401 specula
1642 4333 1718 4382 ram
1733 4305 1811 4380 Deo
1825 4306 1930 4390 iacit,
1953 4329 2061 4400 quam
2076 4306 2202 4397 politia
2215 4305 2385 4378 Romana.

433 4384 436 4393 Ι
479 4486 483 4495 .
608 4426 789 4497 distinctas
820 4417 992 4508 imagines
1020 4413 1187 4487 reddunt,
1250 4406 1300 4482 Et
1320 4434 1441 4483 caussa
1462 4413 1595 4501 figurae
1744 4404 1794 4481 Et
1806 4430 1888 4479 cum
1903 4403 2001 4477 Deus
2015 4403 2294 4500 attemperaveris
2305 4400 2417 4490 legem
2432 4398 2632 4473 mosaicam

602 4527 715 4601 iridis
731 4539 782 4595 est
796 4523 908 4613 ligura
924 4513 1043 4590 nuhis.
1644 4509 1701 4581 illi
1720 4509 1835 4600 genti,
1864 4506 2013 4598 reperiri
2035 4518 2181 4600 possunt
2200 4501 2319 4594 aliqua
2341 4501 2525 4586 instituta,
2551 4499 2634 4574 Ro-

1644 4631 1769 4680 manae
1782 4607 1934 4699 reipubl.
1948 4607 2096 4678 meliora
2111 4607 2151 4676 in
2164 4625 2290 4694 genere
2304 4625 2410 4697 quam
2426 4599 2605 4674 ludaicae·

754 4751 899 4849 ‹ue›
940 4754 1000 4824 »ν
1184 4765 1253 4839 e
1273 4740 1455 4818 uem·
1645 4703 2457 4899 tamam
2470 4703 2635 4875 lats

610 4913 826 4996 Aristoteles
842 4921 934 4982 recte
947 4908 1117 4981 discernit
1130 4927 1270 4977 caussas
1284 4926 1397 5000 perse
1411 4916 1446 4976 et
1460 4925 1598 4977 caussas
1646 4911 1768 4982 lumen
1782 4910 1894 4981 iustae
1911 4910 2108 5000 suntleges·
2317 4858 2328 4890 ⁹
2624 4860 2635 4890 ’

609 5047 675 5116 per
688 5015 861 5092 accidens·
1748 5007 1844 5082 lllud
1864 5033 1949 5081 vero
1964 5022 2023 5081 ,est
2043 5008 2272 5089 seditiosum,
2295 5006 2393 5100 quod
2410 5005 2555 5102 quidam
2571 5005 2635 5074 in·

710 5116 855 5195 Clarum
885 5126 937 5188 cst
967 5112 1064 5186 enim
1089 5107 1224 5184 iudicio
1250 5108 1401 5187 rationis
1424 5107 1599 5202 plurimos
1647 5112 1743 5184 docti
1770 5111 1947 5199 sentiunt,
1988 5105 2211 5184 Christianos
2239 5120 2403 5201 oportere
2432 5109 2487 5179 oti
2515 5103 2636 5175 Mosis

610 5236 757 5299 eventus
784 5241 859 5291 uon
881 5212 1177 5297 haherelcanssas
1194 5235 1258 5305 per
1280 5236 1329 5285 se.
1394 5207 1543 5285 Clarum
1565 5225 1600 5284 et
1647 5214 1795 5306 legibus

607 5326 677 5401 hoc
701 5336 771 5406 est,
796 5317 1074 5409 contingentiam
1092 5327 1255 5407 oportere
1272 5314 1378 5404 poni,
1403 5314 1470 5386 etsi
1484 5337 1600 5410 neque
1749 5314 1791 5389 si
1807 5327 1929 5407 raptus
1946 5324 1981 5386 et
1995 5327 2158 5407 stupmm
2173 5312 2211 5383 vi
2223 5312 2356 5384 iactum
2369 5309 2467 5404 paria
2479 5305 2639 5383 erimine

609 5423 891 5523 providentiam,
916 5440 1032 5511 neque
1047 5418 1159 5487 fatum
1173 5412 1342 5482 tollimus·
1622 5432 1625 5446 ·
1649 5429 1752 5501 sunt,
1775 5415 1858 5508 quia
1876 5428 2068 5509 utrumqne
2087 5415 2165 5506 lege
2181 5410 2272 5485 lnlia
2290 5409 2545 5504 pronunciatur
2560 5432 2639 5505 esse

710 5518 941 5598 Providentia
962 5528 1015 5589 est
1036 5535 1156 5585 caussa
1181 5533 1245 5602 per
1258 5533 1307 5586 sc.
1356 5506 1422 5585 Est
1436 5528 1472 5588 et
1486 5515 1597 5589 latum
1651 5572 1862 5595 ....‚..,.
2508 5536 2510 5542 ·

613 5651 733 5706 caussa
747 5650 812 5722 per
825 5647 882 5710 se,
904 5619 966 5694 ssd
982 5638 1049 5713 nes
1063 5610 1265 5709 Pfflpiflqffl
1279 5634 1344 5685 Μ
1357 5615 1484 5689 muli&
1685 5645 1714 5712 ⁵)
1731 5644 1764 5700 so
1786 5651 1872 5700 cusos
1892 5647 2071 5718 mamm,
2093 5662 2124 5701 a
2143 5643 2252 5700 nenos
