6025 6775
1379 1855 1452 1937 m·
2258 1919 2314 1948 ···
2338 1925 2445 1985 ···.·.

636 2049 1240 2146 uuonaMA'ssoan
1298 2042 1612 2133 PHILIPPI
1666 2039 2192 2128 MELAN'I'HONIS.

1296 2319 1551 2340 ufi--n—-n—-a

407 2588 474 2660 No.
495 2587 576 2659 132.
1213 2608 1260 2645 aa.
1285 2582 1380 2646 taos.
1444 2574 1493 2643 tia
1516 2596 1591 2642 non
1610 2574 1728 2661 ignota
1749 2582 1815 2647 est,
1852 2568 1989 2674 placare
2014 2584 2176 2659 possent,
2208 2597 2261 2643 res
2282 2577 2425 2669 quidem

416 2681 586 2710 “f“
1215 2670 1385 2702 Μ
1444 2674 1520 2764 ipsa
1542 2672 1734 2743 calumnias
1754 2670 1892 2742 relutat.
1941 2666 2032 2737 Cum
2054 2683 2167 2739 autem
2190 2674 2269 2745 Deo
2292 2679 2353 2770 qui
2376 2692 2427 2749 est

604 2766 679 2849 De
710 2763 941 2847 calumnia
967 2759 1197 2847 Osiandrt’·
1444 2766 1761 2870 καρδιογνώστης,
1807 2770 2004 2839 voluntates
2037 2786 2176 2841 nostrae
2208 2790 2312 2847 notae
2345 2780 2428 2865 sint,

477 2936 506 2988 h
522 2936 612 2989 select.
632 2928 754 2988 ΜΤ
776 2932 823 2986 m·
842 2952 869 3003 p.
884 2932 1017 3055 melo„
1043 2931 1160 2986 §mm
1176 2929 1208 2983 T·
1223 2929 1271 2983 HL
1289 2947 1315 3000 p.
1331 2927 1393 2983 69⁶·
1445 2895 1587 2941 oramus
1601 2874 1727 2960 ipsum,
1751 2884 1793 2938 ut
1808 2884 1842 2938 et
1857 2883 1952 2956 regat
1969 2883 2107 2939 nostros
2121 2874 2269 2959 labores,
2293 2902 2426 2971 nosque

510 3016 537 3056 u
553 3003 681 3057 Biclaro.
702 3002 735 3055 T.
750 3000 799 3056 tu.
820 3002 916 3071 post.
981 3002 1045 3056 riam
1069 3000 1213 3071 separatim
1233 2998 1314 3052 edita.
1351 2995 1394 3051 ct.
1444 2973 1550 3043 faciat
1564 2994 1645 3040 vasa
1664 2968 1941 3049 misericordiae,
1967 2993 2006 3038 ac
2028 2993 2157 3057 organa
2182 2977 2346 3047 salutaria
2362 3005 2429 3047 no-

511 3070 640 3124 ⁵¹'0b‘ffi
650 3070 715 3125 bibl.
730 3070 796 3124 Met.
812 3071 858 3126 Nc.
870 3070 932 3124 ⁸⁹⁶·
1446 3076 1501 3144 bis
1515 3088 1548 3143 et
1563 3072 1655 3153 eliis,
1669 3085 1703 3137 et
1719 3066 1826 3135 leniat
1841 3088 2025 3130 aerumnas
2042 3071 2198 3152 publicas
2214 3098 2253 3139 ac
2268 3078 2428 3161 privatas.

505 3230 516 3250 c
580 3226 588 3240 ·
1091 3227 1099 3243 .
1217 3225 1226 3242 .
1372 3224 1380 3239 .
1547 3170 1651 3239 Nunc
1668 3190 1749 3232 vero
1772 3167 1816 3230 de
1832 3176 2002 3228 venenata
2017 3166 2167 3253 quadam
2185 3165 2356 3239 Osiandri
2373 3200 2430 3241 ca-

408 3233 549 3306 Oratio,
574 3242 615 3287 m
632 3241 705 3309 quo
721 3218 918 3310 refutatur
931 3225 1127 3291 columma
1148 3219 1394 3303 Ostendes,
1447 3272 1522 3338 lum

407 3318 716 3415 reprehendentis
745 3324 1032 3411 promissionem
1068 3340 1215 3405 eorum,
1264 3315 1397 3410 quibus

560 3419 738 3494 tribuitur
764 3424 1021 3492 testimonium
1040 3416 1242 3488 doctrinae.

1527 3269 1586 3336 nia
1601 3268 1728 3346 dicam,
1755 3285 1826 3358 non
1843 3274 1914 3331 tam
1929 3262 2143 3331 defensionis
2158 3283 2296 3337 nostrae
2314 3296 2430 3359 causa,

1448 3394 1517 3460 qno
1533 3370 1571 3434 in
1588 3392 1624 3433 re
1639 3363 1819 3432 manifesta
1841 3384 1914 3428 non
1933 3384 2021 3451 opus
2039 3377 2108 3446 est,
2134 3391 2239 3458 quam
2256 3385 2295 3440 ut
2311 3373 2429 3443 iunio·

1446 3491 1501 3536 res
1520 3480 1632 3532 vetera
1649 3458 1792 3531 honesta
1811 3463 1967 3550 exempla
1982 3466 2128 3534 audiant
2144 3482 2178 3535 et
2194 3473 2430 3561 considerent,

408 3564 520 3645 Initio
535 3570 604 3640 tibi
616 3570 839 3656 omnipotens
852 3563 961 3641 Deus,
982 3577 1122 3631 aeterne
1137 3574 1235 3652 pater
1249 3559 1394 3630 Domini
1446 3570 1624 3658 quomodo
1648 3577 1798 3633 vetustas
1821 3561 2030 3650 obligaverit
2058 3590 2254 3639 accessuros
2277 3576 2322 3642 acl
2350 3601 2431 3646 mu·

410 3671 521 3743 nostri
538 3668 616 3737 lesu
629 3664 773 3750 Christi,
798 3664 962 3732 conditor
979 3662 1069 3733 coeli
1086 3677 1121 3731 et
1135 3676 1256 3745 terrae,
1282 3676 1316 3733 et
1329 3659 1395 3730 bo·
1446 3691 1514 3735 nus
1528 3665 1690 3734 docendi.

412 3775 545 3842 minum
564 3784 598 3837 et
615 3770 763 3837 aliarum
780 3778 1039 3845 creaturarum,
1065 3787 1228 3832 unacum
1246 3764 1318 3831 lilio
1334 3778 1395 3832 tuo
1549 3765 1771 3835 Vociferatur
1787 3763 1880 3831 enim
1900 3759 2077 3834 Osiantler
2091 3771 2203 3838 scelus
2219 3797 2309 3858 esse,
2335 3780 2431 3868 (prod

413 3884 595 3943 coaeterno
613 3868 768 3938 Domino
791 3878 912 3934 nostro
931 3861 1008 3931 lesu
1025 3858 1187 3947 Clrristo,
1211 3875 1244 3930 et
1260 3862 1396 3954 Spiritu
1447 3870 1483 3936 in
1502 3867 1769 3936 renunciatione
1784 3864 1916 3954 publici
1934 3868 2123 3936 testimonii
2141 3872 2300 3958 petimus,
2326 3891 2366 3944 ut
2382 3873 2432 3964 hi,

414 3991 550 4060 sancto,
583 3970 740 4059 sapiens,
771 3991 893 4045 verax,
924 3965 1036 4047 bone,
1068 3964 1177 4045 iuste,
1204 3978 1313 4045 caste,
1340 3966 1396 4030 iu-
1448 3971 1577 4061 quibus
1601 3967 1790 4036 tribuimus
1811 3966 2069 4047 testimonium,
2095 3971 2281 4042 adfirment
2304 3999 2432 4046 seam-

415 4077 496 4154 dex,
528 4070 725 4139 misericors
749 4083 781 4138 et
804 4067 1001 4150 liberrime,
1034 4064 1162 4152 gratias
1184 4087 1267 4152 ago,
1300 4066 1394 4154 quod
1451 4068 1550 4158 plecti
1574 4069 1813 4155 incorruptam
1840 4062 2023 4153 Evangelii
2048 4071 2265 4160 doctrinam,
2298 4091 2332 4146 et
2354 4102 2431 4146 eam

416 4170 582 4244 hactenus
602 4172 776 4240 internos
799 4168 863 4236 tibi
881 4164 1242 4257 colligis‘llcclesiam,
1268 4176 1301 4232 et
1323 4188 1395 4231 nou
1449 4171 1496 4236 sic
1514 4167 1726 4251 intelligere,
1750 4180 1789 4233 ut
1806 4165 1843 4230 in
1860 4168 2028 4256 symbolis
2043 4163 2269 4257 Apostolico,
2296 4175 2430 4246 Niceno

415 4277 499 4343 sinis
531 4273 689 4357 extingui
718 4272 830 4338 lucem
863 4281 942 4335 tuae
969 4266 1167 4348 doctrinae,
1196 4279 1300 4357 teque
1323 4279 1395 4333 toto
1449 4283 1482 4338 et
1505 4263 1747 4337 Athanasiano
1773 4281 2082 4352 commemoratur,
2107 4272 2149 4349 'et
2171 4288 2209 4341 ut
2231 4275 2268 4340 in
2285 4274 2433 4344 Confes-

414 4389 551 4464 μάθω
572 4397 655 4456 ΜΟ,
680 4387 721 4441 ug
742 4383 884 4461 propter
904 4358 1034 4446 filium,
1061 4382 1094 4434 et
1118 4390 1180 4453 per
1200 4389 1279 4433 eum
1295 4365 1396 4432 dein·
1450 4371 1559 4448 sione,
1586 4390 1691 4460 quam
1706 4364 1883 4435 Ecclesiae
1898 4381 2037 4434 nostrae
2053 4361 2288 4442 exbibuerunt
2302 4373 2430 4447 Carolo

415 4497 669 4567 tegumenque,
695 4474 788 4540 inter
812 4493 875 4538 nos
890 4464 1080 4536 Ecclesiam
1103 4467 1263 4554 colligas,
1286 4481 1319 4534 et
1333 4468 1396 4533 do·
1450 4469 1652 4558 imperatori
1683 4468 1721 4534 in
1751 4479 1927 4534 conventu
1947 4464 2173 4556 Augustano,
2204 4495 2296 4543 anno
2325 4475 2432 4552 1550.

416 4574 673 4646 ctrinaestudia
691 4573 874 4662 gubernes.
927 4565 1023 4635 llaec
1039 4591 1175 4636 mecum
1190 4568 1397 4636 ardentibus
1449 4572 1632 4652 recitatur,
1663 4580 1696 4635 et
1721 4566 1930 4661 promittant
1951 4568 1988 4635 in
2016 4593 2053 4636 ea
2076 4574 2266 4659 sententia,
2297 4601 2333 4644 se
2355 4577 2430 4648 Deo

415 4678 505 4746 Μὴ
525 4690 558 4745 e,
572 4675 665 4744 mg,
682 4673 868 4763 gemitibus
885 4691 1007 4736 omnes
1024 4667 1138 4756 petite.
1450 4673 1609 4752 iuvante,
1635 4681 1836 4736 constanter
1859 4683 2139 4755 perseveraturos
2160 4696 2251 4759 csse,
2270 4691 2305 4746 et
2319 4678 2432 4748 fideli-

516 4774 662 4867 Semper
677 4789 793 4844 autem
804 4772 900 4842 Deus
916 4765 1201 4838 voluitEcclesiis
1215 4768 1398 4838 adiunctos
1449 4786 1502 4841 ter
1516 4773 1668 4839 facturos
1685 4769 1838 4835 officium
1856 4768 1892 4834 iu
1908 4763 2075 4843 Ecclesia.

421 4896 492 4942 esse
515 4879 712 4946 docentium
736 4889 769 4944 et
791 4869 1000 4942 discentium
1022 4883 1157 4952 coetus,
1182 4870 1243 4961 qui
1267 4870 1398 4937 maiore
1555 4870 1638 4940 ltem
1655 4870 1684 4937 si
1702 4870 1856 4936 incident
1869 4873 2126 4940 controversiae
2144 4896 2266 4953 novae,
2293 4880 2336 4946 de
2352 4883 2432 4972 qui-

417 4970 1123 5053 assjduime,operpmdoctrinaestudia,
1144 4994 1246 5062 qnam
1265 4968 1398 5060 reliqua
1452 4977 1516 5043 bus
1541 4996 1614 5039 non
1638 4981 1756 5039 extant
1782 4969 1961 5058 perspicua
1995 4972 2142 5055 iudicia,
2177 4987 2217 5044 ut
2238 4979 2434 5057 deliberent

418 5073 615 5145 multitudo
631 5076 884 5164 aliisoccupata
907 5070 1079 5159 negociis,
1106 5072 1183 5138 vult
1199 5070 1292 5138 enim
1314 5093 1400 5138 con·
1451 5098 1530 5143 cnm
1560 5074 1638 5140 aliis
1667 5070 1866 5138 senioribus
1891 5070 1929 5137 in
1957 5087 2074 5141 nostra
2098 5070 2253 5145 Ecclesia
2282 5094 2316 5149 et
2347 5107 2434 5152 con-

375 5172 378 5179 '
419 5173 550 5245 servari
573 5172 687 5246 libros
712 5172 933 5266 propheticos
954 5186 989 5240 et
1016 5171 1243 5260 apostolicos,
1271 5170 1401 5254 literas,
1454 5175 1589 5242 iunctis.

419 5276 575 5366 linguas,
601 5288 695 5343 artes
717 5298 804 5364 quae
823 5272 997 5343 Ecclesiae
1018 5273 1122 5342 utiles
1144 5284 1244 5355 sunt,
1270 5286 1303 5340 et
1320 5285 1401 5340 sunt
1553 5272 1654 5340 Hanc
1690 5284 1844 5338 nostram
1888 5273 2177 5343 consuetudinem
2210 5278 2438 5370 reprehendit

419 5368 539 5445 lumen
553 5375 648 5444 vitae
669 5369 856 5444 humanae.
904 5373 954 5443 Hi
978 5386 1097 5442 coetus
1118 5374 1207 5442 bene
1230 5385 1401 5440 merentes
1453 5370 1648 5456 Osiander,
1682 5385 1845 5442 extenuat
1868 5372 2047 5465 symbola,
2074 5391 2189 5464 postea
2213 5380 2328 5474 inquit
2351 5410 2436 5452 con·

422 5477 462 5544 de
485 5490 559 5546 toto
581 5498 707 5563 genere
730 5469 902 5557 humano,
926 5475 1092 5543 omnibus
1113 5473 1238 5542 olliciis
1258 5473 1400 5541 fovendi
1453 5476 1550 5545 stitui
1567 5474 1786 5568 tyrannidem
1806 5486 1839 5541 et
1855 5474 2036 5543 seditiosas
2050 5478 2328 5565 coniurationes,
2356 5506 2437 5553 cum

426 5593 520 5662 sunt,
544 5579 605 5644 sed
633 5573 700 5645 Ate
724 5571 915 5643 Homerica
938 5575 1068 5644 multos
1091 5574 1268 5657 incendit,
1293 5587 1334 5644 ut
1358 5596 1403 5640 ne
1454 5577 1621 5644 nolumus
1641 5577 1839 5643 docentesa
1865 5574 2082 5644 confessione
2106 5593 2225 5648 nostra
2241 5580 2438 5668 dissentire,
2517 5648 2525 5657 .

427 5676 565 5763 quidem
584 5676 734 5747 fideliter
756 5673 992 5744 servientibus
1012 5675 1052 5742 in
1077 5670 1142 5744 bac
1165 5674 1292 5744 militia
1322 5698 1404 5764 par·
1455 5679 1539 5747 item
1557 5701 1635 5746 cum
1652 5699 1723 5745 nou
1747 5677 1971 5744 concedimus
1993 5675 2139 5764 singulis
2158 5674 2438 5769 ἰδιοβουλεύειν,

432 5773 899 5867 02n1‚quogurjnamLitae
915 5788 1065 5862 nostrae,
1089 5799 1239 5869 quarum
1258 5775 1404 5846 moesti·
1459 5795 1492 5850 et
1507 5777 1741 5872 pronunciare
1762 5799 1826 5844 suo
1848 5776 1980 5846 iudicio
1997 5777 2041 5844 de
2059 5778 2161 5845 novis
2179 5783 2442 5857 controversiis.
2505 5788 2507 5793 ’

1865 5879 1913 5947 μ
