6025 6775
511 678 583 754 755
637 634 641 640 Ι
1193 668 1223 745 l.
1268 661 1562 743 CHRONICON
1587 661 1835 743 CARIONIS.
2441 606 2539 755 754.

610 848 701 921 Cum
725 845 865 918 Amasis
888 845 1055 928 tepuisset
1071 835 1222 933 Aegypti
1253 863 1402 930 regnum
1425 862 1490 908 an·
1522 834 1644 925 'plena
1658 837 1726 908 suit
1740 835 1920 935 Aegyptus
1936 848 2196 919 teterrimarum
2213 849 2409 932 idolorum,
2435 853 2514 924 ideo

510 976 576 1022 nos
604 950 836 1044 quadraginta
865 960 1031 1040 quatuor,
1066 956 1105 1013 ut
1130 942 1252 1012 scribit
1275 940 1491 1023 Herodotus,
1539 938 1672 1005 crebris
1685 944 1941 1016 mutationibus
1956 950 2067 1037 regni,
2091 964 2126 1020 et
2142 951 2248 1020 variis
2264 952 2516 1024 calamitatibus

510 1051 674 1123 successit
689 1051 782 1119 lilius
795 1042 1148 1128 Psammenitus,
1173 1038 1242 1111 hoc
1256 1056 1324 1127 est,
1350 1042 1491 1135 clypeus
1539 1039 1662 1127 punita
1677 1055 1739 1116 est.
1789 1042 1980 1140 Postquam
1996 1064 2112 1119 antem
2126 1052 2170 1120 de
2182 1048 2379 1138 Chaldaeis,
2406 1051 2514 1149 Assy·

509 1152 717 1235 inclinatus,
742 1152 802 1243 qui
816 1171 894 1217 cum
916 1171 973 1216 sex
994 1167 1133 1215 menses
1150 1157 1345 1231 regnasset,
1369 1156 1488 1233 captus
1538 1140 1600 1208 riis
1622 1152 1656 1210 et
1678 1139 1861 1237 Aegyptiis
1884 1149 2061 1236 diximus,
2093 1153 2132 1221 in
2150 1154 2279 1246 quibos
2293 1156 2409 1244 regnis
2425 1169 2514 1226 tem-

509 1266 563 1322 est
584 1276 604 1321 a
627 1249 813 1342 Cambyse,
845 1271 926 1337 rege
947 1246 1109 1330 Persico,
1143 1258 1178 1313 et
1199 1245 1383 1336 aliquanto
1410 1258 1488 1334 post
1537 1265 1621 1331 pore
1650 1244 1785 1333 primae
1820 1246 2046 1321 monarchiae
2076 1255 2208 1324 multae
2235 1256 2450 1324 mutationes
2479 1272 2515 1326 et

508 1353 719 1423 interiectus.
769 1348 931 1441 Suntque
948 1350 1041 1438 apud
1063 1346 1286 1416 Herodotum
1305 1344 1485 1414 dePsam-
1536 1344 1746 1415 vastationes
1775 1351 1989 1421 acciderunt.
2046 1352 2151 1424 Nunc
2173 1379 2295 1424 rursus
2323 1359 2368 1425 de
2390 1357 2514 1449 politia

507 1455 639 1522 menito
661 1446 727 1519 hae
758 1453 997 1531 narrationes,
1029 1450 1156 1537 dignae
1177 1448 1364 1515 memoria:
1395 1445 1486 1517 Cum
1536 1441 1644 1514 lsrael
1661 1448 1836 1536 dicemus,
1862 1465 1896 1521 et
1918 1454 2073 1524 breviter
2092 1458 2285 1546 catalogum
2303 1455 2464 1529 Indicum
2479 1472 2514 1529 et

504 1553 577 1622 filia
599 1553 786 1620 duceretur
811 1552 904 1621 inter
927 1550 1081 1639 captivas
1098 1548 1218 1618 servili
1236 1542 1379 1627 habitu,
1401 1549 1486 1615 mis·
1535 1541 1672 1633 Regum
1698 1550 1907 1623 inseremus:
1941 1580 2023 1624 nam
2046 1580 2101 1625 res
2115 1571 2229 1646 gestae
2243 1560 2410 1648 legendae
2429 1573 2513 1631 sunt

505 1675 559 1722 sas
573 1654 617 1721 ad
632 1675 760 1744 aquam
777 1652 978 1736 serendam,
1002 1651 1092 1721 sedit
1115 1662 1213 1741 pater
1228 1646 1486 1718 Psammenitus
1535 1644 1573 1711 in
1600 1644 1805 1738 prophetica
1834 1651 2000 1740 historia,
2032 1671 2064 1728 et
2087 1661 2194 1729 simul
2217 1660 2512 1730 considerandum

502 1755 598 1824 inter
624 1767 762 1845 captos,
802 1752 927 1822 videns
959 1765 1239 1856 praetereuntem
1270 1751 1400 1835 liliam,
1446 1773 1486 1818 ac
1534 1757 1601 1825 est,
1630 1750 1744 1839 qualis
1767 1753 1818 1818 ibi
1842 1756 1948 1825 fuerit
1976 1754 2151 1845 Ecclesia,
2177 1758 2278 1847 Quae
2301 1761 2373 1831 sint
2397 1763 2511 1832 aDeo

502 1853 646 1925 caeteris
670 1853 893 1945 plorantibus
918 1854 992 1945 ipse
1022 1855 1149 1923 tacitus
1171 1852 1279 1935 sedit,
1310 1852 1422 1920 oculis
1446 1851 1487 1920 in
1534 1847 1684 1917 illustria
1701 1852 1901 1924 testimonia
1914 1872 2079 1939 ostensa,
2107 1860 2179 1949 Qui
2195 1857 2392 1952 Prophetae
2412 1863 2512 1931 missi

504 1970 635 2027 terram
656 1955 790 2024 defixis.
834 1952 960 2026 Postea
975 1980 1054 2025 cum
1071 1956 1163 2023 lilius
1189 1956 1378 2023 duceretur
1391 1954 1485 2021 inter
1532 1949 1622 2029 sint,
1651 1948 1751 2037 Quae
1766 1954 1875 2025 suerit
1888 1956 1998 2024 forma
2016 1963 2294 2047 gubernationis,
2321 1961 2511 2050 Quomodo
2579 1988 2583 2000 ·

502 2070 658 2128 caeteros
674 2057 954 2141 interficiendus,
981 2058 1070 2126 sedit
1086 2058 1209 2127 eodem
1224 2058 1332 2123 modo
1347 2056 1483 2127 tacitus.
1530 2051 1672 2120 detensa
1695 2052 1740 2122 sit
1761 2055 1885 2142 politia
1911 2055 2020 2127 lsrael
2042 2076 2185 2152 propter
2201 2061 2416 2147 Ecclesiam,
2437 2089 2510 2131 raon

500 2156 587 2227 Post
607 2154 672 2227 hos
693 2182 772 2227 cum
795 2157 977 2226 familiaris
1003 2158 1148 2250 quidam
1180 2158 1368 2225 duceretur
1391 2156 1484 2225 inter
1531 2145 1697 2221 humanis
1726 2156 1902 2238 consiliis,
1936 2162 1995 2227 sed
2022 2184 2042 2229 a
2064 2155 2147 2229 Deo
2176 2164 2328 2233 subinde
2356 2165 2510 2235 excitatis

503 2259 679 2349 captivos,
713 2260 851 2349 plorare
881 2272 915 2328 et
942 2272 1046 2350 caput
1067 2259 1173 2328 ferire
1201 2258 1327 2347 coepit.
1386 2254 1483 2325 Haec
1530 2254 1699 2338 ducibus,
1734 2256 1826 2326 sicut
1851 2272 1884 2328 et
1907 2255 2096 2331 Zacharias
2120 2263 2222 2330 dicit:
2249 2262 2331 2332 Non
2353 2264 2391 2331 in
2413 2288 2511 2334 exer-

500 2383 580 2429 cum
603 2360 906 2430 animadvertisset
928 2357 1137 2451 Cambyses,
1163 2358 1375 2445 interrogari
1400 2382 1480 2426 eum
1530 2352 1622 2438 citu,
1657 2380 1729 2425 non
1754 2358 1792 2425 in
1814 2361 1962 2445 robore,
1994 2366 2055 2432 sed
2083 2363 2122 2432 in
2146 2362 2283 2455 Spiritu
2300 2387 2400 2448 meo,
2424 2365 2512 2435 dicit

499 2462 622 2540 iussit,
653 2485 717 2528 cur
740 2484 836 2529 nunc
860 2461 1033 2551 ploraret,
1058 2484 1138 2529 curn
1161 2473 1262 2528 antea
1284 2460 1408 2528 tacitus
1423 2459 1480 2524 vi·
1527 2448 1726 2529 Dominus,

502 2559 611 2630 disset
641 2561 720 2630 duci
751 2562 859 2631 filiam
890 2576 923 2631 et
959 2560 1097 2629 filiurn?
1148 2558 1365 2651 Respondit,
1403 2557 1480 2629 Do·

500 2662 640 2730 mestica
654 2663 744 2731 mala
759 2662 892 2730 maiora
910 2649 982 2730 ess'e
1005 2661 1186 2754 lacrymis,
1211 2663 1271 2730 sed
1297 2661 1400 2728 amici
1421 2685 1477 2729 ca·
1757 2687 1928 2755 ymno„
1956 2693 2099 2778 popul,-
2129 2694 2281 2765 pum·

498 2762 690 2833 lamitatem
715 2785 815 2853 posse
838 2761 1001 2855 lacrymis
1026 2761 1229 2851 significari.
1280 2759 1394 2831 Aiunt
1416 2786 1480 2829 au·

497 2876 589 2947 tem,
610 2861 783 2933 Croesum
798 2863 859 2955 qui
873 2864 980 2931 simul
995 2864 1126 2947 adsuit,
1151 2876 1185 2931 et
1195 2860 1377 2954 Principes
1392 2861 1485 2960 Per-l
1627 2819 1719 2938 C¹¹‚m
1734 2820 1782 2893 ¹⁸
1792 2823 1916 2895 ’Μ’
1926 2834 1999 2943 f⁰⁶
2017 2833 2249 2948 ‘luadfablnli
2265 2859 2377 2904 “⁰⁰⁰⁸
2394 2838 2508 2954 infl‘·

498 2966 587 3035 sicos
603 2964 857 3057 illacrymasse,
883 2978 918 3033 et
933 2961 1130 3057 Cambysen
1146 2964 1385 3033 misericordia
1400 2988 1478 3034 rno-
1526 2922 1802 3042 ⁵²¹¹⁰s¹¹¹⁵⁸⁰¹¹l’
1832 2923 2014 3004 Mnus
2038 2946 2206 3016 “mistura
2241 2938 2506 3051 illif‘lfidwflm

497 3082 572 3137 turn
598 3066 739 3135 iussisse
771 3065 883 3134 lilium
912 3065 944 3134 ei
975 3065 1114 3135 restitui
1139 3065 1365 3136 incolumem.
1419 3061 1475 3134 Ad
1525 3026 2116 3124 ⁰⁰⁰⁰P⁰⁸²⁸¹¹¹⁰m⁰¹A⁰3yl³¹q2
2142 3050 2508 3107 ⁶⁰¹¹¹V¹¹¹⁸⁸⁰¹²¹¹¹¹¹⁰³

498 3191 602 3261 quem
623 3167 864 3236 reducendum
887 3191 967 3236 curn
991 3167 1116 3238 nuncii
1140 3166 1381 3251 mitterentur,
1407 3167 1477 3234 iam
1525 3137 1665 3193 centum
1681 3139 1716 3197 ²¹
1730 3140 1868 3215 V¹8¹¹¹¹¹·

498 3267 699 3338 adolescens
715 3268 919 3337 interfectus
934 3281 1021 3337 erat.
1074 3266 1146 3359 lpsi
1168 3281 1283 3337 tamen
1298 3266 1478 3336 Psamme-
1626 3242 1722 3312 Hul⁰
1743 3246 1906 3316 ³¹¹⁰⁰⁶⁵⁸l²
1930 3242 2011 3318 1⁰⁸
2021 3273 2096 3336 “as
2121 3252 2183 3347 (11Ῑῖ
2204 3252 2272 3324 suli
2288 3254 2358 3323 ‘¹¹¹¹
2382 3256 2507 3347 P⁰P¹¹li
2624 3342 2631 3352 ,

497 3369 575 3440 nito
589 3379 673 3441 tunc
690 3370 797 3439 vitam
812 3368 959 3439 donavit
972 3366 1179 3463 Cambyses,
1204 3383 1239 3439 et
1253 3382 1327 3438 erat
1349 3370 1380 3437 ei
1396 3372 1477 3438 red·
1527 3341 1655 3425 imile
1680 3369 1792 3418 ³⁰n⁰⁸
1809 3349 1954 3437 “iginii
1970 3353 2070 3422 dim·

496 3471 634 3541 diturus
650 3469 870 3565 Aegyptum,
895 3484 937 3541 ut
958 3494 1035 3540 eam
1059 3484 1225 3563 tanquam
1244 3470 1360 3557 regins
1377 3493 1477 3561 prae·
1625 3460 1707 3531 Non
1737 3465 1806 3535 luit
1833 3480 1949 3537 autern
1982 3471 2153 3541 successio
2175 3472 2306 3542 ducum
2338 3498 2379 3543 ex
2412 3491 2504 3548 certa

496 3569 607 3639 iectus
628 3573 849 3660 gubernaret.
908 3570 979 3641 Sed
1008 3596 1087 3641 cum
1110 3569 1369 3639 Psammenitus
1403 3594 1477 3639 non
1523 3566 1649 3657 stirpe,
1674 3579 1737 3635 aut
1760 3567 1884 3636 electio
1905 3566 1994 3639 'certi
2014 3569 2181 3656 Senatus,
2213 3577 2274 3643 sed
2296 3575 2393 3646 velut
2416 3573 2530 3665 aas·

498 3671 709 3766 quiesceret,
742 3687 775 3743 et
797 3673 1000 3746 sollicitaret
1025 3669 1217 3766 Aegyptios
1239 3673 1284 3741 ad
1309 3671 1476 3742 deiectio·
1523 3666 1686 3737 stocratia
1710 3680 1783 3737 erat
1807 3665 1998 3741 Seniorum
2020 3672 2059 3740 in
2081 3673 2229 3762 singulis
2251 3674 2436 3768 tribubus,
2469 3695 2505 3753 et
2571 3681 2573 3685 ’

497 3796 598 3854 nem,
623 3773 724 3843 iussit
740 3797 819 3844 eum
835 3790 953 3865 postca
969 3773 1157 3868 Cambyses
1178 3773 1337 3843 interfici.
1522 3791 1659 3839 summa
1674 3770 1845 3840 autoritas
1863 3785 1938 3843 erat
1962 3772 2048 3862 legis
2071 3775 2230 3855 divium,
2263 3800 2368 3869 quam
2389 3803 2504 3851 sacer.

596 3873 770 3966 Deinceps
794 3873 990 3969 Aegyptum
1014 3878 1239 3947 retinuerunt
1260 3874 1390 3944 Persici
1421 3897 1476 3942 re·
1523 3872 1622 3940 dotes
1644 3871 1803 3961 quotidie
1826 3874 2017 3958 docebant,
2042 3871 2090 3945 Et
2112 3871 2150 3944 hi
2167 3877 2443 3951 consulebantur
2458 3883 2504 3952 de

495 3999 552 4066 ges
576 4000 689 4070 usque
712 3980 755 4045 ad
772 3973 918 4047 Darium
938 3973 1116 4061 Nothum,
1143 3978 1242 4046 cuius
1267 4001 1361 4046 anno
1378 3989 1475 4046 sexto
1522 3972 1738 4060 gravissimis
1760 3973 1931 4061 negociis,
1961 3987 2002 4043 ut
2025 3974 2064 4042 in
2090 3977 2369 4048 Deuteronomio
2400 4005 2503 4051 man-

494 4079 684 4173 Amyrteus
709 4076 823 4147 Saites
837 4079 964 4149 deiecit
985 4104 1005 4149 a
1027 4077 1160 4164 Persis,
1193 4092 1227 4150 et
1255 4080 1292 4147 in
1315 4075 1475 4170 Aegypto
1522 4076 1643 4142 datum
1679 4085 1765 4140 erat.
1835 4069 1888 4140 lta
1928 4068 1992 4141 lex
2025 4069 2106 4142 Dei
2142 4089 2216 4148 erat
2256 4079 2420 4159 domina,
2466 4096 2502 4153 et

494 4183 662 4269 regnavit.
713 4176 761 4249 Et
777 4192 857 4270 post
877 4175 973 4250 hunc
995 4175 1221 4271 Nepherites,
1246 4175 1416 4261 Achoris,
1442 4191 1475 4247 et
1521 4173 1649 4243 rectrix
1683 4166 1790 4238 huius
1824 4170 1966 4260 populi,
2000 4197 2065 4242 nec
2097 4177 2294 4271 quisquam·
2316 4181 2502 4270 appetebat

493 4278 711 4354 Nectanabos
735 4284 836 4374 prior
862 4293 897 4349 et
925 4283 1117 4371 posterior,
1150 4307 1255 4376 quem
1279 4280 1413 4370 expulit
1434 4303 1474 4347 ex
1522 4295 1691 4361 regnum,
1717 4271 1798 4362 quia
1821 4271 1995 4357 sciebant,
2019 4268 2116 4346 hunc
2131 4279 2302 4368 populum
2319 4274 2399 4349 Dei
2417 4305 2501 4369 esse,

495 4402 601 4474 regno
621 4381 782 4454 Persicus
817 4405 877 4451 rex
900 4376 1045 4465 Ochus,
1076 4383 1138 4474 qui
1162 4382 1298 4453 Sidone
1330 4380 1474 4449 incensa
1522 4387 1556 4444 et
1581 4398 1600 4442 a
1621 4368 1705 4440 Deo
1726 4372 1881 4463 protegi,
1911 4397 1976 4444 nec
1997 4370 2162 4446 humanis
2177 4380 2335 4448 consiliis
2348 4382 2499 4453 formam

495 4500 696 4568 progressus
718 4483 937 4577 recuperavit
960 4481 1171 4575 Aegyptum.
1233 4480 1387 4571 Fugiens
1410 4505 1475 4550 au.
1521 4473 1788 4566 gubernationis
1815 4498 1946 4544 novam
1976 4480 2260 4556 constituendam
2287 4503 2377 4565 esse,
2409 4484 2500 4557 sicut

496 4593 566 4649 tem
590 4578 807 4656 Nectanebos
836 4587 875 4657 in
905 4578 1155 4676 Aethiopiam,
1187 4585 1268 4654 exul
1294 4584 1346 4654 ibi
1376 4607 1474 4652 mor·
1522 4576 1671 4647 Gedeon
1692 4575 1828 4669 inquit:
1860 4573 1942 4646 Non
1963 4578 2175 4650 dominabor
2196 4580 2320 4666 vestri,
2347 4606 2411 4652 nec
2432 4587 2498 4655 do-

496 4697 577 4751 tuus
595 4692 657 4750 est.
1519 4678 1714 4749 minabitur
1729 4677 1836 4747 vestri
1851 4677 1945 4775 lilius
1960 4702 2078 4760 meus,
2103 4683 2162 4750 sed
2181 4682 2423 4769 dominabitur
2437 4710 2499 4757 vs-

595 4782 735 4854 Deindc
754 4798 832 4874 post
855 4811 967 4862 annos
991 4786 1065 4857 lere
1087 4784 1214 4877 viginti
1237 4798 1403 4877 occupata
1423 4796 1474 4853 est
1520 4781 1585 4850 stri
1620 4773 1821 4849 Dominus.
1894 4777 1956 4850 Sic
1990 4779 2163 4853 divinitus
2206 4798 2410 4856 conservata
2446 4801 2499 4861 est

495 4881 676 4977 Aegyptus
698 4885 744 4953 ab
760 4881 980 4976 Alexandro,
1005 4904 1085 4981 post
1109 4911 1214 4981 quem
1237 4889 1313 4958 nati
1334 4911 1376 4958 ex
1392 4886 1474 4955 Ma·
1520 4877 1607 4952 haec
1630 4878 1863 4952 Aristocratia
1883 4904 1996 4952 annos
2016 4896 2096 4973 post
2120 4881 2221 4963 losue
2243 4896 2417 4955 trecentos
2440 4890 2497 4958 vi-

495 4986 663 5062 cedonica
685 4986 796 5076 stirpe
816 5010 913 5076 reges
925 4989 1077 5086 Aegypti
1094 4991 1255 5071 fuerunt,
1280 4991 1326 5059 de
1342 4989 1473 5082 quibus
1519 4983 1610 5073 ginti
1629 4983 1804 5074 quinque,
1830 5004 1941 5073 usqne
1961 4985 2005 5052 sd
2029 4998 2179 5054 mortem
2200 4979 2271 5056 Eli.
2322 4983 2499 5064 Excitavit

494 5085 588 5154 inira
603 5087 759 5158 dicemus
775 5088 814 5155 in
831 5090 931 5159 tertia
946 5088 1164 5165 monarchia.
1322 5086 1328 5095 ‘
1519 5100 1635 5155 autern
1659 5082 1758 5152 Deus
1780 5081 1868 5149 alias
1888 5083 2011 5150 exalia
2037 5084 2133 5153 tribu
2149 5085 2292 5154 soelices
2311 5089 2435 5174 duces,
2455 5105 2498 5163 ut

596 5186 701 5258 Nunc
733 5204 890 5259 veterum
918 5212 1037 5279 regum
1061 5192 1318 5289 Aegyptiorum
1340 5186 1471 5257 catalo-
1519 5185 1735 5265 ostenderet,
1759 5181 1881 5250 divina
1906 5183 2063 5272 potentia
2086 5185 2205 5275 colligi
2220 5198 2254 5255 et
2277 5191 2409 5260 servari
2424 5187 2496 5263 Ec-

494 5310 577 5377 gum
607 5291 792 5375 contexui,
824 5304 865 5359 ut
892 5289 1011 5383 aliquo
1038 5298 1144 5366 modo
1170 5288 1326 5384 conspici
1349 5287 1470 5380 possit,
1518 5286 1676 5371 clesiam,
1709 5305 1778 5352 nee
1805 5282 1966 5352 foelicem
1990 5306 2064 5353 esse
2085 5287 2393 5375 gubernationem,
2424 5293 2496 5364 nisi

493 5393 671 5481 quomodo
687 5392 794 5461 series
809 5414 929 5460 rerum
947 5386 1236 5485 Aegyptiacorum
1257 5395 1302 5463 ad
1319 5391 1470 5484 primam
1517 5381 1600 5455 Deo
1622 5385 1774 5460 iuvante.
1825 5381 1943 5455 Simul
1965 5398 2082 5455 autem
2103 5387 2317 5460 defensionis
2341 5392 2494 5464 miracu-

493 5505 526 5560 et
545 5495 736 5564 secundam
760 5486 1024 5573 monarchiam,
1053 5505 1088 5563 et
1109 5498 1154 5563 ad
1174 5495 1337 5588 politiam
1362 5489 1469 5560 lsrael
1516 5489 1550 5558 la
1564 5486 1764 5557 testimonia
1779 5485 1923 5556 fuerunt
1940 5488 1984 5555 de
2002 5488 2161 5559 doctrina
2177 5483 2261 5560 huic
2283 5493 2406 5582 populi
2421 5505 2494 5562 tra·

493 5607 675 5683 congruat.
732 5590 910 5664 Excellnit
935 5603 1053 5661 antem
1077 5587 1256 5686 Aegyptus
1279 5594 1415 5666 artibus
1435 5602 1470 5662 et
1516 5590 1608 5674 dita,
1641 5601 1676 5659 et
1704 5588 1933 5657 ostenderunt
1960 5587 1999 5656 in
2029 5582 2097 5658 hoc
2120 5592 2253 5683 populo
2281 5612 2362 5658 vere
2387 5591 2497 5663 inisse

492 5691 646 5779 legibus,
677 5708 712 5763 et
734 5694 989 5788 aliquantisper
1016 5691 1178 5763 doctrino
1198 5692 1324 5788 loseph
1345 5691 1469 5766 Eccle-
1514 5686 1707 5761 Ecclesiam
1732 5683 1821 5768 Dei,
1853 5700 1889 5760 et
1911 5704 2128 5778 praesentem
2149 5691 2189 5759 in
2213 5713 2252 5759 ca
2275 5710 2348 5758 esse
2363 5687 2495 5766 Deum.

491 5791 578 5860 siam
607 5793 659 5864 ibi
686 5796 917 5886 plantaverat.
973 5791 1045 5866 Sed
1076 5790 1222 5886 reliquis
1249 5794 1469 5887 ternporibus
1514 5786 1568 5862 Ac
1582 5793 1689 5864 duces
1702 5802 1780 5884 post
1795 5786 1897 5860 losua
1913 5789 2076 5861 luerunt:
