6025 6775
444 623 518 699 aea
704 593 708 604 '
1127 615 1159 694 1.
1198 604 1769 720 cunonrcoucamonts
2380 640 2455 715 793

437 795 483 866 133
498 796 544 867 ad
561 791 792 868 Artemisium
815 813 891 861 non
911 809 1037 879 magna
1056 787 1145 874 fuit,
1169 788 1229 859 sed
1253 789 1337 882 qnia
1353 787 1422 858 fuit
1472 780 1605 854 Persici
1621 785 1810 873 exercitus,
1835 798 1875 858 ut
1890 783 2021 861 Xerxes
2037 808 2117 887 post
2134 820 2263 888 paucos
2283 807 2358 880 dics
2372 827 2452 905 post

437 898 565 982 foelix,
589 895 700 967 erexit
718 891 935 965 Graecorum
950 891 1089 962 animos
1101 891 1146 961 ad
1164 890 1420 973 defensionem,
1472 878 1541 955 hoe
1572 887 1745 978 praelium
1770 910 1880 981 parvo
1905 894 2047 984 navigio
2070 898 2209 989 fugiens
2241 901 2387 984 redierit
2412 916 2449 986 in

438 1012 472 1071 et
496 1001 541 1069 ad
565 1019 686 1068 curam
707 993 941 1068 instituendae
963 991 1093 1080 classis.
1150 988 1311 1080 Pugnam
1334 1012 1418 1060 vero
1469 981 1605 1059 Asiam.
1656 986 1817 1062 Relietus
1833 1004 1884 1062 est
1898 991 2007 1082 igitur
2021 993 2234 1076 Mardonius
2254 1031 2334 1080 eum
2353 1037 2451 1085 exer-

437 1102 483 1169 ad
507 1094 765 1191 Thermopylas
789 1116 910 1164 omnes
940 1107 1070 1163 aetates
1099 1092 1291 1161 admiratae
1323 1105 1417 1165 sunt.
1469 1088 1542 1160 citu
1562 1089 1602 1158 in
1625 1087 1795 1174 Graecia,
1822 1093 2053 1168 dimicaturus
2077 1102 2242 1192 interra,
2266 1124 2301 1181 et
2315 1113 2449 1203 ingenti

437 1198 495 1271 {bi
516 1198 611 1267 enim
633 1223 710 1268 cum
725 1196 869 1283 exiguus
885 1195 1057 1264 exercitus
1082 1193 1274 1263 custodiret
1289 1194 1417 1277 fauces,
1440 1219 1444 1264 ε
1469 1191 1601 1280 praelio
1617 1194 1660 1261 ad
1677 1190 1813 1265 Plateas
1826 1195 1940 1264 victus
1954 1212 2022 1279 est,
2049 1217 2082 1274 et
2099 1200 2247 1280 Graecia
2265 1224 2339 1284 toto
2353 1218 2448 1290 bello

435 1301 584 1372 trecenti
599 1296 882 1379 Lacedaemonii,
909 1295 1159 1387 quadringenti
1172 1290 1356 1379 Thebani,
1382 1308 1417 1366 et
1466 1288 1607 1362 Persico
1630 1294 1776 1367 liberal&
1802 1309 1862 1368 e⁸1·
1916 1295 2148 1375 Mlldfflllum
2175 1309 2229 1378 Vl!
2252 1310 2449 1403 SP³rl³n¹¹⁸

435 1426 477 1471 ex
502 1401 580 1470 aliis
600 1397 686 1466 locis
704 1395 876 1466 Graeciae
900 1396 1042 1466 circiter
1064 1395 1132 1464 tria
1145 1394 1268 1469 millia.
1317 1391 1416 1466 Pho-
1466 1394 1660 1481 interfecit,
1684 1397 2247 1497 coniectolapideincaputeius.
2299 1413 2448 1491 Hicfuit

435 1498 676 1589 censeoprimi,
692 1499 822 1567 deinde
836 1497 898 1567 alii
910 1497 1145 1568 discesserunt
1159 1509 1416 1587 antepngnam,
1466 1495 1579 1565 exitus
1609 1498 1685 1567 eius
1717 1500 1804 1580 viri,
1842 1501 1903 1593 qui
1919 1505 2119 1598 ¹praecipue
2150 1505 2311 1586 hortator
2332 1519 2447 1594 fuerat

432 1605 491 1671 sed
509 1613 715 1670 manserunt
729 1598 799 1669 soli
816 1598 867 1667 ibi
884 1595 1173 1682 Lacedaemonii,
1199 1593 1365 1668 Thebani
1379 1610 1414 1668 et
1466 1595 1680 1685 suscipiendi
1703 1593 1810 1672 huius
1833 1599 1929 1675 belli·

392 1696 677 1792 ·Thespienses.
731 1696 800 1768 Hic
818 1722 948 1790 parvus
971 1721 1139 1771 numerus
1154 1698 1345 1770 trucidavit
1359 1699 1413 1767 vi·
1565 1696 1659 1767 Sunt
1683 1713 1800 1770 autem
1826 1705 1982 1796 exempla
2007 1708 2044 1776 in
2072 1703 2136 1780 hac
2153 1705 2300 1787 historia
2327 1724 2445 1792 consi-

429 1801 518 1891 ginti
533 1801 647 1871 millia
663 1802 701 1869 in
716 1801 870 1872 exercitu
883 1798 1029 1882 Xerxis,
1056 1802 1116 1871 sed
1134 1802 1202 1891 ipsi
1225 1801 1333 1871 simul
1354 1798 1414 1872 in·
1465 1796 1942 1892 derationedignaplurima.
1996 1806 2175 1892 Primum,
2197 1821 2446 1912 nequfsfidu·

430 1904 565 1976 ter-fecti
579 1916 675 1987 sunt,
700 1900 970 1971 Lacedaemonii
983 1916 1016 1973 et
1030 1897 1265 1994 Thespienses
1279 1924 1413 1988 omnes,
1464 1898 1517 1966 cia
1546 1904 1724 1988 potentiae
1752 1924 1808 1970 res
1839 1928 1913 1973 nou
1940 1912 2150 1983 necessarias
2173 1935 2327 2007 moveat,
2360 1927 2444 2017 qnia

429 2018 568 2098 pmm
583 2007 682 2074 duos·
733 2001 806 2072 Nec
822 2003 890 2072 ὠὴ
907 2004 1033 2073 simili,
1049 2026 1165 2094 Pugna
1182 2015 1275 2074 extat
1297 2004 1336 2071 in
1354 1998 1411 2073 hi.
1463 1996 1559 2070 Deus
1581 2001 1700 2073 subito
1716 2026 1878 2092 magnam
1897 2013 2091 2096 potentiam
2108 2015 2225 2088 delere
2246 2036 2379 2110 potest,
2403 2042 2445 2097 ut

429 2107 567 2192 storiis,
603 2117 740 2198 praeter
760 2102 981 2175 Helveticum
1006 2105 1137 2176 factum
1162 2107 1206 2174 ad
1222 2103 1411 2192 Basilcam,
1462 2095 1679 2173 bochellum
1696 2116 1778 2173 ante
1794 2105 1979 2176 biennium
1997 2111 2136 2184 finitum
2153 2131 2215 2193 est.
2255 2118 2314 2192 Ad
2326 2120 2444 2198 Ther-

426 2218 586 2300 1pmp0fe
604 2205 752 2300 synodi,
783 2229 861 2274 com
878 2202 973 2299 Papa
990 2206 1029 2274 in
1041 2204 1272 2276 Germaniam
1293 2207 1411 2276 misis-
1461 2204 1623 2297 mopylas
1647 2204 1852 2277 dimicatum
1879 2221 1930 2279 est
1957 2232 2075 2281 mense
2103 2212 2228 2300 lunio,
2263 2235 2297 2294 ct
2318 2224 2443 2299 iisdem

403 2323 479 2380 ,222
502 2304 723 2400 Delphinum
744 2303 924 2376 Gallicum
950 2332 1030 2378 cum
1053 2307 1206 2377 exercitu
1226 2304 1410 2376 Armoria-
1460 2303 1533 2372 fere
1549 2304 1675 2375 diebus
1690 2307 1733 2374 ad
1748 2305 1978 2380 Artemisium
1995 2314 2096 2402 pulsa
2112 2320 2443 2402 estclassisXerxis.

426 2433 569 2493 comm,
594 2409 753 2500 quicum
776 2430 940 2497 magnam
962 2409 1203 2478 crudelitatem
1218 2408 1257 2475 in
1273 2406 1409 2478 Alsatia
1460 2401 1599 2475 Deinde
1619 2408 1675 2475 'ad
1701 2406 1918 2479 Salaminem
1950 2411 2033 2484 vicit
2067 2411 2203 2488 Graeca
2231 2424 2352 2496 classis
2385 2432 2444 2501 dic

428 2510 678 2593 exercuissent,
711 2510 754 2579 ad
778 2506 954 2576 Basileam
976 2521 1213 2592 accesserunt,
1241 2508 1293 2577 ibi
1308 2532 1327 2578 a
1344 2510 1408 2581 tri·
1462 2508 1521 2580 16.
1537 2505 1673 2579 Martii.
1725 2508 1850 2580 Postea
1866 2510 2061 2585 trucidatus
2075 2529 2127 2586 est
2142 2515 2325 2594 Mandonii
2343 2552 2442 2602 exer-

426 2614 495 2682 hus
510 2611 667 2682 millibus
681 2608 927 2678 Helvetiorum
943 2610 1056 2678 millia
1079 2605 1264 2680 hominum
1280 2610 1408 2698 viginti
1458 2608 1548 2678 citus
1569 2609 1626 2679 die
1648 2607 1682 2679 4.
1705 2605 1867 2699 Augusti.
1921 2611 2078 2687 Traiccit
2105 2632 2222 2692 autem
2244 2623 2378 2701 Xerxes
2402 2635 2440 2703 in

426 2713 466 2781 in
482 2710 621 2782 Gallico
637 2711 790 2781 exercitu
807 2709 977 2780 trucidata
995 2723 1097 2794 sunt,
1121 2712 1181 2780 sed
1195 2710 1302 2782 simul
1318 2709 1407 2782 Hel·
1457 2704 1657 2801 Europam,
1683 2710 1722 2779 in
1741 2709 1831 2781 Vere
1854 2714 1939 2782 anni
1954 2717 2164 2806 superioris,
2191 2738 2224 2794 et
2246 2741 2325 2816 post
2341 2731 2440 2804 Sala·

424 2813 509 2884 vetii
524 2814 674 2884 victores
688 2810 947 2892 occubuerunt,
968 2834 1118 2903 cumque
1132 2811 1302 2904 reliquiae
1317 2811 1406 2882 Gal·
1456 2810 1603 2877 miniam
1628 2835 1781 2901 pugnam
1804 2814 1911 2900 fugit,
1937 2838 2046 2906 quare
2066 2843 2139 2890 non
2156 2826 2270 2895 multo
2287 2830 2367 2917 plus
2383 2835 2438 2902 in-

422 2915 483 2986 lici
501 2915 675 2985 exercitus
697 2915 877 3003 fugerent,
905 2909 1099 2984 Germania
1120 2913 1184 2984 illo
1203 2925 1337 2983 terrore
1360 2913 1406 2981 li·
1457 2923 1661 2999 tegroanno
1684 2913 1751 2980 fuit
1774 2914 1811 2981 in
1828 2911 1984 3004 Europa.
2036 2916 2174 2990 Deinde
2196 2929 2438 3004 consideretur

421 3018 541 3088 hm„
561 3029 624 3092 en·
1455 3010 1613 3081 studium
1639 3014 1848 3083 concordiae
1872 3017 2023 3088 tuendae
2044 3033 2189 3111 propter
2210 3049 2435 3103 communem

520 3116 608 3190 post
638 3137 792 3209 pugnam
834 3117 873 3186 in
908 3112 1161 3212 Thermopylis
1192 3114 1405 3187 Mardonius
1455 3112 1622 3193 salutem,
1648 3116 1742 3207 quod
1763 3110 2091 3193 inAtheniensibus
2107 3121 2246 3215 insigne
2259 3129 2345 3212 fuit,
2372 3137 2435 3228 qui

423 3220 610 3292 exercitum
626 3219 664 3288 in
685 3214 870 3288 Graeciam
887 3219 1008 3305 duxit,
1031 3243 1181 3314 cumque
1204 3212 1403 3289 Phocenses
1454 3215 1571 3286 statim
1587 3215 1691 3285 initio
1705 3238 1879 3287 summam
1904 3219 2044 3312 imperii
2059 3221 2345 3303 Lacedaemoniis
2361 3259 2435 3308 ces-

423 3335 459 3395 et
480 3316 645 3395 Thebani
668 3342 706 3392 se
734 3319 766 3390 ei
791 3318 1043 3410 adiungerent,
1079 3322 1177 3393 misit
1205 3321 1338 3410 legatos
1359 3321 1402 3390 ad
1452 3330 1586 3392 serunt.
1636 3314 1761 3389 Postea
1774 3331 1855 3390 ante
1869 3343 2024 3413 pugnam
2040 3325 2085 3397 ad
2101 3323 2248 3418 Pluteos,
2273 3359 2353 3407 cum
2362 3334 2435 3410 Ar-

421 3418 673 3510 Arhenienses,
697 3422 760 3517 qui
778 3415 1026 3509 hortarentur,
1050 3437 1090 3494 ut
1106 3423 1209 3493 certis
1226 3421 1403 3492 conditio·
1453 3422 1554 3490 cades
1583 3432 1665 3489 ante
1687 3421 1782 3512 ipsos
1804 3423 1969 3494 collocari
1996 3427 2145 3511 vellent,
2176 3433 2279 3523 aiunt
2300 3462 2337 3507 se
2359 3463 2433 3511 nou

420 3528 530 3597 nibus
549 3542 585 3595 te
601 3525 717 3596 Persis
740 3525 921 3598 dederent.
972 3523 1044 3596 Sed
1066 3537 1161 3596 tanta
1179 3523 1249 3595 fuit
1265 3523 1403 3611 magni·
1451 3536 1610 3592 moturos
1632 3544 1705 3591 esse
1728 3523 1936 3594 seditionem
1960 3527 2030 3597 loci
2053 3552 2177 3617 causa,
2203 3536 2264 3606 sed
2278 3539 2433 3612 ubicun-

421 3629 509 3699 tudo
532 3626 749 3711 animorum,
773 3638 908 3696 utnon
930 3626 1002 3696 sint
1016 3627 1186 3695 admissae
1206 3625 1301 3695 ullae
1316 3647 1402 3694 con·
1451 3647 1520 3715 que
1534 3623 1772 3711 collocentur,
1797 3649 1834 3695 se
1850 3626 1926 3697 fore
1947 3630 2041 3699 viros
2060 3631 2179 3705 fortes.
2231 3635 2310 3729 lpse
2325 3643 2430 3714 etiam

421 3728 577 3798 ditiones
603 3727 805 3802 deditionis.
868 3723 960 3797 Cum
989 3740 1106 3798 autem
1141 3726 1228 3795 civis
1256 3726 1400 3817 quidam
1451 3719 1706 3795 Themistocles
1719 3727 1820 3810 dixit,
1845 3750 1882 3797 se
1895 3730 2018 3799 vicisse
2034 3732 2148 3805 socios
2163 3737 2348 3827 patientia,
2373 3770 2431 3815 ce-

421 3825 670 3908 Apbenffen⁸{,‚
696 3850 801 3920 quem
823 3825 1026 3900 Herodotus
1046 3827 1214 3923 Lycidam
1230 3827 1402 3911 nominat,
1449 3826 1586 3898 feritate
1603 3821 1731 3902 hostes.
1783 3827 1906 3901 Tertio
1931 3829 1969 3898 in
1986 3827 2053 3903 hac
2071 3833 2242 3909 brevitate
2261 3847 2430 3936 temporis

416 3923 677 4005 Demosthenes
706 3926 901 4023 Cyrsilum,
934 3952 1056 4001 suasor
1085 3943 1174 4001 esset
1204 3929 1401 4019 accipiendi
1449 3928 1710 4013 consideretur,
1734 3945 1907 4022 qnantum
1931 3935 2041 4022 prosit
2063 3932 2238 4026 celeritas,
2264 3967 2309 4013 ne
2324 3946 2429 4018 detur

418 4034 657 4117 conditiones,
689 4031 818 4101 caeteri
843 4031 936 4101 cives
958 4027 1194 4104 Athenienses
1221 4030 1401 4122 lapidibus
1449 4031 1605 4121 spacium
1628 4031 1884 4118 perterrefactis
1909 4027 2069 4104 hostibus
2091 4059 2165 4109 sese
2188 4064 2311 4113 rursus
2326 4047 2427 4116 colli-

417 4160 496 4209 eum
528 4136 740 4208 obruerunt.
797 4130 979 4205 Necarunt
1007 4146 1042 4204 et
1067 4134 1234 4204 mulieres
1262 4128 1400 4204 Atticae
1447 4131 1568 4219 gendi.
1620 4129 1720 4199 Sicut
1742 4127 1854 4198 lulius
1870 4131 2123 4224 interrogatus,
2147 4145 2325 4234 quomodo
2345 4159 2428 4217 tan·

417 4262 560 4311 uxorem
585 4237 661 4308 cius
689 4233 881 4327 lapidibus.
942 4233 1079 4306 Tantus
1098 4236 1167 4307 fuit
1191 4236 1298 4305 ardor
1321 4233 1400 4302 ani·
1449 4245 1499 4301 tas
1516 4253 1571 4299 res
1586 4228 1803 4321 perfecisset,
1832 4234 2031 4323 respondit:
2063 4236 2201 4330 Μηδὲν
2217 4239 2426 4338 ἀναβαλλό-

419 4363 557 4409 morum
570 4339 610 4407 in
627 4336 834 4415 defensione
849 4335 1002 4424 patriae,
1024 4338 1108 4428 quia
1123 4337 1295 4405 barbaros
1310 4335 1399 4403 scie·
1446 4356 1567 4425 μενος·
1632 4326 1680 4401 Εἰ
1707 4326 1980 4423 reprehessdllut
2006 4331 2185 4421 Annibal,
2221 4348 2318 4437 quod
2347 4364 2427 4442 post

418 4437 505 4506 bant
519 4438 659 4509 abolitis
677 4438 813 4530 legibus
829 4448 863 4504 et
879 4435 1064 4525 disciplina
1084 4434 1253 4504 Graeciae
1273 4436 1399 4505 crude-
1447 4447 1584 4524 captam
1598 4430 1769 4524 Captuam
1785 4457 1860 4506 non
1874 4435 2012 4506 obsedit
2028 4440 2152 4510 urbem
2167 4439 2331 4523 Romam.

419 4536 501 4608 1120,-
517 4535 749 4626 imperaturos
774 4560 865 4616 esse,
893 4548 927 4605 et
950 4536 1135 4625 coniuges,
1161 4537 1273 4621 filios,
1296 4536 1399 4623 filias,
1548 4532 1684 4623 Quarto
1699 4537 1856 4628 exempla
1865 4540 2119 4627 praestantium
2135 4544 2293 4617 virorum
2308 4549 2348 4620 in
2357 4547 2424 4624 hac

417 4640 454 4711 'et
470 4636 652 4708 facultates
669 4655 869 4733 erepturus,
894 4637 1025 4731 quibus
1042 4639 1187 4709 vellent.
1238 4636 1305 4707 His
1320 4662 1398 4708 ma·
1446 4633 1595 4707 historia
1617 4637 1836 4727 intueamur,
1862 4640 1925 4732 qui
1942 4654 2022 4731 post
2043 4642 2227 4716 victoriam
2244 4648 2327 4722 elati
2344 4674 2425 4724 sue·

418 4742 463 4809 lis
486 4735 664 4810 servitutis
686 4755 834 4814 mortem
856 4741 1140 4832 anteponendam
1173 4763 1246 4809 esse
1267 4751 1399 4810 statue·
1447 4739 1602 4809 cessibns
1624 4739 1705 4809 facti
1727 4753 1810 4811 sunt
1830 4753 1890 4811 ant
1907 4742 2178 4834 negligentiores
2190 4761 2253 4821 aut
2265 4750 2425 4825 insoleu-

416 4856 520 4924 runt,
545 4851 584 4910 nt
600 4861 697 4909 nnnc
712 4839 862 4915 ancica
876 4841 1038 4938 tyrannis
1055 4840 1210 4929 ingentia
1232 4842 1325 4909 mala
1342 4864 1399 4910 se·
1446 4843 1572 4924 tiores,
1597 4853 1631 4911 et
1653 4841 1801 4929 tragicos
1822 4842 1934 4913 exitus
1953 4839 2169 4933 habuerunt,
2195 4852 2424 4927 utdiscemus

418 4965 499 5012 cum
522 4943 648 5011 adfert.
699 4935 780 5011 Etsi
802 4944 910 5033 igitur
933 4966 1047 5037 poena
1068 4942 1222 5037 Lycidae
1245 4942 1399 5012 atrocior
1446 4938 1533 5012 haec
1561 4942 1671 5012 dicta:
1709 4939 1807 5013 Deus
1841 4944 2004 5035 superbis
2040 4947 2186 5034 resistit,
2226 4947 2424 5029 humilibus

416 5044 524 5113 fuisse
540 5042 700 5126 videtur,
726 5054 842 5111 tamen
862 5045 978 5134 palam
999 5045 1131 5115 iniusta
1145 5043 1292 5114 consilia
1308 5043 1398 5113 dau·
1445 5057 1562 5114 autem
1580 5043 1639 5111 dat
1654 5042 1813 5130 gratiam.
1866 5043 1972 5114 ltem:
1996 5041 2226 5121 abominatio
2241 5068 2293 5126 est
2305 5081 2423 5129 coram

417 5159 469 5216 tes
481 5142 609 5235 P⁰¹¹lf⁰
623 5143 755 5214 iustum
772 5154 837 5211 θη,
1445 5142 1603 5216 Domino
1618 5141 1793 5237 quidquid
1809 5155 1860 5215 est
1872 5146 2024 5216 sublime
2038 5172 2156 5245 coram
2173 5146 2392 5235 hominibus.

517 5244 641 5334 pogna
656 5246 702 5315 ,d
721 5241 935 5315 salaminam
955 5249 1107 5321 insulam
1124 5244 1396 5315 celebratissima
1546 5234 1761 5313 Pausaniae
1780 5241 1967 5337 Spartani,
1998 5250 2061 5342 qni
2084 5252 2157 5322 dux
2178 5254 2249 5328 fuit
2271 5261 2317 5330 ad
2339 5258 2424 5332 Pla·

2670 749 2683 792 b

418 5362 488 5434 est,
513 5348 552 5416 in
571 5370 640 5441 qna
657 5344 793 5417 Graeca
810 5344 947 5430 classis,
970 5351 1115 5421 navium
1138 5345 1214 5417 878
1236 5359 1312 5418 toto
1340 5346 1398 5415 die
1446 5360 1537 5432 teas,
1563 5359 1662 5417 tanta
1677 5345 1745 5417 fuit
1761 5348 1932 5419 modestia
1946 5349 1986 5418 in
2001 5350 2166 5440 victoria,
2190 5371 2231 5430 ut
2245 5382 2324 5430 cum
2341 5384 2421 5431 eum

416 5451 613 5542 praelians,
637 5446 815 5519 Persicam
829 5466 918 5539 quae
934 5448 1047 5519 multo
1062 5450 1176 5521 maior
1193 5450 1325 5533 fuerat,
1348 5447 1399 5517 ita
1446 5443 1723 5518 adhortarentur
1737 5447 1905 5540 qnidam,
1928 5463 1970 5522 ut
1983 5453 2095 5544 capita
2109 5452 2331 5529 Persicorum
2355 5463 2424 5533 du·

417 5551 623 5644 dissipavit,
653 5564 694 5622 nt
718 5547 893 5640 plurimae
917 5568 1025 5616 naves
1044 5548 1171 5621 Xerxis
1199 5550 1400 5621 submersae
1447 5573 1528 5620 cum
1541 5548 1805 5619 interfectomm
1819 5550 1975 5640 affigeret
1988 5555 2095 5641 cruci,
2120 5558 2209 5629 sicot
2224 5556 2350 5630 Persae
2364 5585 2424 5632 ca·

418 5652 489 5722 sint
498 5702 511 5736 ,
535 5666 571 5723 et
587 5652 763 5726 trucidata
777 5670 903 5740 magna
917 5670 998 5741 pars
1012 5651 1182 5721 exercitus
1194 5651 1342 5737 navalis,
1367 5664 1401 5721 et
1447 5664 1512 5744 put
1525 5649 1705 5721 Leonidae
1727 5652 1818 5740 regis
1833 5649 2000 5742 Spartani
2021 5655 2131 5726 simili
2143 5659 2355 5731 contumelia
2370 5663 2424 5732 af·

416 5753 589 5848 reliquiae
621 5755 705 5843 fuga
735 5752 921 5825 evaserint.
979 5746 1133 5841 Fuitque
1159 5764 1258 5827 tanta
1285 5754 1402 5824 clades
1448 5756 1620 5840 fecerant,
1651 5753 1904 5926 responderfiih
1923 5778 1960 5826 se
1992 5770 2152 5828 mortuos
2174 5758 2275 5831 nulla
2299 5776 2425 5838 contu-
