6025 6775
425 633 501 705 298
987 629 1145 710 DECL.
1178 628 1253 706 DE
1284 630 1594 726 Luuottco
1628 633 1885 714 BAVARO.
2367 648 2443 723 294

423 802 622 883 lumensi,
647 802 712 896 qui
734 816 769 874 et
788 800 957 894 Princeps
980 816 1014 873 et
1035 800 1236 876 Cardinalis
1255 818 1329 879 erat
1350 830 1411 876 cr·
1459 807 1554 879 dicto
1581 804 1805 900 Epicharmi:
1846 814 1942 907 νῆφε
1974 810 2038 884 καὶ
2066 809 2234 908 μέμνησο
2265 814 2442 905 ἀπιστεῖν,

370 926 374 945 ·
424 905 553 975 cellans
568 905 711 978 virtute.
1459 908 1588 1005 ἄρθρα
1601 914 1722 981 ταῦτα
1736 916 1814 983 τῶν
1829 917 1990 1008 φρενῶν.
2016 913 2088 986 Nec
2105 915 2234 986 fiducia
2249 909 2442 989 amicorum

530 1054 572 1125 ln
596 1051 653 1127 his
695 1051 973 1127 uaehaclfflust
998 1056 1024 1126 ἰ(
1041 1055 1244 1130 [ludovicus
1289 1060 1410 1127 mode·
1458 1024 1616 1130 resnou
1648 1014 1856 1082 necessarias
1884 1039 2107 1097 moveamus,
2148 1041 2212 1088 nec
2240 1019 2369 1089 deserti
2399 1021 2445 1090 ab

670 1083 693 1151 q
975 1079 996 1146 3
1253 1112 1263 1143 ’
1399 1159 1409 1178 .
1458 1112 1599 1197 amicis,
1621 1115 1827 1203 frangamur
1838 1116 1967 1185 animis
1981 1117 2018 1186 in
2034 1118 2147 1189 causis
2159 1119 2262 1190 iustis
2276 1134 2310 1191 et
2324 1144 2475 1191 neces-

425 1158 519 1229 ratio
544 1158 619 1228 eius
643 1160 745 1228 laude
763 1158 868 1246 digna
892 1171 953 1228 est.
1005 1156 1130 1228 Postea
1148 1156 1284 1231 Romae
1299 1182 1410 1230 creari
1518 1213 1541 1233 ..
2332 1221 2370 1239 ..

427 1259 533 1328 iussi,
560 1255 771 1351 Episcopum
801 1255 1005 1330 Romanum
1029 1257 1174 1330 petrum
1197 1257 1410 1331 Corbafium
1458 1237 1579 1334 sprns,
1606 1218 1665 1283 sed
1682 1238 1701 1285 a
1716 1211 1792 1286 Deo
1809 1228 1968 1307 petamus
1981 1233 2015 1289 et
2030 1235 2247 1313 expectemus
2262 1222 2446 1308 aurrhum,

1459 1330 1548 1386 sicut
1563 1311 1741 1406 Propheta
1760 1316 1894 1409 iuquit:
1926 1317 2030 1389 Pater
2047 1335 2080 1392 et
2098 1336 2209 1393 mater
2222 1325 2444 1419 reliquerunt

361 1395 368 1418 .
427 1361 696 1432 Franciscanum
713 1360 751 1429 in
768 1360 1030 1451 agesilaum,
1059 1385 1098 1431 ac
1114 1361 1314 1432 nominavit
1329 1386 1409 1431 eum
1458 1441 1515 1487 me
1555 1415 1651 1488 Deus
1669 1431 1786 1489 amem
1805 1418 2029 1509 suscepitme

1523 1471 1534 1504 ,
2030 1468 2039 1489 .

428 1462 610 1533 Nicolaum
628 1458 814 1549 Quintum.
866 1460 902 1533 ls
923 1478 957 1533 et
972 1487 1033 1554 sua
1047 1462 1198 1532 fulmina
1213 1477 1335 1533 contra
1353 1462 1410 1533 lo·

427 1560 578 1633 hannem
593 1560 806 1633 Vicesimum
821 1567 1015 1635 secundum
1032 1565 1155 1636 edidit.
1203 1562 1411 1635 llicrursus
1562 1563 1638 1638 Etsi
1654 1582 1770 1637 autem
1788 1568 1870 1637 vivo
1887 1567 2071 1639 Ludovico
2089 1572 2445 1662 etelegeruntetco-

425 1666 643 1757 disputatum
665 1679 732 1735 est:
759 1661 819 1734 An
835 1670 877 1736 ad
894 1664 1148 1756 Imperatorem
1166 1667 1221 1736 ius
1238 1666 1412 1758 pertineat
1459 1685 1633 1745 ronarunt
1650 1665 1829 1739 Electores
1846 1670 1991 1762 quidam
2006 1668 2188 1741 Carnium:
2214 1686 2328 1743 tamen
2342 1687 2446 1744 auto-

426 1765 606 1836 adimendi
639 1766 845 1855 dignitatem
870 1767 1051 1852 Pontifici,
1085 1780 1117 1837 et
1142 1768 1251 1837 alium
1275 1767 1410 1840 consti·
1460 1771 1547 1840 ritas
1568 1766 1683 1840 adhuc
1699 1785 1795 1841 tanta
1813 1772 1881 1841 fuit
1896 1768 2071 1840 Ludovici
2090 1784 2124 1841 et
2139 1772 2320 1843 civitatum
2337 1776 2446 1846 bene·

425 1867 573 1951 tuendi,
608 1879 641 1937 et
671 1893 742 1961 qrrn
771 1870 897 1937 ordine
920 1865 987 1938 hoc
1009 1869 1085 1937 fieri
1108 1870 1261 1940 debeat?
1313 1868 1412 1939 Sicut
1461 1873 1617 1941 volentia
1637 1895 1718 1959 erga
1741 1896 1821 1941 eum
1845 1884 1958 1958 tanta,
1991 1887 2030 1942 ut
2055 1872 2161 1942 armis
2182 1869 2331 1944 Carolus
2352 1872 2446 1945 nihil
2517 1877 2519 1888 '

429 1966 518 2043 Otto
544 1967 685 2038 Primus
711 1968 875 2040 Pontifici
905 1971 1044 2061 cognita
1071 1994 1171 2041 causa
1204 1973 1242 2040 in
1266 1970 1411 2066 Synodo
1462 1988 1623 2045 tentaret.
1671 1970 1741 2042 Sed
1755 1985 1834 2060 post
1845 1972 1920 2043 eius
1931 1987 2079 2043 mortem
2092 1974 2281 2045 exercitum
2292 1974 2447 2045 erBoie-

428 2071 633 2161 dignitatem
665 2072 806 2144 ademit.
870 2070 944 2142 N‘ec
971 2072 1120 2143 dubium
1146 2086 1198 2142 est
1217 2069 1411 2142 Ecclesiam
1462 2075 1532 2144 mia
1549 2076 1593 2143 ad
1605 2072 1971 2162 urbemRatispouam
1982 2076 2138 2165 primum
2150 2077 2312 2148 adduxit,
2345 2074 2461 2168 Mor-7

428 2173 555 2243 debere
584 2174 888 2243 munus-docendi
912 2174 1065 2244 adimere
1088 2175 1172 2266 falsa
1196 2172 1412 2251 defendenti,
1462 2192 1544 2247 tuus
1564 2189 1617 2246 est
1636 2188 1752 2244 autem
1767 2173 1972 2245 Ludovieus
1992 2200 2087 2244 anuo
2108 2177 2270 2263 proximo
2286 2191 2365 2270 post
2376 2175 2447 2248 Cs-
2493 2174 2500 2195 '
2558 2180 2561 2186 ’

427 2275 534 2367 idque
557 2274 683 2343 ordine
703 2270 901 2345 faciendum
925 2289 977 2346 est
1000 2299 1101 2344 causa
1126 2275 1278 2364 cognita.
1342 2271 1411 2343 Sed
1463 2279 1532 2348 roli
1561 2278 1769 2347 electionem
1795 2278 1920 2367 quinto
1945 2276 2029 2346 ldus
2053 2272 2222 2347 Octobris
2249 2303 2343 2349 anno
2366 2279 2448 2347 mil-

427 2374 648 2446 Ludovicum
671 2377 822 2468 optarim
848 2378 955 2448 fuisse
978 2390 1181 2446 contentum
1201 2373 1340 2443 iudiciis
1357 2397 1413 2443 sa·
1461 2381 1584 2450 lesimo
1612 2378 1855 2449 trecentesimo
1879 2379 2145 2471 quadragesimo
2165 2382 2333 2470 septimo,
2367 2403 2447 2452 cuna

428 2477 587 2568 pientum
604 2478 647 2545 de
660 2477 720 2563 iis,
745 2503 835 2571 quae
848 2494 948 2549 autea
963 2490 1090 2566 egerat,
1115 2476 1318 2568 praesertim
1333 2498 1412 2543 cum
1461 2506 1574 2554 annos
1594 2494 1664 2550 tres
1688 2494 1722 2549 et
1744 2480 1887 2567 triginta
1909 2480 2004 2551 inter
2028 2503 2170 2570 magnas
2188 2482 2449 2551 adversationes

428 2679 491 2748 ille
505 2677 672 2750 Nicolaus
696 2695 815 2773 postea
839 2694 960 2771 captus
982 2677 1019 2747 in
1038 2676 1193 2750 Galliam
1209 2679 1335 2749 missus
1351 2692 1412 2759 est,
1462 2700 1497 2755 st
1528 2708 1673 2755 suorum
1695 2684 1858 2752 defensor
1881 2708 1954 2753 non
1977 2685 2095 2757 lentus
2118 2698 2216 2758 esset.
2280 2680 2447 2777 Ecqunl

428 2780 492 2851 ubi
521 2784 558 2849 in
588 2806 725 2852 carcere
749 2795 911 2852 mortuus
930 2796 990 2853 est
1058 2781 1126 2855 Sed
1151 2781 1262 2852 animi
1285 2780 1413 2849 irritati
1463 2787 1592 2854 mirum
1617 2784 1720 2855 estin
1738 2785 1814 2853 viro
1833 2787 2079 2875 magnamino,
2105 2811 2184 2856 cum
2201 2786 2308 2859 tantis
2324 2801 2451 2857 eontu-

428 2885 652 2953 contumeliis
685 2883 874 2951 difficulter
904 2884 1041 2953 frenare
1066 2885 1153 2955 iram
1177 2898 1212 2956 et
1237 2881 1414 2949 vindictae
1463 2886 1578 2953 meliis
1601 2885 1820 2974 irritaretur,
1844 2887 1978 2954 nemini
2002 2901 2118 2955 tamen
2138 2912 2296 2978 unquam
2315 2888 2450 2956 bellum

428 2986 655 3076 cupiditatem
686 2999 850 3072 possunt,
892 2986 1094 3077 praesertim
1126 2988 1240 3055 donec
1271 2983 1413 3052 fortuna
1464 2986 1603 3067 intulit,
1637 2984 1695 3050 sed
1724 3006 1861 3074 semper
1884 3000 2020 3054 tantum
2046 2987 2237 3055 inferentes
2260 2988 2367 3055 armis
2389 2986 2464 3062 de·,

428 3099 479 3155 est
501 3084 755 3172 indulgentior.
819 3085 891 3156 Nec
912 3104 992 3179 post
1011 3087 1164 3158 reditum
1188 3111 1229 3156 er
1250 3084 1350 3155 Italia
1376 3084 1413 3152 in
1465 3086 1670 3181 pulit,·qua
1693 3107 1734 3152 ex
1754 3106 1792 3151 re
1814 3084 1959 3171 adparet
1979 3109 2060 3152 eum
2076 3087 2203 3163 fuisse,
2228 3099 2269 3153 ut
2283 3087 2327 3153 de
2341 3083 2452 3155 Lace-

428 3182 659 3253 Germaniam
682 3207 737 3253 res
757 3190 926 3256 memoria
943 3190 1067 3276 dignas
1081 3188 1286 3257 Ludovicus
1300 3186 1415 3275 gessit,
1464 3179 2040 3279 daemoniisThucydidesiriquit:
2065 3178 2272 3278 φιλήσυχοα
2281 3180 2345 3256 καὶ
2357 3179 2449 3280 δρα-

426 3285 567 3371 placare
581 3282 785 3367 Pontifices,
807 3288 868 3377 qui
883 3288 1027 3356 fuerunt
1043 3302 1121 3375 post
1138 3283 1333 3354 lohannem
1352 3283 1415 3351 Vi·
1465 3284 1636 3383 στήριον,
1664 3311 1753 3379 quae
1769 3287 1883 3356 virtus
1901 3286 1938 3354 in
1956 3283 2123 3377 Principe
2138 3301 2268 3379 quanta
2286 3286 2352 3372 sit,
2377 3309 2452 3355 non

428 3382 596 3453 cesimum
620 3382 813 3456 secundum
834 3401 979 3457 conatus
995 3401 1073 3467 est„
1109 3384 1178 3457 Sed
1196 3382 1415 3455 Clementem
1465 3394 1654 3462 obscurum
1680 3401 1742 3462 est.
1794 3387 2060 3458 Haecbreviter
2076 3389 2120 3456 de
2136 3385 2321 3458 Ludovico
2337 3384 2453 3479 lmpe.

426 3476 557 3553 habuit
583 3508 656 3553 non
687 3487 948 3556 clementiorem
972 3483 1133 3558 lohanne
1154 3485 1331 3555 Vicesimo
1361 3509 1417 3556 se·
1465 3508 1580 3563 ratore
1601 3490 1693 3574 diri,
1719 3490 1965 3583 cumquidem
1989 3489 2143 3559 libenter'
2166 3505 2200 3560 et
2221 3490 2324 3580 plura
2339 3484 2453 3560 histo-
2573 3484 2575 3491 ’

427 3585 565 3669 ωΰᾶῡ,
589 3611 697 3678 quare
712 3601 745 3656 el
760 3592 927 3657 adversus
942 3585 1038 3659 hunc
1056 3588 1166 3659 edicit
1183 3587 1306 3656 edidit·
1336 3666 1338 3669 ,
1465 3597 1537 3666 rica
1562 3607 1594 3663 et
1617 3591 1874 3684 disputationes
1898 3590 2077 3680 longiores
2100 3592 2286 3676 adderem,
2311 3591 2340 3660 si
2363 3599 2453 3661 tem-

1465 3720 1531 3788 pus
1549 3707 1738 3787 pateretur.

530 3736 733 3809 infeliciter·
744 3742 847 3809 etiam
865 3741 1042 3830 implicuit
1058 3763 1095 3809 se
1113 3741 1310 3810 discordiae
1325 3743 1415 3811 duo-

429 3862 507 3909 rum
534 3865 653 3930 regum
677 3835 990 3932 Philipinalesii
1021 3857 1054 3911 et
1077 3837 1239 3913 Eduardi
1262 3837 1416 3931 Anglisi,
1567 3842 1637 3916 Sed
1666 3843 1855 3914 utilitatem
1885 3839 1993 3914 huius
2024 3838 2193 3912 historiae
2222 3842 2468 3929 considerate„

428 3940 490 4033 qui
519 3966 598 4011 cum
623 3957 737 4011 essent
760 3942 980 4024 astutissimi,
1013 3943 1117 4011 ambo
1140 3966 1220 4011 eum
1245 3943 1416 4014 ludificati
1466 3945 1613 4030 Monet,
1636 3960 1677 4018 ut
1700 3945 1892 4034 cogitcnurs
1914 3944 1954 4012 in
1976 3943 2083 4015 tantis
2104 3941 2256 4013 miseriis
2277 3938 2455 4015 humanae
2485 3987 2491 3994 ·

430 4056 522 4116 sunt.
565 4042 633 4113 Sed
650 4045 792 4137 utrique
808 4044 934 4112 accidit
949 4043 1130 4136 aliquanto
1146 4038 1305 4134 posthoc
1319 4048 1412 4137 quod
1464 4051 1577 4132 vitae,
1602 4042 1671 4116 hoc
1692 4070 1834 4138 qtaoque
1856 4068 1958 4135 saepe
1978 4045 2155 4129 accidere,
2180 4056 2219 4112 ut
2235 4045 2455 4115 tristissimae

430 4142 575 4215 dicitur:
605 4141 740 4268 peponi
768 4139 918 4237 ἀλώπηξ
947 4137 1056 4243 μόγις
1083 4138 1288 4230 ἁλίσκεται,
1323 4141 1416 4216 ἀλλὰ
1466 4149 1664 4219 discordiae
1687 4148 1732 4214 ab
1756 4146 1949 4213 ambitione
1971 4156 2005 4213 et
2027 4145 2106 4213 aliis
2127 4145 2308 4216 furoribus
2329 4144 2455 4216 Ponti-

430 4241 750 4336 insignitionem.
805 4245 966 4315 Valesius
989 4245 1093 4317 etiam
1117 4271 1158 4316 eo
1183 4247 1416 4323 multumno·
1466 4253 1571 4320 licum
1597 4260 1631 4317 et
1655 4241 1973 4340 sycophantarum,
1999 4246 2059 4338 qui
2081 4246 2221 4314 venales
2235 4248 2373 4334 linguas
2389 4242 2455 4314 ha·

430 4346 716 4434 cuitLudovico‚
741 4350 836 4443 quod
854 4350 955 4417 abeo
972 4344 1415 4438 lohannemregemBoie-
1466 4354 1571 4432 bent‚
1613 4347 1734 4441 quales
1773 4371 1869 4416 nunc
1906 4360 1991 4416 sunt
2027 4343 2243 4438 Staphylus,
2279 4345 2456 4431 Caninius,

376 4506 378 4510 .
430 4450 521 4521 miae
538 4452 717 4532 abstraxit,
741 4453 1037 4543 quisueratantea
1053 4442 1291 4544 παραστάτης
1305 4450 1416 4541 ipsius
1466 4450 1693 4537 Cressauicus
1707 4450 1759 4519 'et
1780 4447 1931 4532 similes,
1963 4447 2142 4526 oriantur,
2173 4447 2211 4513 in
2235 4447 2365 4539 quibus
2386 4441 2456 4517 boc

429 4552 469 4620 in
497 4553 665 4622 omnibus
692 4554 807 4625 bellis.
865 4549 1047 4621 Disiunxit
1074 4575 1111 4620 se
1136 4576 1155 4620 a
1177 4549 1360 4621 Ludovico
1384 4566 1417 4623 et
1466 4552 1655 4626 consilium
1687 4550 1920 4622 rectissimum
1945 4564 1978 4620 et
2004 4546 2219 4618 tutissimum
2242 4561 2314 4632 est,
2346 4571 2456 4641 quae-

431 4651 657 4724 Trevirensis
679 4650 843 4738 Elector,
872 4653 933 4744 qui
955 4665 1056 4722 antea
1080 4653 1176 4722 velut
1198 4667 1318 4743 pectus
1341 4653 1416 4724 eius
1466 4679 1544 4727 rere
1558 4653 1740 4722 veritatem
1755 4653 1794 4720 in
1809 4652 1985 4731 fontibus,
2006 4649 2169 4719 videlicet
2187 4648 2224 4715 in
2235 4647 2384 4739 Scriptis
2398 4649 2455 4719 di-

430 4756 561 4840 luerat,
586 4771 619 4826 et
632 4758 793 4826 omnium
808 4754 1038 4824 consiliorum
1053 4756 1280 4843 gubernator.
1318 4752 1415 4825 ldem
1466 4757 1601 4826 vinitus
1613 4754 1771 4839 traditis,
1796 4749 1887 4823 hanc
1904 4764 2107 4822 constanter
2120 4750 2295 4841 amplecti,
2320 4763 2355 4821 et
2367 4775 2455 4821 con·

432 4857 560 4925 deinde
581 4859 745 4928 incitator
762 4872 796 4928 et
813 4858 956 4928 adiutor
971 4870 1021 4925 est
1036 4854 1165 4926 Carolo
1181 4853 1362 4926 Boiemico
1377 4857 1416 4924 in
1466 4859 1546 4933 silia
1584 4871 1624 4926 et.
1647 4856 1802 4926 actiones
1833 4855 1984 4944 dirigere
2016 4855 2060 4922 ad
2089 4875 2251 4922 normam
2282 4852 2456 4925 divinitus

432 4956 605 5047 petitione
624 4960 775 5049 imperii.
827 4959 931 5063 Tales
949 4957 1142 5027 amicorum
1159 4955 1417 5027 inconstantiae
1467 4971 1717 5037 monstratam,
1741 4980 1806 5025 nec
1827 4957 1878 5025 ira
1901 4971 1936 5026 et
1953 4955 2145 5046 cupiditate
2160 4954 2339 5024 vindictae
2354 4956 2399 5024 ab
2416 4978 2456 5024 ea

432 5054 498 5126 etsi
522 5055 560 5123 in
584 5062 788 5147 quotidiana
812 5062 881 5130 vita
897 5061 1045 5130 usitatae
1062 5074 1163 5141 sunt,
1188 5071 1228 5129 ut
1242 5057 1418 5127 Ptamtn-
1468 5084 1594 5130 norma
1616 5051 1791 5143 abstrahi,
1817 5081 1882 5124 nec
1906 5057 2107 5126 curiositate
2132 5077 2372 5124 inoverenon
2392 5079 2458 5124 ne·

434 5156 528 5252 quit:
557 5153 657 5245 ζῶον
672 5154 780 5253 φύσει
794 5156 1077 5258 εὖμεταῖβολονὸ
1093 5156 1210 5255 φίλος.
1253 5155 1301 5230 Et
1314 5161 1419 5251 poe'ta
1469 5162 1636 5243 cessaria,
1662 5159 1769 5229 simul
1792 5171 1908 5227 autem
1935 5181 1953 5225 a
1976 5152 2052 5226 Deo
2073 5169 2191 5246 petere
2219 5168 2251 5224 et
2275 5172 2456 5257 expectare

434 5260 536 5330 dicit:
565 5255 702 5330 Omnia
726 5276 926 5348 vertuntur,
950 5277 1043 5334 certe
1065 5276 1252 5333 vertuntur
1267 5284 1419 5330 amores:
1470 5261 1642 5347 auxilium
1679 5261 1776 5331 iuxta
1811 5260 1960 5328 dictum:
2002 5254 2221 5326 commenda
2252 5253 2330 5329 Deo
2362 5260 2455 5328 viam

433 5376 552 5432 tamen
577 5363 616 5431 in
643 5362 922 5432 dissensionibus
946 5364 1110 5436 civilibus
1132 5365 1246 5434 multo
1262 5363 1420 5432 crebrio-
1469 5379 1567 5436 tuam
1591 5376 1625 5433 ct
1648 5385 1748 5452 spera
1772 5361 1810 5429 in
1831 5383 1931 5444 eum,
1958 5358 2087 5449 etipse
2111 5356 2226 5431 faciet.
2277 5357 2332 5429 Εο
2350 5361 2454 5429 etiarn

435 5487 489 5533 res
503 5479 536 5536 et
551 5466 728 5536 saeviores
742 5478 827 5535 sunt
840 5465 1059 5538 voluntatum
1073 5465 1312 5536 mutationes.‘
1336 5463 1419 5534 Non
1471 5462 1638 5537 historiae
1661 5459 1770 5533 huius
1791 5460 2027 5531 consideratio
2050 5461 2213 5551 prodest,
2239 5462 2321 5553 quia
2338 5473 2458 5530 osten-

435 5579 571 5638 tantum
587 5570 801 5639 deseruntur
814 5564 932 5653 amici,
952 5569 1014 5635 ssd
1028 5569 1132 5638 etiam
1148 5592 1188 5638 ex
1202 5566 1420 5638 coniunctis·
1470 5568 1523 5638 dit
1553 5565 1743 5636 discrimen
1770 5563 1960 5635 ministerii
1989 5560 2184 5651 evangelici
2212 5575 2248 5630 et
2276 5560 2457 5649 potestatis

434 5667 531 5739 simis
559 5671 651 5741 hunt
681 5667 915 5742 erudelissimi
949 5661 1076 5739 hostes.
1141 5668 1261 5759 Quare
1290 5669 1421 5740 talibus
1470 5669 1653 5761 politicae,
1677 5669 1772 5761 quod
1795 5665 2018 5738 notissimum
2035 5685 2108 5733 esse
2124 5660 2291 5733 omnibus
2309 5670 2459 5749 oportet,

434 5771 653 5862 temporibus
683 5773 885 5866 saepissime
906 5790 973 5841 nos
997 5772 1354 5845 commonefaciamus
1377 5773 1421 5843 de
1471 5786 1505 5845 et
1522 5795 1623 5864 saepe
1635 5770 1862 5942 cogitanplprpn
1877 5781 1937 5840 est.
