<?xml version="1.0" encoding="UTF-8"?>
<!DOCTYPE html PUBLIC "-//W3C//DTD XHTML 1.0 Transitional//EN"
    "http://www.w3.org/TR/xhtml1/DTD/xhtml1-transitional.dtd">
<html xmlns="http://www.w3.org/1999/xhtml" xml:lang="en" lang="en">
 <head>
  <title>
</title>
<meta http-equiv="Content-Type" content="text/html;charset=utf-8" />
  <meta name='ocr-system' content='tesseract 3.04.00' />
  <meta name='ocr-capabilities' content='ocr_page ocr_carea ocr_par ocr_line ocrx_word'/>
</head>
<body>
  <div class='ocr_page' id='page_1' title='image "./philippimelanth12melagoog/philippimelanth12melagoog_0155.png"; bbox 0 0 6025 6775; ppageno 0'>
   <div class='ocr_carea' id='block_1_1' title="bbox 430 675 2453 789">
    <p class='ocr_par' dir='ltr' id='par_1_1' title="bbox 430 675 2453 789">
     <span class='ocr_line' id='line_1_1' title="bbox 430 675 2453 789; baseline 0.002 -30"><span class='ocrx_word' id='word_1_1' title='bbox 430 690 505 765; x_wconf 77' lang='lat' dir='ltr'>aso</span> <span class='ocrx_word' id='word_1_2' title='bbox 987 682 1149 759; x_wconf 81' lang='lat' dir='ltr'>onon</span> <span class='ocrx_word' id='word_1_3' title='bbox 1181 683 1258 758; x_wconf 84' lang='lat' dir='ltr'>nn</span> <span class='ocrx_word' id='word_1_4' title='bbox 1292 678 1598 759; x_wconf 79' lang='lat' dir='ltr'>sunovrco</span> <span class='ocrx_word' id='word_1_5' title='bbox 1633 675 1892 760; x_wconf 79' lang='lat' dir='ltr'>nsvsuo.</span> <span class='ocrx_word' id='word_1_6' title='bbox 2303 782 2308 789; x_wconf 37' lang='lat'><em>‚</em></span> <span class='ocrx_word' id='word_1_7' title='bbox 2375 704 2453 777; x_wconf 73' lang='lat'>290</span> 
     </span>
    </p>
   </div>
   <div class='ocr_carea' id='block_1_2' title="bbox 531 817 2449 950">
    <p class='ocr_par' dir='ltr' id='par_1_2' title="bbox 531 817 2449 950">
     <span class='ocr_line' id='line_1_2' title="bbox 531 817 2449 950; baseline 0.002 -22"><span class='ocrx_word' id='word_1_8' title='bbox 531 817 895 929; x_wconf 53' lang='lat' dir='ltr'>Ponstt&#39;es&#39;lohsnnes</span> <span class='ocrx_word' id='word_1_9' title='bbox 913 853 1110 927; x_wconf 78' lang='lat' dir='ltr'>Vicesimus</span> <span class='ocrx_word' id='word_1_10' title='bbox 1130 859 1304 927; x_wconf 88' lang='lat' dir='ltr'>secundus</span> <span class='ocrx_word' id='word_1_11' title='bbox 1326 879 1414 926; x_wconf 89' lang='lat' dir='ltr'>con·</span> <span class='ocrx_word' id='word_1_12' title='bbox 1464 851 1560 925; x_wconf 91' lang='lat' dir='ltr'>tibus</span> <span class='ocrx_word' id='word_1_13' title='bbox 1580 854 1713 923; x_wconf 92' lang='lat' dir='ltr'>bellum</span> <span class='ocrx_word' id='word_1_14' title='bbox 1735 870 1821 928; x_wconf 88' lang='lat' dir='ltr'>erat.</span> <span class='ocrx_word' id='word_1_15' title='bbox 1871 856 1961 936; x_wconf 78' lang='lat' dir='ltr'>Non,</span> <span class='ocrx_word' id='word_1_16' title='bbox 1974 859 2084 950; x_wconf 74' lang='lat' dir='ltr'>igitur</span> <span class='ocrx_word' id='word_1_17' title='bbox 2105 871 2269 936; x_wconf 77' lang='lat' dir='ltr'>curtatur</span> <span class='ocrx_word' id='word_1_18' title='bbox 2289 867 2449 942; x_wconf 76' lang='lat' dir='ltr'>Ludovi.</span> 
     </span>
    </p>
   </div>
   <div class='ocr_carea' id='block_1_3' title="bbox 429 952 2484 5812">
    <p class='ocr_par' dir='ltr' id='par_1_3' title="bbox 429 952 2484 5812">
     <span class='ocr_line' id='line_1_3' title="bbox 431 952 2448 1059; baseline 0.004 -24"><span class='ocrx_word' id='word_1_19' title='bbox 431 964 605 1035; x_wconf 84' lang='lat' dir='ltr'>tendisse</span> <span class='ocrx_word' id='word_1_20' title='bbox 631 961 783 1030; x_wconf 90' lang='lat' dir='ltr'>iudicem</span> <span class='ocrx_word' id='word_1_21' title='bbox 804 981 875 1028; x_wconf 91' lang='lat' dir='ltr'>esse</span> <span class='ocrx_word' id='word_1_22' title='bbox 898 952 1007 1028; x_wconf 91' lang='lat' dir='ltr'>huius</span> <span class='ocrx_word' id='word_1_23' title='bbox 1029 959 1298 1032; x_wconf 86' lang='lat' dir='ltr'>coutroversiae.</span> <span class='ocrx_word' id='word_1_24' title='bbox 1367 956 1416 1028; x_wconf 91' lang='lat' dir='ltr'>Ut</span> <span class='ocrx_word' id='word_1_25' title='bbox 1465 977 1543 1040; x_wconf 91' lang='lat' dir='ltr'>cus,</span> <span class='ocrx_word' id='word_1_26' title='bbox 1567 969 1609 1026; x_wconf 89' lang='lat' dir='ltr'>ut</span> <span class='ocrx_word' id='word_1_27' title='bbox 1621 969 1744 1041; x_wconf 86' lang='lat' dir='ltr'>antea,</span> <span class='ocrx_word' id='word_1_28' title='bbox 1768 961 1830 1027; x_wconf 92' lang='lat' dir='ltr'>sed</span> <span class='ocrx_word' id='word_1_29' title='bbox 1844 974 2016 1052; x_wconf 91' lang='lat' dir='ltr'>quantum</span> <span class='ocrx_word' id='word_1_30' title='bbox 2033 975 2165 1054; x_wconf 88' lang='lat' dir='ltr'>potest,</span> <span class='ocrx_word' id='word_1_31' title='bbox 2188 981 2370 1059; x_wconf 73' lang='lat' dir='ltr'>properat,</span> <span class='ocrx_word' id='word_1_32' title='bbox 2391 999 2448 1043; x_wconf 85' lang='lat' dir='ltr'>ac-</span> 
     </span>
     <span class='ocr_line' id='line_1_4' title="bbox 430 1054 2446 1151; baseline 0.005 -17"><span class='ocrx_word' id='word_1_33' title='bbox 430 1065 536 1134; x_wconf 88' lang='lat' dir='ltr'>Luna</span> <span class='ocrx_word' id='word_1_34' title='bbox 551 1062 666 1133; x_wconf 90' lang='lat' dir='ltr'>aSole</span> <span class='ocrx_word' id='word_1_35' title='bbox 680 1062 799 1130; x_wconf 89' lang='lat' dir='ltr'>lumen</span> <span class='ocrx_word' id='word_1_36' title='bbox 813 1058 956 1151; x_wconf 88' lang='lat' dir='ltr'>accipit,</span> <span class='ocrx_word' id='word_1_37' title='bbox 982 1060 1031 1130; x_wconf 88' lang='lat' dir='ltr'>ita</span> <span class='ocrx_word' id='word_1_38' title='bbox 1047 1063 1245 1130; x_wconf 80' lang='lat' dir='ltr'>ordinatum</span> <span class='ocrx_word' id='word_1_39' title='bbox 1261 1083 1335 1130; x_wconf 89' lang='lat' dir='ltr'>esse</span> <span class='ocrx_word' id='word_1_40' title='bbox 1348 1054 1415 1129; x_wconf 92' lang='lat' dir='ltr'>ho·</span> <span class='ocrx_word' id='word_1_41' title='bbox 1465 1056 1569 1128; x_wconf 87' lang='lat' dir='ltr'>cersit</span> <span class='ocrx_word' id='word_1_42' title='bbox 1591 1057 1721 1126; x_wconf 84' lang='lat' dir='ltr'>auxilia</span> <span class='ocrx_word' id='word_1_43' title='bbox 1745 1059 1877 1144; x_wconf 84' lang='lat' dir='ltr'>vicina,</span> <span class='ocrx_word' id='word_1_44' title='bbox 1903 1077 1937 1133; x_wconf 91' lang='lat' dir='ltr'>et</span> <span class='ocrx_word' id='word_1_45' title='bbox 1958 1076 2071 1134; x_wconf 86' lang='lat' dir='ltr'>armet</span> <span class='ocrx_word' id='word_1_46' title='bbox 2087 1090 2178 1136; x_wconf 89' lang='lat' dir='ltr'>suos.</span> <span class='ocrx_word' id='word_1_47' title='bbox 2221 1055 2389 1145; x_wconf 62' lang='lat' dir='ltr'>&#39;Veniunt</span> <span class='ocrx_word' id='word_1_48' title='bbox 2403 1077 2446 1145; x_wconf 89' lang='lat' dir='ltr'>ad</span> 
     </span>
     <span class='ocr_line' id='line_1_5' title="bbox 433 1153 2448 1266; baseline 0.006 -34"><span class='ocrx_word' id='word_1_49' title='bbox 433 1166 573 1233; x_wconf 87' lang='lat' dir='ltr'>minum</span> <span class='ocrx_word' id='word_1_50' title='bbox 606 1162 913 1251; x_wconf 75' lang='lat' dir='ltr'><strong>gubernationem,</strong></span> <span class='ocrx_word' id='word_1_51' title='bbox 952 1175 993 1232; x_wconf 88' lang='lat' dir='ltr'>nt</span> <span class='ocrx_word' id='word_1_52' title='bbox 1020 1185 1039 1231; x_wconf 88' lang='lat' dir='ltr'>a</span> <span class='ocrx_word' id='word_1_53' title='bbox 1070 1186 1208 1230; x_wconf 89' lang='lat' dir='ltr'>summo</span> <span class='ocrx_word' id='word_1_54' title='bbox 1237 1163 1415 1231; x_wconf 77' lang='lat' dir='ltr'>sacerdote</span> <span class='ocrx_word' id='word_1_55' title='bbox 1464 1181 1545 1229; x_wconf 90' lang='lat' dir='ltr'>eum</span> <span class='ocrx_word' id='word_1_56' title='bbox 1575 1153 1751 1228; x_wconf 87' lang='lat' dir='ltr'>lohannes</span> <span class='ocrx_word' id='word_1_57' title='bbox 1773 1158 1851 1232; x_wconf 85' lang='lat' dir='ltr'>Rex</span> <span class='ocrx_word' id='word_1_58' title='bbox 1871 1160 2070 1252; x_wconf 88' lang='lat' dir='ltr'>Boiemiae,</span> <span class='ocrx_word' id='word_1_59' title='bbox 2108 1166 2310 1242; x_wconf 86' lang='lat' dir='ltr'>Fridericus</span> <span class='ocrx_word' id='word_1_60' title='bbox 2331 1172 2448 1266; x_wconf 79' lang='lat' dir='ltr'>Burg-</span> 
     </span>
     <span class='ocr_line' id='line_1_6' title="bbox 434 1257 2448 1356; baseline 0.006 -22"><span class='ocrx_word' id='word_1_61' title='bbox 434 1265 631 1356; x_wconf 91' lang='lat' dir='ltr'>lmperator</span> <span class='ocrx_word' id='word_1_62' title='bbox 650 1263 872 1333; x_wconf 77' lang='lat' dir='ltr'>autoritatem</span> <span class='ocrx_word' id='word_1_63' title='bbox 892 1263 1053 1352; x_wconf 84' lang='lat' dir='ltr'>accipiat.</span> <span class='ocrx_word' id='word_1_64' title='bbox 1105 1262 1206 1332; x_wconf 93' lang='lat' dir='ltr'>Velle</span> <span class='ocrx_word' id='word_1_65' title='bbox 1220 1260 1335 1332; x_wconf 92' lang='lat' dir='ltr'>Deum</span> <span class='ocrx_word' id='word_1_66' title='bbox 1358 1286 1415 1333; x_wconf 89' lang='lat' dir='ltr'>ca-</span> <span class='ocrx_word' id='word_1_67' title='bbox 1464 1259 1606 1349; x_wconf 76' lang='lat' dir='ltr'>gravius</span> <span class='ocrx_word' id='word_1_68' title='bbox 1626 1257 1895 1351; x_wconf 79' lang='lat' dir='ltr'>Noribergeusis</span> <span class='ocrx_word' id='word_1_69' title='bbox 1918 1279 1951 1336; x_wconf 93' lang='lat' dir='ltr'>et</span> <span class='ocrx_word' id='word_1_70' title='bbox 1970 1262 2146 1340; x_wconf 90' lang='lat' dir='ltr'>Henricus</span> <span class='ocrx_word' id='word_1_71' title='bbox 2162 1268 2288 1343; x_wconf 91' lang='lat' dir='ltr'>Comes</span> <span class='ocrx_word' id='word_1_72' title='bbox 2302 1269 2448 1346; x_wconf 82' lang='lat' dir='ltr'>Henne-</span> 
     </span>
     <span class='ocr_line' id='line_1_7' title="bbox 436 1360 2447 1461; baseline 0.007 -27"><span class='ocrx_word' id='word_1_73' title='bbox 436 1382 500 1459; x_wconf 87' lang='lat' dir='ltr'>put</span> <span class='ocrx_word' id='word_1_74' title='bbox 531 1387 601 1432; x_wconf 85' lang='lat' dir='ltr'>esse</span> <span class='ocrx_word' id='word_1_75' title='bbox 629 1385 803 1434; x_wconf 89' lang='lat' dir='ltr'>summum</span> <span class='ocrx_word' id='word_1_76' title='bbox 837 1365 1019 1449; x_wconf 89' lang='lat' dir='ltr'>interris,</span> <span class='ocrx_word' id='word_1_77' title='bbox 1052 1363 1148 1433; x_wconf 91' lang='lat' dir='ltr'>Petri</span> <span class='ocrx_word' id='word_1_78' title='bbox 1170 1386 1415 1447; x_wconf 80' lang='lat' dir='ltr'>successorem,</span> <span class='ocrx_word' id='word_1_79' title='bbox 1464 1360 1644 1451; x_wconf 73' lang='lat' dir='ltr'>bergensis</span> <span class='ocrx_word' id='word_1_80' title='bbox 1673 1385 1754 1431; x_wconf 92' lang='lat' dir='ltr'>cum</span> <span class='ocrx_word' id='word_1_81' title='bbox 1783 1365 1932 1453; x_wconf 73' lang='lat' dir='ltr'>magnis·</span> <span class='ocrx_word' id='word_1_82' title='bbox 1949 1368 2105 1458; x_wconf 89' lang='lat' dir='ltr'>equitum</span> <span class='ocrx_word' id='word_1_83' title='bbox 2133 1372 2244 1461; x_wconf 90' lang='lat' dir='ltr'>copiis</span> <span class='ocrx_word' id='word_1_84' title='bbox 2266 1399 2307 1443; x_wconf 83' lang='lat' dir='ltr'>ex</span> <span class='ocrx_word' id='word_1_85' title='bbox 2331 1377 2447 1448; x_wconf 74' lang='lat' dir='ltr'>ticina</span> 
     </span>
     <span class='ocr_line' id='line_1_8' title="bbox 435 1458 2447 1554; baseline 0.005 -16"><span class='ocrx_word' id='word_1_86' title='bbox 435 1468 490 1538; x_wconf 92' lang='lat' dir='ltr'>cui</span> <span class='ocrx_word' id='word_1_87' title='bbox 512 1465 644 1533; x_wconf 88' lang='lat' dir='ltr'>dictum</span> <span class='ocrx_word' id='word_1_88' title='bbox 666 1478 732 1535; x_wconf 89' lang='lat' dir='ltr'>est:</span> <span class='ocrx_word' id='word_1_89' title='bbox 760 1463 846 1534; x_wconf 85' lang='lat' dir='ltr'>Tibi</span> <span class='ocrx_word' id='word_1_90' title='bbox 866 1466 959 1535; x_wconf 88' lang='lat' dir='ltr'>dabo</span> <span class='ocrx_word' id='word_1_91' title='bbox 977 1467 1091 1537; x_wconf 82' lang='lat' dir='ltr'>claves</span> <span class='ocrx_word' id='word_1_92' title='bbox 1107 1466 1208 1554; x_wconf 79' lang='lat' dir='ltr'>regui</span> <span class='ocrx_word' id='word_1_93' title='bbox 1223 1466 1414 1539; x_wconf 85' lang='lat' dir='ltr'>coelorum.</span> <span class='ocrx_word' id='word_1_94' title='bbox 1465 1460 1614 1533; x_wconf 82' lang='lat' dir='ltr'>Francia</span> <span class='ocrx_word' id='word_1_95' title='bbox 1630 1475 1664 1532; x_wconf 92' lang='lat' dir='ltr'>et</span> <span class='ocrx_word' id='word_1_96' title='bbox 1680 1458 1854 1534; x_wconf 89' lang='lat' dir='ltr'>Rbeuana</span> <span class='ocrx_word' id='word_1_97' title='bbox 1870 1490 1931 1534; x_wconf 91' lang='lat' dir='ltr'>ora</span> <span class='ocrx_word' id='word_1_98' title='bbox 1947 1467 2118 1550; x_wconf 88' lang='lat' dir='ltr'>collectis,</span> <span class='ocrx_word' id='word_1_99' title='bbox 2144 1466 2240 1541; x_wconf 91' lang='lat' dir='ltr'>hunc</span> <span class='ocrx_word' id='word_1_100' title='bbox 2257 1479 2447 1548; x_wconf 88' lang='lat' dir='ltr'>exercitum</span> 
     </span>
     <span class='ocr_line' id='line_1_9' title="bbox 432 1562 2447 1670; baseline 0.005 -33"><span class='ocrx_word' id='word_1_101' title='bbox 432 1568 538 1637; x_wconf 88' lang='lat' dir='ltr'>Item:</span> <span class='ocrx_word' id='word_1_102' title='bbox 564 1563 672 1636; x_wconf 87' lang='lat' dir='ltr'>Pasce</span> <span class='ocrx_word' id='word_1_103' title='bbox 694 1589 776 1636; x_wconf 88' lang='lat' dir='ltr'>oves</span> <span class='ocrx_word' id='word_1_104' title='bbox 801 1587 904 1638; x_wconf 90' lang='lat' dir='ltr'>meas.</span> <span class='ocrx_word' id='word_1_105' title='bbox 956 1566 1053 1636; x_wconf 89' lang='lat' dir='ltr'>Haec</span> <span class='ocrx_word' id='word_1_106' title='bbox 1072 1567 1244 1658; x_wconf 84' lang='lat' dir='ltr'>pontificii</span> <span class='ocrx_word' id='word_1_107' title='bbox 1258 1565 1416 1637; x_wconf 80' lang='lat' dir='ltr'>oratores</span> <span class='ocrx_word' id='word_1_108' title='bbox 1464 1564 1563 1634; x_wconf 88' lang='lat' dir='ltr'>ducit</span> <span class='ocrx_word' id='word_1_109' title='bbox 1577 1562 1782 1635; x_wconf 79' lang='lat' dir='ltr'>Ludovicus</span> <span class='ocrx_word' id='word_1_110' title='bbox 1803 1568 1847 1635; x_wconf 90' lang='lat' dir='ltr'>ad</span> <span class='ocrx_word' id='word_1_111' title='bbox 1865 1567 2108 1661; x_wconf 87' lang='lat' dir='ltr'>reprimendos</span> <span class='ocrx_word' id='word_1_112' title='bbox 2126 1569 2333 1664; x_wconf 78' lang='lat' dir='ltr'>Hungaros,</span> <span class='ocrx_word' id='word_1_113' title='bbox 2358 1602 2447 1670; x_wconf 92' lang='lat' dir='ltr'>quo-</span> 
     </span>
     <span class='ocr_line' id='line_1_10' title="bbox 430 1665 2201 1760; baseline 0.003 -22"><span class='ocrx_word' id='word_1_114' title='bbox 430 1672 469 1738; x_wconf 91' lang='lat' dir='ltr'>in</span> <span class='ocrx_word' id='word_1_115' title='bbox 483 1667 625 1757; x_wconf 79' lang='lat' dir='ltr'>Regum</span> <span class='ocrx_word' id='word_1_116' title='bbox 641 1680 675 1737; x_wconf 91' lang='lat' dir='ltr'>et</span> <span class='ocrx_word' id='word_1_117' title='bbox 688 1667 728 1735; x_wconf 93' lang='lat' dir='ltr'>in</span> <span class='ocrx_word' id='word_1_118' title='bbox 743 1666 950 1760; x_wconf 87' lang='lat' dir='ltr'>Principum</span> <span class='ocrx_word' id='word_1_119' title='bbox 966 1670 1123 1740; x_wconf 91' lang='lat' dir='ltr'>consiliis</span> <span class='ocrx_word' id='word_1_120' title='bbox 1137 1665 1293 1739; x_wconf 87' lang='lat' dir='ltr'>Periclea</span> <span class='ocrx_word' id='word_1_121' title='bbox 1308 1692 1413 1758; x_wconf 83' lang='lat' dir='ltr'>gran-</span> <span class='ocrx_word' id='word_1_122' title='bbox 1465 1689 1545 1734; x_wconf 89' lang='lat' dir='ltr'>rum</span> <span class='ocrx_word' id='word_1_123' title='bbox 1562 1666 1749 1737; x_wconf 88' lang='lat' dir='ltr'>crudelitas</span> <span class='ocrx_word' id='word_1_124' title='bbox 1766 1667 1918 1736; x_wconf 79' lang='lat' dir='ltr'>maxime</span> <span class='ocrx_word' id='word_1_125' title='bbox 1932 1669 2100 1739; x_wconf 87' lang='lat' dir='ltr'>terribilis</span> <span class='ocrx_word' id='word_1_126' title='bbox 2116 1688 2201 1745; x_wconf 85' lang='lat' dir='ltr'>erat.</span> 
     </span>
     <span class='ocr_line' id='line_1_11' title="bbox 429 1761 2446 1870; baseline 0.004 -29"><span class='ocrx_word' id='word_1_127' title='bbox 429 1770 648 1864; x_wconf 89' lang='lat' dir='ltr'>diloqucntia</span> <span class='ocrx_word' id='word_1_128' title='bbox 665 1769 844 1839; x_wconf 89' lang='lat' dir='ltr'>tonabant.</span> <span class='ocrx_word' id='word_1_129' title='bbox 1564 1761 1782 1859; x_wconf 84' lang='lat' dir='ltr'>Expectabat</span> <span class='ocrx_word' id='word_1_130' title='bbox 1799 1783 1915 1840; x_wconf 90' lang='lat' dir='ltr'>autem</span> <span class='ocrx_word' id='word_1_131' title='bbox 1931 1769 2138 1841; x_wconf 83' lang='lat' dir='ltr'>Austriacus</span> <span class='ocrx_word' id='word_1_132' title='bbox 2154 1775 2296 1847; x_wconf 84' lang='lat' dir='ltr'>fratrem</span> <span class='ocrx_word' id='word_1_133' title='bbox 2310 1776 2446 1870; x_wconf 89' lang='lat' dir='ltr'>Lupol-</span> 
     </span>
     <span class='ocr_line' id='line_1_12' title="bbox 532 1863 2448 1970; baseline 0.004 -28"><span class='ocrx_word' id='word_1_134' title='bbox 532 1870 633 1942; x_wconf 79' lang='lat' dir='ltr'>Abiit</span> <span class='ocrx_word' id='word_1_135' title='bbox 655 1870 839 1940; x_wconf 88' lang='lat' dir='ltr'>biennium</span> <span class='ocrx_word' id='word_1_136' title='bbox 858 1885 936 1962; x_wconf 84' lang='lat' dir='ltr'>post</span> <span class='ocrx_word' id='word_1_137' title='bbox 953 1869 1159 1940; x_wconf 88' lang='lat' dir='ltr'>electionem</span> <span class='ocrx_word' id='word_1_138' title='bbox 1173 1869 1249 1939; x_wconf 89' lang='lat' dir='ltr'>sinc</span> <span class='ocrx_word' id='word_1_139' title='bbox 1265 1870 1414 1940; x_wconf 89' lang='lat' dir='ltr'>dimica·</span> <span class='ocrx_word' id='word_1_140' title='bbox 1465 1868 1552 1937; x_wconf 89' lang='lat' dir='ltr'>dum</span> <span class='ocrx_word' id='word_1_141' title='bbox 1579 1869 1811 1938; x_wconf 86' lang='lat' dir='ltr'>adducentem</span> <span class='ocrx_word' id='word_1_142' title='bbox 1834 1863 1973 1942; x_wconf 87' lang='lat' dir='ltr'>Rhetos</span> <span class='ocrx_word' id='word_1_143' title='bbox 1992 1887 2026 1944; x_wconf 90' lang='lat' dir='ltr'>ct</span> <span class='ocrx_word' id='word_1_144' title='bbox 2047 1871 2194 1948; x_wconf 87' lang='lat' dir='ltr'>Suevos.</span> <span class='ocrx_word' id='word_1_145' title='bbox 2260 1876 2315 1949; x_wconf 86' lang='lat' dir='ltr'>Eo</span> <span class='ocrx_word' id='word_1_146' title='bbox 2336 1881 2448 1970; x_wconf 71' lang='lat' dir='ltr'>magis</span> 
     </span>
     <span class='ocr_line' id='line_1_13' title="bbox 432 1966 2448 2071; baseline 0.003 -27"><span class='ocrx_word' id='word_1_147' title='bbox 432 1975 545 2044; x_wconf 88' lang='lat' dir='ltr'>tione:</span> <span class='ocrx_word' id='word_1_148' title='bbox 568 1977 628 2041; x_wconf 88' lang='lat' dir='ltr'>sed</span> <span class='ocrx_word' id='word_1_149' title='bbox 651 1996 747 2041; x_wconf 91' lang='lat' dir='ltr'>anno</span> <span class='ocrx_word' id='word_1_150' title='bbox 773 1971 960 2041; x_wconf 86' lang='lat' dir='ltr'>millesimo</span> <span class='ocrx_word' id='word_1_151' title='bbox 979 1972 1223 2044; x_wconf 88' lang='lat' dir='ltr'>trecentesimo</span> <span class='ocrx_word' id='word_1_152' title='bbox 1238 1972 1429 2067; x_wconf 33' lang='lat' dir='ltr'>sedecimo·</span> <span class='ocrx_word' id='word_1_153' title='bbox 1466 1969 1678 2059; x_wconf 87' lang='lat' dir='ltr'>properabat</span> <span class='ocrx_word' id='word_1_154' title='bbox 1695 1966 1897 2040; x_wconf 87' lang='lat' dir='ltr'>Ludovicus</span> <span class='ocrx_word' id='word_1_155' title='bbox 1920 1997 1995 2041; x_wconf 93' lang='lat' dir='ltr'>non</span> <span class='ocrx_word' id='word_1_156' title='bbox 2019 1998 2059 2043; x_wconf 88' lang='lat' dir='ltr'>eo</span> <span class='ocrx_word' id='word_1_157' title='bbox 2083 1988 2240 2060; x_wconf 90' lang='lat' dir='ltr'>tantum,</span> <span class='ocrx_word' id='word_1_158' title='bbox 2264 1979 2347 2071; x_wconf 92' lang='lat' dir='ltr'>qula</span> <span class='ocrx_word' id='word_1_159' title='bbox 2367 1985 2448 2051; x_wconf 84' lang='lat' dir='ltr'>lua·</span> 
     </span>
     <span class='ocr_line' id='line_1_14' title="bbox 432 2070 2447 2173; baseline 0.003 -28"><span class='ocrx_word' id='word_1_160' title='bbox 432 2073 631 2145; x_wconf 82' lang='lat' dir='ltr'>Fridericns</span> <span class='ocrx_word' id='word_1_161' title='bbox 661 2097 826 2163; x_wconf 76' lang='lat' dir='ltr'>magnum</span> <span class='ocrx_word' id='word_1_162' title='bbox 851 2074 1040 2144; x_wconf 83' lang='lat' dir='ltr'>exercitum</span> <span class='ocrx_word' id='word_1_163' title='bbox 1063 2073 1106 2140; x_wconf 91' lang='lat' dir='ltr'>ad</span> <span class='ocrx_word' id='word_1_164' title='bbox 1131 2074 1302 2164; x_wconf 92' lang='lat' dir='ltr'>oppidum</span> <span class='ocrx_word' id='word_1_165' title='bbox 1326 2072 1414 2144; x_wconf 87' lang='lat' dir='ltr'>Sue·</span> <span class='ocrx_word' id='word_1_166' title='bbox 1465 2071 1522 2139; x_wconf 93' lang='lat' dir='ltr'>ius</span> <span class='ocrx_word' id='word_1_167' title='bbox 1535 2070 1731 2160; x_wconf 92' lang='lat' dir='ltr'>periculum</span> <span class='ocrx_word' id='word_1_168' title='bbox 1748 2071 1906 2142; x_wconf 87' lang='lat' dir='ltr'>loturum</span> <span class='ocrx_word' id='word_1_169' title='bbox 1922 2088 2014 2153; x_wconf 89' lang='lat' dir='ltr'>erat,</span> <span class='ocrx_word' id='word_1_170' title='bbox 2040 2076 2069 2142; x_wconf 86' lang='lat' dir='ltr'>si</span> <span class='ocrx_word' id='word_1_171' title='bbox 2082 2074 2269 2167; x_wconf 84' lang='lat' dir='ltr'>Lupoldus</span> <span class='ocrx_word' id='word_1_172' title='bbox 2285 2079 2340 2149; x_wconf 84' lang='lat' dir='ltr'>vir</span> <span class='ocrx_word' id='word_1_173' title='bbox 2353 2083 2447 2173; x_wconf 88' lang='lat' dir='ltr'>peri-</span> 
     </span>
     <span class='ocr_line' id='line_1_15' title="bbox 431 2166 2448 2275; baseline 0.005 -32"><span class='ocrx_word' id='word_1_174' title='bbox 431 2177 508 2245; x_wconf 84' lang='lat' dir='ltr'>viae</span> <span class='ocrx_word' id='word_1_175' title='bbox 525 2173 708 2263; x_wconf 77' lang='lat' dir='ltr'>Eslingam</span> <span class='ocrx_word' id='word_1_176' title='bbox 730 2166 895 2261; x_wconf 86' lang='lat' dir='ltr'>adducit,</span> <span class='ocrx_word' id='word_1_177' title='bbox 921 2178 1016 2269; x_wconf 91' lang='lat' dir='ltr'>qnod</span> <span class='ocrx_word' id='word_1_178' title='bbox 1040 2188 1080 2244; x_wconf 94' lang='lat' dir='ltr'>ut</span> <span class='ocrx_word' id='word_1_179' title='bbox 1095 2175 1185 2242; x_wconf 87' lang='lat' dir='ltr'>eliac</span> <span class='ocrx_word' id='word_1_180' title='bbox 1199 2177 1305 2244; x_wconf 87' lang='lat' dir='ltr'>urbes</span> <span class='ocrx_word' id='word_1_181' title='bbox 1323 2174 1413 2242; x_wconf 84' lang='lat' dir='ltr'>infra</span> <span class='ocrx_word' id='word_1_182' title='bbox 1465 2183 1523 2239; x_wconf 89' lang='lat' dir='ltr'>tus</span> <span class='ocrx_word' id='word_1_183' title='bbox 1535 2171 1588 2241; x_wconf 87' lang='lat' dir='ltr'>rei</span> <span class='ocrx_word' id='word_1_184' title='bbox 1601 2171 1764 2241; x_wconf 89' lang='lat' dir='ltr'>militaris</span> <span class='ocrx_word' id='word_1_185' title='bbox 1778 2171 1979 2243; x_wconf 81' lang='lat' dir='ltr'>adduxisset</span> <span class='ocrx_word' id='word_1_186' title='bbox 1987 2169 2123 2245; x_wconf 89' lang='lat' dir='ltr'>Rhetos</span> <span class='ocrx_word' id='word_1_187' title='bbox 2137 2192 2171 2247; x_wconf 91' lang='lat' dir='ltr'>et</span> <span class='ocrx_word' id='word_1_188' title='bbox 2180 2178 2333 2265; x_wconf 85' lang='lat' dir='ltr'>Suevos,</span> <span class='ocrx_word' id='word_1_189' title='bbox 2357 2207 2448 2275; x_wconf 91' lang='lat' dir='ltr'>quo·</span> 
     </span>
     <span class='ocr_line' id='line_1_16' title="bbox 432 2273 2449 2368; baseline 0.002 -20"><span class='ocrx_word' id='word_1_190' title='bbox 432 2275 575 2348; x_wconf 89' lang='lat' dir='ltr'>Ulmam</span> <span class='ocrx_word' id='word_1_191' title='bbox 599 2278 703 2361; x_wconf 89' lang='lat' dir='ltr'>sitae,</span> <span class='ocrx_word' id='word_1_192' title='bbox 735 2280 879 2368; x_wconf 90' lang='lat' dir='ltr'>parebat</span> <span class='ocrx_word' id='word_1_193' title='bbox 903 2276 1094 2347; x_wconf 87' lang='lat' dir='ltr'>Ludovico.</span> <span class='ocrx_word' id='word_1_194' title='bbox 1147 2273 1292 2344; x_wconf 79' lang='lat' dir='ltr'>Accedit</span> <span class='ocrx_word' id='word_1_195' title='bbox 1316 2297 1358 2342; x_wconf 95' lang='lat' dir='ltr'>eo</span> <span class='ocrx_word' id='word_1_196' title='bbox 1380 2287 1415 2342; x_wconf 87' lang='lat' dir='ltr'>et</span> <span class='ocrx_word' id='word_1_197' title='bbox 1466 2295 1545 2341; x_wconf 90' lang='lat' dir='ltr'>rum</span> <span class='ocrx_word' id='word_1_198' title='bbox 1573 2297 1648 2342; x_wconf 93' lang='lat' dir='ltr'>non</span> <span class='ocrx_word' id='word_1_199' title='bbox 1675 2286 1749 2343; x_wconf 90' lang='lat' dir='ltr'>erat</span> <span class='ocrx_word' id='word_1_200' title='bbox 1777 2277 2074 2344; x_wconf 89' lang='lat' dir='ltr'>contemnendum</span> <span class='ocrx_word' id='word_1_201' title='bbox 2097 2279 2222 2348; x_wconf 90' lang='lat' dir='ltr'>robur:</span> <span class='ocrx_word' id='word_1_202' title='bbox 2259 2285 2449 2354; x_wconf 85' lang='lat' dir='ltr'>sedetiam</span> 
     </span>
     <span class='ocr_line' id='line_1_17' title="bbox 430 2371 2451 2473; baseline 0.004 -25"><span class='ocrx_word' id='word_1_203' title='bbox 430 2378 634 2449; x_wconf 89' lang='lat' dir='ltr'>Lndovicns</span> <span class='ocrx_word' id='word_1_204' title='bbox 658 2379 848 2449; x_wconf 89' lang='lat' dir='ltr'>instructus</span> <span class='ocrx_word' id='word_1_205' title='bbox 863 2379 973 2470; x_wconf 90' lang='lat' dir='ltr'>copiis</span> <span class='ocrx_word' id='word_1_206' title='bbox 991 2378 1189 2447; x_wconf 81' lang='lat' dir='ltr'>vicinorum</span> <span class='ocrx_word' id='word_1_207' title='bbox 1206 2373 1414 2463; x_wconf 90' lang='lat' dir='ltr'>Principum</span> <span class='ocrx_word' id='word_1_208' title='bbox 1465 2374 1548 2466; x_wconf 89' lang='lat' dir='ltr'>quia</span> <span class='ocrx_word' id='word_1_209' title='bbox 1564 2371 1727 2462; x_wconf 68' lang='lat' dir='ltr'>Huugari</span> <span class='ocrx_word' id='word_1_210' title='bbox 1747 2371 1863 2445; x_wconf 84' lang='lat' dir='ltr'>a&#39;dlusc</span> <span class='ocrx_word' id='word_1_211' title='bbox 1884 2377 1998 2447; x_wconf 91' lang='lat' dir='ltr'>securi</span> <span class='ocrx_word' id='word_1_212' title='bbox 2029 2377 2123 2447; x_wconf 90' lang='lat' dir='ltr'>inter</span> <span class='ocrx_word' id='word_1_213' title='bbox 2145 2383 2391 2473; x_wconf 80' lang='lat' dir='ltr'>populationes</span> <span class='ocrx_word' id='word_1_214' title='bbox 2416 2400 2451 2456; x_wconf 89' lang='lat' dir='ltr'>ct</span> 
     </span>
     <span class='ocr_line' id='line_1_18' title="bbox 432 2470 2452 2578; baseline 0.001 -29"><span class='ocrx_word' id='word_1_215' title='bbox 432 2495 467 2552; x_wconf 89' lang='lat' dir='ltr'>et</span> <span class='ocrx_word' id='word_1_216' title='bbox 497 2480 635 2549; x_wconf 73' lang='lat' dir='ltr'>auxiliis</span> <span class='ocrx_word' id='word_1_217' title='bbox 659 2477 869 2550; x_wconf 89' lang='lat' dir='ltr'>Bohemicis.</span> <span class='ocrx_word' id='word_1_218' title='bbox 930 2479 983 2548; x_wconf 93' lang='lat' dir='ltr'>lbi</span> <span class='ocrx_word' id='word_1_219' title='bbox 1008 2500 1087 2546; x_wconf 94' lang='lat' dir='ltr'>cum</span> <span class='ocrx_word' id='word_1_220' title='bbox 1111 2476 1252 2569; x_wconf 90' lang='lat' dir='ltr'>utrique</span> <span class='ocrx_word' id='word_1_221' title='bbox 1273 2477 1316 2545; x_wconf 89' lang='lat' dir='ltr'>ad</span> <span class='ocrx_word' id='word_1_222' title='bbox 1342 2475 1412 2547; x_wconf 87' lang='lat' dir='ltr'>Ne·</span> <span class='ocrx_word' id='word_1_223' title='bbox 1465 2470 1582 2545; x_wconf 87' lang='lat' dir='ltr'>adhuc</span> <span class='ocrx_word' id='word_1_224' title='bbox 1605 2489 1870 2548; x_wconf 87' lang='lat' dir='ltr'>contemnentes</span> <span class='ocrx_word' id='word_1_225' title='bbox 1892 2472 2027 2550; x_wconf 88' lang='lat' dir='ltr'>hostem</span> <span class='ocrx_word' id='word_1_226' title='bbox 2051 2479 2189 2550; x_wconf 85' lang='lat' dir='ltr'>facilius</span> <span class='ocrx_word' id='word_1_227' title='bbox 2212 2485 2366 2574; x_wconf 87' lang='lat' dir='ltr'>opprimi</span> <span class='ocrx_word' id='word_1_228' title='bbox 2385 2510 2452 2578; x_wconf 80' lang='lat' dir='ltr'>po-</span> 
     </span>
     <span class='ocr_line' id='line_1_19' title="bbox 434 2576 2450 2672; baseline 0.002 -22"><span class='ocrx_word' id='word_1_229' title='bbox 434 2577 578 2650; x_wconf 88' lang='lat' dir='ltr'>charum</span> <span class='ocrx_word' id='word_1_230' title='bbox 599 2584 767 2653; x_wconf 89' lang='lat' dir='ltr'>accedunt</span> <span class='ocrx_word' id='word_1_231' title='bbox 784 2594 969 2672; x_wconf 90' lang='lat' dir='ltr'>aquatum,</span> <span class='ocrx_word' id='word_1_232' title='bbox 994 2578 1167 2670; x_wconf 90' lang='lat' dir='ltr'>praelium</span> <span class='ocrx_word' id='word_1_233' title='bbox 1182 2579 1298 2649; x_wconf 89' lang='lat' dir='ltr'>subita</span> <span class='ocrx_word' id='word_1_234' title='bbox 1313 2602 1414 2648; x_wconf 90' lang='lat' dir='ltr'>occa-</span> <span class='ocrx_word' id='word_1_235' title='bbox 1466 2592 1594 2652; x_wconf 80' lang='lat' dir='ltr'>terant.</span> <span class='ocrx_word' id='word_1_236' title='bbox 1643 2576 1733 2647; x_wconf 89' lang='lat' dir='ltr'>Cum</span> <span class='ocrx_word' id='word_1_237' title='bbox 1755 2579 1864 2667; x_wconf 77' lang='lat' dir='ltr'>igitur</span> <span class='ocrx_word' id='word_1_238' title='bbox 1884 2581 2081 2652; x_wconf 91' lang='lat' dir='ltr'>accessisset</span> <span class='ocrx_word' id='word_1_239' title='bbox 2096 2584 2141 2653; x_wconf 90' lang='lat' dir='ltr'>ad</span> <span class='ocrx_word' id='word_1_240' title='bbox 2158 2578 2275 2654; x_wconf 88' lang='lat' dir='ltr'>hostes</span> <span class='ocrx_word' id='word_1_241' title='bbox 2291 2585 2450 2657; x_wconf 82' lang='lat' dir='ltr'>Ludo&#39;si-</span> 
     </span>
     <span class='ocr_line' id='line_1_20' title="bbox 433 2678 2449 2776; baseline 0.003 -26"><span class='ocrx_word' id='word_1_242' title='bbox 433 2685 531 2752; x_wconf 88' lang='lat' dir='ltr'>sione</span> <span class='ocrx_word' id='word_1_243' title='bbox 552 2686 802 2767; x_wconf 86' lang='lat' dir='ltr'>committitur,</span> <span class='ocrx_word' id='word_1_244' title='bbox 829 2682 961 2772; x_wconf 90' lang='lat' dir='ltr'>inquo</span> <span class='ocrx_word' id='word_1_245' title='bbox 983 2679 1104 2749; x_wconf 88' lang='lat' dir='ltr'>multis</span> <span class='ocrx_word' id='word_1_246' title='bbox 1124 2681 1304 2750; x_wconf 86' lang='lat' dir='ltr'>nobilibus</span> <span class='ocrx_word' id='word_1_247' title='bbox 1327 2678 1415 2749; x_wconf 89' lang='lat' dir='ltr'>viris</span> <span class='ocrx_word' id='word_1_248' title='bbox 1465 2701 1545 2763; x_wconf 92' lang='lat' dir='ltr'>cus,</span> <span class='ocrx_word' id='word_1_249' title='bbox 1578 2701 1642 2747; x_wconf 92' lang='lat' dir='ltr'>nec</span> <span class='ocrx_word' id='word_1_250' title='bbox 1672 2682 1810 2751; x_wconf 91' lang='lat' dir='ltr'>cederet</span> <span class='ocrx_word' id='word_1_251' title='bbox 1836 2678 2042 2752; x_wconf 85' lang='lat' dir='ltr'>Austriacus</span> <span class='ocrx_word' id='word_1_252' title='bbox 2068 2686 2220 2756; x_wconf 89' lang='lat' dir='ltr'>conlisus</span> <span class='ocrx_word' id='word_1_253' title='bbox 2243 2684 2449 2776; x_wconf 80' lang='lat' dir='ltr'>Hungari&#39;co</span> 
     </span>
     <span class='ocr_line' id='line_1_21' title="bbox 432 2779 2465 2879; baseline 0.003 -26"><span class='ocrx_word' id='word_1_254' title='bbox 432 2786 600 2877; x_wconf 90' lang='lat' dir='ltr'>utrinque</span> <span class='ocrx_word' id='word_1_255' title='bbox 623 2786 751 2877; x_wconf 91' lang='lat' dir='ltr'>partim</span> <span class='ocrx_word' id='word_1_256' title='bbox 772 2782 900 2874; x_wconf 89' lang='lat' dir='ltr'>captis,</span> <span class='ocrx_word' id='word_1_257' title='bbox 925 2782 1052 2872; x_wconf 87' lang='lat' dir='ltr'>partim</span> <span class='ocrx_word' id='word_1_258' title='bbox 1067 2781 1277 2861; x_wconf 85' lang='lat' dir='ltr'>interiectis,</span> <span class='ocrx_word' id='word_1_259' title='bbox 1302 2803 1413 2873; x_wconf 90' lang='lat' dir='ltr'>aequo</span> <span class='ocrx_word' id='word_1_260' title='bbox 1465 2779 1611 2860; x_wconf 85' lang='lat' dir='ltr'>robore,</span> <span class='ocrx_word' id='word_1_261' title='bbox 1636 2781 1785 2870; x_wconf 89' lang='lat' dir='ltr'>opponit</span> <span class='ocrx_word' id='word_1_262' title='bbox 1798 2780 2003 2852; x_wconf 87' lang='lat' dir='ltr'>Ludovicus</span> <span class='ocrx_word' id='word_1_263' title='bbox 2016 2782 2229 2875; x_wconf 84' lang='lat' dir='ltr'>Hungaricis</span> <span class='ocrx_word' id='word_1_264' title='bbox 2252 2789 2465 2879; x_wconf 73' lang='lat' dir='ltr'>legionibus</span> 
     </span>
     <span class='ocr_line' id='line_1_22' title="bbox 433 2876 2451 2976; baseline 0.002 -22"><span class='ocrx_word' id='word_1_265' title='bbox 433 2901 542 2957; x_wconf 90' lang='lat' dir='ltr'>marte</span> <span class='ocrx_word' id='word_1_266' title='bbox 557 2889 747 2956; x_wconf 88' lang='lat' dir='ltr'>discessum</span> <span class='ocrx_word' id='word_1_267' title='bbox 765 2899 826 2956; x_wconf 89' lang='lat' dir='ltr'>est.</span> <span class='ocrx_word' id='word_1_268' title='bbox 877 2883 973 2954; x_wconf 88' lang='lat' dir='ltr'>Haec</span> <span class='ocrx_word' id='word_1_269' title='bbox 985 2884 1097 2975; x_wconf 89' lang='lat' dir='ltr'>prima</span> <span class='ocrx_word' id='word_1_270' title='bbox 1115 2877 1284 2976; x_wconf 76' lang='grc' dir='ltr'><strong><em>σύῤῥαξις</em></strong></span> <span class='ocrx_word' id='word_1_271' title='bbox 1300 2894 1334 2949; x_wconf 93' lang='lat' dir='ltr'>et</span> <span class='ocrx_word' id='word_1_272' title='bbox 1349 2881 1415 2948; x_wconf 92' lang='lat' dir='ltr'>do-</span> <span class='ocrx_word' id='word_1_273' title='bbox 1465 2876 1664 2946; x_wconf 89' lang='lat' dir='ltr'>Boiesuicas</span> <span class='ocrx_word' id='word_1_274' title='bbox 1697 2895 1732 2950; x_wconf 89' lang='lat' dir='ltr'>et</span> <span class='ocrx_word' id='word_1_275' title='bbox 1767 2883 1946 2974; x_wconf 90' lang='lat' dir='ltr'>equitibus</span> <span class='ocrx_word' id='word_1_276' title='bbox 1983 2882 2196 2975; x_wconf 81' lang='lat' dir='ltr'>Hungaricis</span> <span class='ocrx_word' id='word_1_277' title='bbox 2229 2890 2451 2960; x_wconf 87' lang='lat' dir='ltr'>Fridericum</span> 
     </span>
     <span class='ocr_line' id='line_1_23' title="bbox 432 2977 2454 3078; baseline 0.001 -21"><span class='ocrx_word' id='word_1_278' title='bbox 432 2990 541 3062; x_wconf 91' lang='lat' dir='ltr'>lorem</span> <span class='ocrx_word' id='word_1_279' title='bbox 566 2984 784 3076; x_wconf 88' lang='lat' dir='ltr'>sapientibus</span> <span class='ocrx_word' id='word_1_280' title='bbox 806 2987 920 3070; x_wconf 82' lang='lat' dir='ltr'>asrxit,</span> <span class='ocrx_word' id='word_1_281' title='bbox 945 2986 1007 3078; x_wconf 93' lang='lat' dir='ltr'>qui</span> <span class='ocrx_word' id='word_1_282' title='bbox 1023 2983 1214 3056; x_wconf 86' lang='lat' dir='ltr'>Cadmeam</span> <span class='ocrx_word' id='word_1_283' title='bbox 1230 2981 1420 3056; x_wconf 57' lang='lat' dir='ltr'>victoriam,</span> <span class='ocrx_word' id='word_1_284' title='bbox 1467 2977 1723 3066; x_wconf 80' lang='lat' dir='ltr'>Burggravium</span> <span class='ocrx_word' id='word_1_285' title='bbox 1748 2994 1780 3048; x_wconf 91' lang='lat' dir='ltr'>et</span> <span class='ocrx_word' id='word_1_286' title='bbox 1804 2980 2091 3071; x_wconf 76' lang='lat' dir='ltr'>Hennebergium</span> <span class='ocrx_word' id='word_1_287' title='bbox 2114 3011 2195 3055; x_wconf 91' lang='lat' dir='ltr'>cum</span> <span class='ocrx_word' id='word_1_288' title='bbox 2217 2986 2396 3057; x_wconf 82' lang='lat' dir='ltr'>Francicis</span> <span class='ocrx_word' id='word_1_289' title='bbox 2418 3005 2454 3059; x_wconf 89' lang='lat' dir='ltr'>et</span> 
     </span>
     <span class='ocr_line' id='line_1_24' title="bbox 431 3074 2453 3179; baseline -0 -21"><span class='ocrx_word' id='word_1_290' title='bbox 431 3089 653 3168; x_wconf 90' lang='lat' dir='ltr'>metuebant,</span> <span class='ocrx_word' id='word_1_291' title='bbox 679 3087 708 3155; x_wconf 92' lang='lat' dir='ltr'>si</span> <span class='ocrx_word' id='word_1_292' title='bbox 725 3090 862 3178; x_wconf 89' lang='lat' dir='ltr'>saepius</span> <span class='ocrx_word' id='word_1_293' title='bbox 876 3088 1125 3166; x_wconf 87' lang='lat' dir='ltr'>dimicaretur,</span> <span class='ocrx_word' id='word_1_294' title='bbox 1149 3100 1183 3155; x_wconf 90' lang='lat' dir='ltr'>et</span> <span class='ocrx_word' id='word_1_295' title='bbox 1196 3083 1312 3155; x_wconf 87' lang='lat' dir='ltr'>Duces</span> <span class='ocrx_word' id='word_1_296' title='bbox 1329 3107 1413 3154; x_wconf 88' lang='lat' dir='ltr'>con·</span> <span class='ocrx_word' id='word_1_297' title='bbox 1466 3074 1651 3152; x_wconf 86' lang='lat' dir='ltr'>Rhenanis</span> <span class='ocrx_word' id='word_1_298' title='bbox 1673 3080 1863 3171; x_wconf 87' lang='lat' dir='ltr'>equitibus.</span> <span class='ocrx_word' id='word_1_299' title='bbox 1915 3080 2047 3169; x_wconf 80' lang='lat' dir='ltr'>Magna</span> <span class='ocrx_word' id='word_1_300' title='bbox 2069 3087 2191 3154; x_wconf 89' lang='lat' dir='ltr'>caedes</span> <span class='ocrx_word' id='word_1_301' title='bbox 2214 3089 2383 3179; x_wconf 88' lang='lat' dir='ltr'>utrinque</span> <span class='ocrx_word' id='word_1_302' title='bbox 2399 3090 2453 3157; x_wconf 81' lang='lat' dir='ltr'>ia·</span> 
     </span>
     <span class='ocr_line' id='line_1_25' title="bbox 431 3178 2451 3278; baseline 0.002 -23"><span class='ocrx_word' id='word_1_303' title='bbox 431 3188 601 3255; x_wconf 90' lang='lat' dir='ltr'>tantiores</span> <span class='ocrx_word' id='word_1_304' title='bbox 619 3188 661 3253; x_wconf 89' lang='lat' dir='ltr'>ad</span> <span class='ocrx_word' id='word_1_305' title='bbox 681 3190 924 3277; x_wconf 89' lang='lat' dir='ltr'>praeliandum</span> <span class='ocrx_word' id='word_1_306' title='bbox 938 3187 1029 3257; x_wconf 88' lang='lat' dir='ltr'>fecit.</span> <span class='ocrx_word' id='word_1_307' title='bbox 1082 3185 1205 3278; x_wconf 89' lang='lat' dir='ltr'>ltaque</span> <span class='ocrx_word' id='word_1_308' title='bbox 1221 3186 1416 3254; x_wconf 84' lang='lat' dir='ltr'>solutaob-</span> <span class='ocrx_word' id='word_1_309' title='bbox 1468 3196 1521 3251; x_wconf 90' lang='lat' dir='ltr'>cta</span> <span class='ocrx_word' id='word_1_310' title='bbox 1551 3193 1624 3264; x_wconf 79' lang='lat' dir='ltr'>est,</span> <span class='ocrx_word' id='word_1_311' title='bbox 1654 3182 1767 3250; x_wconf 87' lang='lat' dir='ltr'>donec</span> <span class='ocrx_word' id='word_1_312' title='bbox 1790 3178 1952 3270; x_wconf 81' lang='lat' dir='ltr'>Hungari</span> <span class='ocrx_word' id='word_1_313' title='bbox 1985 3182 2078 3273; x_wconf 91' lang='lat' dir='ltr'>pulsi</span> <span class='ocrx_word' id='word_1_314' title='bbox 2108 3199 2140 3253; x_wconf 86' lang='lat' dir='ltr'>et</span> <span class='ocrx_word' id='word_1_315' title='bbox 2164 3187 2323 3277; x_wconf 86' lang='lat' dir='ltr'>dissipati</span> <span class='ocrx_word' id='word_1_316' title='bbox 2355 3203 2451 3261; x_wconf 87' lang='lat' dir='ltr'>sunt.</span> 
     </span>
     <span class='ocr_line' id='line_1_26' title="bbox 433 3276 2452 3379; baseline 0.004 -28"><span class='ocrx_word' id='word_1_317' title='bbox 433 3285 571 3352; x_wconf 89' lang='lat' dir='ltr'>sidione</span> <span class='ocrx_word' id='word_1_318' title='bbox 591 3280 794 3373; x_wconf 85' lang='lat' dir='ltr'>Eslingensi</span> <span class='ocrx_word' id='word_1_319' title='bbox 821 3285 1056 3379; x_wconf 85' lang='lat' dir='ltr'>quadriennio</span> <span class='ocrx_word' id='word_1_320' title='bbox 1085 3286 1226 3353; x_wconf 86' lang='lat' dir='ltr'>nullum</span> <span class='ocrx_word' id='word_1_321' title='bbox 1249 3305 1414 3372; x_wconf 81' lang='lat' dir='ltr'>magnum</span> <span class='ocrx_word' id='word_1_322' title='bbox 1467 3281 1592 3349; x_wconf 87' lang='lat' dir='ltr'>Postea</span> <span class='ocrx_word' id='word_1_323' title='bbox 1608 3281 1741 3371; x_wconf 87' lang='lat' dir='ltr'>equites</span> <span class='ocrx_word' id='word_1_324' title='bbox 1755 3276 1933 3351; x_wconf 81' lang='lat' dir='ltr'>Austriaci</span> <span class='ocrx_word' id='word_1_325' title='bbox 1950 3282 2203 3376; x_wconf 82' lang='lat' dir='ltr'>aliquantisper</span> <span class='ocrx_word' id='word_1_326' title='bbox 2219 3288 2452 3360; x_wconf 85' lang='lat' dir='ltr'>defenderunt</span> 
     </span>
     <span class='ocr_line' id='line_1_27' title="bbox 431 3379 2453 3485; baseline 0.003 -32"><span class='ocrx_word' id='word_1_327' title='bbox 431 3385 603 3476; x_wconf 86' lang='lat' dir='ltr'>praelium</span> <span class='ocrx_word' id='word_1_328' title='bbox 619 3387 748 3457; x_wconf 80' lang='lat' dir='ltr'>iactum</span> <span class='ocrx_word' id='word_1_329' title='bbox 765 3401 832 3457; x_wconf 71' lang='lat' dir='ltr'>est·</span> <span class='ocrx_word' id='word_1_330' title='bbox 881 3384 951 3457; x_wconf 85' lang='lat' dir='ltr'>Sed</span> <span class='ocrx_word' id='word_1_331' title='bbox 966 3409 1060 3454; x_wconf 90' lang='lat' dir='ltr'>anno</span> <span class='ocrx_word' id='word_1_332' title='bbox 1075 3384 1268 3454; x_wconf 87' lang='lat' dir='ltr'>millesimo·</span> <span class='ocrx_word' id='word_1_333' title='bbox 1280 3398 1418 3454; x_wconf 90' lang='lat' dir='ltr'>trecen·</span> <span class='ocrx_word' id='word_1_334' title='bbox 1468 3379 1710 3467; x_wconf 78' lang='lat' dir='ltr'>Fridericum,</span> <span class='ocrx_word' id='word_1_335' title='bbox 1735 3387 1795 3452; x_wconf 91' lang='lat' dir='ltr'>sed</span> <span class='ocrx_word' id='word_1_336' title='bbox 1813 3408 1855 3453; x_wconf 93' lang='lat' dir='ltr'>eo</span> <span class='ocrx_word' id='word_1_337' title='bbox 1872 3401 1973 3474; x_wconf 89' lang='lat' dir='ltr'>capto</span> <span class='ocrx_word' id='word_1_338' title='bbox 1991 3381 2127 3480; x_wconf 88' lang='lat' dir='ltr'>reliqua</span> <span class='ocrx_word' id='word_1_339' title='bbox 2146 3390 2336 3459; x_wconf 88' lang='lat' dir='ltr'>multitudo</span> <span class='ocrx_word' id='word_1_340' title='bbox 2352 3393 2453 3485; x_wconf 85' lang='lat' dir='ltr'>equi-</span> 
     </span>
     <span class='ocr_line' id='line_1_28' title="bbox 430 3484 2453 3582; baseline 0.003 -26"><span class='ocrx_word' id='word_1_341' title='bbox 430 3486 556 3556; x_wconf 87' lang='lat' dir='ltr'>tesimo</span> <span class='ocrx_word' id='word_1_342' title='bbox 572 3501 607 3557; x_wconf 90' lang='lat' dir='ltr'>et</span> <span class='ocrx_word' id='word_1_343' title='bbox 624 3489 789 3558; x_wconf 89' lang='lat' dir='ltr'>vicesimo</span> <span class='ocrx_word' id='word_1_344' title='bbox 805 3488 1008 3558; x_wconf 84' lang='lat' dir='ltr'>Fridericns</span> <span class='ocrx_word' id='word_1_345' title='bbox 1025 3485 1231 3556; x_wconf 87' lang='lat' dir='ltr'>Austriacus</span> <span class='ocrx_word' id='word_1_346' title='bbox 1247 3485 1416 3557; x_wconf 89' lang='lat' dir='ltr'>maiorem</span> <span class='ocrx_word' id='word_1_347' title='bbox 1469 3497 1544 3553; x_wconf 91' lang='lat' dir='ltr'>tum</span> <span class='ocrx_word' id='word_1_348' title='bbox 1560 3498 1594 3554; x_wconf 91' lang='lat' dir='ltr'>et</span> <span class='ocrx_word' id='word_1_349' title='bbox 1608 3484 1766 3574; x_wconf 92' lang='lat' dir='ltr'>peditum</span> <span class='ocrx_word' id='word_1_350' title='bbox 1781 3487 1882 3575; x_wconf 76' lang='lat' dir='ltr'>sugit.</span> <span class='ocrx_word' id='word_1_351' title='bbox 1934 3484 2074 3557; x_wconf 83' lang='lat' dir='ltr'>Fratres</span> <span class='ocrx_word' id='word_1_352' title='bbox 2091 3491 2163 3557; x_wconf 86' lang='lat' dir='ltr'>duo</span> <span class='ocrx_word' id='word_1_353' title='bbox 2178 3488 2362 3582; x_wconf 84' lang='lat' dir='ltr'>Principes</span> <span class='ocrx_word' id='word_1_354' title='bbox 2376 3490 2453 3564; x_wconf 75' lang='lat' dir='ltr'>Au·</span> 
     </span>
     <span class='ocr_line' id='line_1_29' title="bbox 432 3579 2453 3686; baseline 0.002 -29"><span class='ocrx_word' id='word_1_355' title='bbox 432 3590 620 3658; x_wconf 79' lang='lat' dir='ltr'>exercitum</span> <span class='ocrx_word' id='word_1_356' title='bbox 650 3591 693 3656; x_wconf 89' lang='lat' dir='ltr'>ad</span> <span class='ocrx_word' id='word_1_357' title='bbox 717 3586 945 3679; x_wconf 77' lang='lat' dir='ltr'>Argentorati</span> <span class='ocrx_word' id='word_1_358' title='bbox 969 3579 1136 3656; x_wconf 85' lang='lat' dir='ltr'>viciniam</span> <span class='ocrx_word' id='word_1_359' title='bbox 1159 3589 1321 3672; x_wconf 90' lang='lat' dir='ltr'>adducit,</span> <span class='ocrx_word' id='word_1_360' title='bbox 1354 3587 1421 3658; x_wconf 85' lang='lat' dir='ltr'>nbi-</span> <span class='ocrx_word' id='word_1_361' title='bbox 1468 3585 1604 3668; x_wconf 90' lang='lat' dir='ltr'>striaci,</span> <span class='ocrx_word' id='word_1_362' title='bbox 1630 3583 1836 3656; x_wconf 85' lang='lat' dir='ltr'>Fridericus</span> <span class='ocrx_word' id='word_1_363' title='bbox 1851 3584 2050 3676; x_wconf 87' lang='lat' dir='ltr'>Imperator</span> <span class='ocrx_word' id='word_1_364' title='bbox 2079 3604 2112 3657; x_wconf 88' lang='lat' dir='ltr'>et</span> <span class='ocrx_word' id='word_1_365' title='bbox 2133 3586 2327 3681; x_wconf 74' lang='lat' dir='ltr'>Henricrrs,</span> <span class='ocrx_word' id='word_1_366' title='bbox 2361 3596 2453 3686; x_wconf 88' lang='lat' dir='ltr'>capti</span> 
     </span>
     <span class='ocr_line' id='line_1_30' title="bbox 432 3684 2454 3788; baseline 0.003 -30"><span class='ocrx_word' id='word_1_367' title='bbox 432 3691 602 3759; x_wconf 87' lang='lat' dir='ltr'>dissensio</span> <span class='ocrx_word' id='word_1_368' title='bbox 625 3704 699 3760; x_wconf 86' lang='lat' dir='ltr'>erat</span> <span class='ocrx_word' id='word_1_369' title='bbox 721 3691 814 3759; x_wconf 88' lang='lat' dir='ltr'>inter</span> <span class='ocrx_word' id='word_1_370' title='bbox 826 3686 1042 3779; x_wconf 83' lang='lat' dir='ltr'>Episcopum</span> <span class='ocrx_word' id='word_1_371' title='bbox 1063 3701 1098 3756; x_wconf 92' lang='lat' dir='ltr'>et</span> <span class='ocrx_word' id='word_1_372' title='bbox 1113 3689 1216 3758; x_wconf 84' lang='lat' dir='ltr'>cives.</span> <span class='ocrx_word' id='word_1_373' title='bbox 1236 3760 1239 3765; x_wconf 69' lang='grc'><em>,</em></span> <span class='ocrx_word' id='word_1_374' title='bbox 1267 3686 1417 3778; x_wconf 88' lang='lat' dir='ltr'>Episco-</span> <span class='ocrx_word' id='word_1_375' title='bbox 1467 3700 1561 3756; x_wconf 83' lang='lat' dir='ltr'>sunt.</span> <span class='ocrx_word' id='word_1_376' title='bbox 1595 3684 1814 3759; x_wconf 81' lang='lat' dir='ltr'>Fridericum</span> <span class='ocrx_word' id='word_1_377' title='bbox 1825 3687 2454 3788; x_wconf 85' lang='lat' dir='ltr'>Austr&#39;iacumcepissediciturcques,</span> 
     </span>
     <span class='ocr_line' id='line_1_31' title="bbox 432 3785 2453 3891; baseline 0.002 -30"><span class='ocrx_word' id='word_1_378' title='bbox 432 3815 496 3882; x_wconf 91' lang='lat' dir='ltr'>pus</span> <span class='ocrx_word' id='word_1_379' title='bbox 511 3790 696 3861; x_wconf 84' lang='lat' dir='ltr'>Austriaco</span> <span class='ocrx_word' id='word_1_380' title='bbox 719 3814 755 3859; x_wconf 90' lang='lat' dir='ltr'>se</span> <span class='ocrx_word' id='word_1_381' title='bbox 774 3793 987 3870; x_wconf 79' lang='lat' dir='ltr'>adstuxerat,</span> <span class='ocrx_word' id='word_1_382' title='bbox 1012 3788 1105 3855; x_wconf 89' lang='lat' dir='ltr'>cives</span> <span class='ocrx_word' id='word_1_383' title='bbox 1120 3785 1343 3891; x_wconf 80' lang='lat' dir='ltr'>Ludovicum</span> <span class='ocrx_word' id='word_1_384' title='bbox 1359 3813 1415 3858; x_wconf 77' lang='lat' dir='ltr'>re·</span> <span class='ocrx_word' id='word_1_385' title='bbox 1468 3787 1530 3880; x_wconf 93' lang='lat' dir='ltr'>qui</span> <span class='ocrx_word' id='word_1_386' title='bbox 1553 3810 1632 3857; x_wconf 91' lang='lat' dir='ltr'>eum</span> <span class='ocrx_word' id='word_1_387' title='bbox 1656 3813 1737 3856; x_wconf 87' lang='lat' dir='ltr'>mox</span> <span class='ocrx_word' id='word_1_388' title='bbox 1759 3791 1805 3857; x_wconf 88' lang='lat' dir='ltr'>ad</span> <span class='ocrx_word' id='word_1_389' title='bbox 1827 3787 2084 3880; x_wconf 75' lang='lat' dir='ltr'>Burggravium</span> <span class='ocrx_word' id='word_1_390' title='bbox 2108 3796 2265 3865; x_wconf 83' lang='lat' dir='ltr'>adduxit.</span> <span class='ocrx_word' id='word_1_391' title='bbox 2317 3792 2453 3888; x_wconf 69' lang='lat' dir='ltr'>Lupol-⁸</span> 
     </span>
     <span class='ocr_line' id='line_1_32' title="bbox 434 3889 2454 3986; baseline 0.002 -24"><span class='ocrx_word' id='word_1_392' title='bbox 434 3908 612 3986; x_wconf 88' lang='lat' dir='ltr'>ceperant,</span> <span class='ocrx_word' id='word_1_393' title='bbox 638 3891 701 3985; x_wconf 92' lang='lat' dir='ltr'>qui</span> <span class='ocrx_word' id='word_1_394' title='bbox 723 3916 768 3961; x_wconf 93' lang='lat' dir='ltr'>ne</span> <span class='ocrx_word' id='word_1_395' title='bbox 790 3892 863 3961; x_wconf 91' lang='lat' dir='ltr'>suis</span> <span class='ocrx_word' id='word_1_396' title='bbox 883 3892 1033 3970; x_wconf 86' lang='lat' dir='ltr'>deesset,</span> <span class='ocrx_word' id='word_1_397' title='bbox 1060 3889 1157 3958; x_wconf 93' lang='lat' dir='ltr'>ducit</span> <span class='ocrx_word' id='word_1_398' title='bbox 1175 3902 1209 3957; x_wconf 91' lang='lat' dir='ltr'>et</span> <span class='ocrx_word' id='word_1_399' title='bbox 1227 3889 1300 3978; x_wconf 90' lang='lat' dir='ltr'>ipse</span> <span class='ocrx_word' id='word_1_400' title='bbox 1318 3913 1416 3959; x_wconf 84' lang='lat' dir='ltr'>exer·</span> <span class='ocrx_word' id='word_1_401' title='bbox 1468 3891 1535 3958; x_wconf 90' lang='lat' dir='ltr'>dus</span> <span class='ocrx_word' id='word_1_402' title='bbox 1555 3889 1674 3959; x_wconf 90' lang='lat' dir='ltr'>audita</span> <span class='ocrx_word' id='word_1_403' title='bbox 1699 3892 1791 3960; x_wconf 85' lang='lat' dir='ltr'>fama</span> <span class='ocrx_word' id='word_1_404' title='bbox 1813 3893 1923 3961; x_wconf 91' lang='lat' dir='ltr'>cladis</span> <span class='ocrx_word' id='word_1_405' title='bbox 1944 3915 2071 3983; x_wconf 76' lang='lat' dir='ltr'>magno</span> <span class='ocrx_word' id='word_1_406' title='bbox 2089 3917 2167 3964; x_wconf 89' lang='lat' dir='ltr'>cum</span> <span class='ocrx_word' id='word_1_407' title='bbox 2185 3897 2308 3966; x_wconf 92' lang='lat' dir='ltr'>dolore</span> <span class='ocrx_word' id='word_1_408' title='bbox 2325 3913 2359 3968; x_wconf 89' lang='lat' dir='ltr'>et</span> <span class='ocrx_word' id='word_1_409' title='bbox 2374 3920 2454 3967; x_wconf 90' lang='lat' dir='ltr'>suas</span> 
     </span>
     <span class='ocr_line' id='line_1_33' title="bbox 434 3985 2452 4085; baseline 0.001 -21"><span class='ocrx_word' id='word_1_410' title='bbox 434 3996 540 4065; x_wconf 90' lang='lat' dir='ltr'>citum</span> <span class='ocrx_word' id='word_1_411' title='bbox 564 3997 606 4063; x_wconf 92' lang='lat' dir='ltr'>ad</span> <span class='ocrx_word' id='word_1_412' title='bbox 631 3995 709 4063; x_wconf 92' lang='lat' dir='ltr'>loca</span> <span class='ocrx_word' id='word_1_413' title='bbox 729 3994 845 4062; x_wconf 84' lang='lat' dir='ltr'>vicina</span> <span class='ocrx_word' id='word_1_414' title='bbox 868 3991 989 4060; x_wconf 88' lang='lat' dir='ltr'>castris</span> <span class='ocrx_word' id='word_1_415' title='bbox 1011 3989 1178 4061; x_wconf 86' lang='lat' dir='ltr'>hostium.</span> <span class='ocrx_word' id='word_1_416' title='bbox 1237 3985 1309 4059; x_wconf 88' lang='lat' dir='ltr'>Ubi</span> <span class='ocrx_word' id='word_1_417' title='bbox 1332 3993 1415 4083; x_wconf 89' lang='lat' dir='ltr'>quia</span> <span class='ocrx_word' id='word_1_418' title='bbox 1468 3990 1586 4080; x_wconf 87' lang='lat' dir='ltr'>copias</span> <span class='ocrx_word' id='word_1_419' title='bbox 1607 3991 1847 4083; x_wconf 89' lang='lat' dir='ltr'>et·reliquias,</span> <span class='ocrx_word' id='word_1_420' title='bbox 1872 4016 1962 4084; x_wconf 89' lang='lat' dir='ltr'>quae</span> <span class='ocrx_word' id='word_1_421' title='bbox 1985 3996 2029 4064; x_wconf 92' lang='lat' dir='ltr'>ad</span> <span class='ocrx_word' id='word_1_422' title='bbox 2054 4016 2134 4066; x_wconf 89' lang='lat' dir='ltr'>eum</span> <span class='ocrx_word' id='word_1_423' title='bbox 2151 3998 2398 4085; x_wconf 83' lang='lat' dir='ltr'>confluxerunt</span> <span class='ocrx_word' id='word_1_424' title='bbox 2415 4000 2452 4067; x_wconf 91' lang='lat' dir='ltr'>in</span> 
     </span>
     <span class='ocr_line' id='line_1_34' title="bbox 433 4084 2455 4191; baseline 0 -25"><span class='ocrx_word' id='word_1_425' title='bbox 433 4099 539 4166; x_wconf 86' lang='lat' dir='ltr'>duces</span> <span class='ocrx_word' id='word_1_426' title='bbox 565 4096 733 4188; x_wconf 72' lang='lat' dir='ltr'>utrinque</span> <span class='ocrx_word' id='word_1_427' title='bbox 758 4096 928 4164; x_wconf 90' lang='lat' dir='ltr'>nolebant</span> <span class='ocrx_word' id='word_1_428' title='bbox 958 4087 1100 4159; x_wconf 87' lang='lat' dir='ltr'>haurire</span> <span class='ocrx_word' id='word_1_429' title='bbox 1124 4102 1310 4179; x_wconf 83' lang='lat' dir='ltr'>cognatum</span> <span class='ocrx_word' id='word_1_430' title='bbox 1333 4113 1416 4161; x_wconf 80' lang='lat' dir='ltr'>sau·</span> <span class='ocrx_word' id='word_1_431' title='bbox 1467 4093 1545 4159; x_wconf 92' lang='lat' dir='ltr'>loca</span> <span class='ocrx_word' id='word_1_432' title='bbox 1561 4104 1641 4168; x_wconf 85' lang='lat' dir='ltr'>¹tuta</span> <span class='ocrx_word' id='word_1_433' title='bbox 1666 4092 1818 4162; x_wconf 82' lang='lat' dir='ltr'>reduxit.</span> <span class='ocrx_word' id='word_1_434' title='bbox 1871 4091 2016 4162; x_wconf 84' lang='lat' dir='ltr'>Factum</span> <span class='ocrx_word' id='word_1_435' title='bbox 2042 4096 2093 4165; x_wconf 88' lang='lat' dir='ltr'>est</span> <span class='ocrx_word' id='word_1_436' title='bbox 2115 4093 2182 4168; x_wconf 88' lang='lat' dir='ltr'>hoc</span> <span class='ocrx_word' id='word_1_437' title='bbox 2207 4084 2455 4191; x_wconf 71' lang='lat' dir='ltr'>praelium&#39;die</span> 
     </span>
     <span class='ocr_line' id='line_1_35' title="bbox 433 4190 2478 4288; baseline 0 -19"><span class='ocrx_word' id='word_1_438' title='bbox 433 4201 590 4286; x_wconf 79' lang='lat' dir='ltr'>guinem,</span> <span class='ocrx_word' id='word_1_439' title='bbox 616 4212 740 4269; x_wconf 91' lang='lat' dir='ltr'>neutra</span> <span class='ocrx_word' id='word_1_440' title='bbox 763 4196 912 4288; x_wconf 80' lang='lat' dir='ltr'>parsad</span> <span class='ocrx_word' id='word_1_441' title='bbox 934 4192 1177 4261; x_wconf 88' lang='lat' dir='ltr'>dimicandum</span> <span class='ocrx_word' id='word_1_442' title='bbox 1197 4193 1416 4282; x_wconf 85' lang='lat' dir='ltr'>properabat.</span> <span class='ocrx_word' id='word_1_443' title='bbox 1467 4191 1634 4258; x_wconf 87' lang='lat' dir='ltr'>vicesimo</span> <span class='ocrx_word' id='word_1_444' title='bbox 1658 4203 1781 4259; x_wconf 87' lang='lat' dir='ltr'>octavo</span> <span class='ocrx_word' id='word_1_445' title='bbox 1796 4190 2040 4281; x_wconf 88' lang='lat' dir='ltr'>Septembris,</span> <span class='ocrx_word' id='word_1_446' title='bbox 2073 4221 2167 4268; x_wconf 91' lang='lat' dir='ltr'>anno</span> <span class='ocrx_word' id='word_1_447' title='bbox 2185 4196 2478 4281; x_wconf 77' lang='lat' dir='ltr'>MCccxxtlt..</span> 
     </span>
     <span class='ocr_line' id='line_1_36' title="bbox 436 4291 2454 4399; baseline 0.001 -30"><span class='ocrx_word' id='word_1_448' title='bbox 436 4300 477 4370; x_wconf 93' lang='lat' dir='ltr'>ln</span> <span class='ocrx_word' id='word_1_449' title='bbox 501 4296 556 4370; x_wconf 92' lang='lat' dir='ltr'>his</span> <span class='ocrx_word' id='word_1_450' title='bbox 579 4301 679 4393; x_wconf 89' lang='lat' dir='ltr'>quasi</span> <span class='ocrx_word' id='word_1_451' title='bbox 697 4299 854 4369; x_wconf 86' lang='lat' dir='ltr'>induciis</span> <span class='ocrx_word' id='word_1_452' title='bbox 867 4296 1122 4386; x_wconf 83' lang='lat' dir='ltr'>colloquuntur</span> <span class='ocrx_word' id='word_1_453' title='bbox 1136 4294 1240 4361; x_wconf 90' lang='lat' dir='ltr'>etiam</span> <span class='ocrx_word' id='word_1_454' title='bbox 1255 4294 1360 4362; x_wconf 91' lang='lat' dir='ltr'>multi</span> <span class='ocrx_word' id='word_1_455' title='bbox 1375 4319 1417 4363; x_wconf 83' lang='lat' dir='ltr'>ex</span> <span class='ocrx_word' id='word_1_456' title='bbox 1469 4314 1564 4359; x_wconf 90' lang='lat' dir='ltr'>anno</span> <span class='ocrx_word' id='word_1_457' title='bbox 1594 4305 1672 4379; x_wconf 93' lang='lat' dir='ltr'>post</span> <span class='ocrx_word' id='word_1_458' title='bbox 1700 4291 1907 4399; x_wconf 40' lang='lat' dir='ltr'>Restionem</span> <span class='ocrx_word' id='word_1_459' title='bbox 1929 4297 2113 4390; x_wconf 88' lang='lat' dir='ltr'>utriusque</span> <span class='ocrx_word' id='word_1_460' title='bbox 2136 4314 2271 4369; x_wconf 84' lang='lat' dir='ltr'>octavo.</span> <span class='ocrx_word' id='word_1_461' title='bbox 2321 4298 2454 4371; x_wconf 84' lang='lat' dir='ltr'>Heusi-</span> 
     </span>
     <span class='ocr_line' id='line_1_37' title="bbox 435 4388 2484 4496; baseline -0.001 -23"><span class='ocrx_word' id='word_1_462' title='bbox 435 4417 582 4496; x_wconf 90' lang='lat' dir='ltr'>utraque</span> <span class='ocrx_word' id='word_1_463' title='bbox 603 4415 722 4490; x_wconf 92' lang='lat' dir='ltr'>parte,</span> <span class='ocrx_word' id='word_1_464' title='bbox 743 4415 776 4471; x_wconf 90' lang='lat' dir='ltr'>et</span> <span class='ocrx_word' id='word_1_465' title='bbox 796 4402 841 4468; x_wconf 91' lang='lat' dir='ltr'>de</span> <span class='ocrx_word' id='word_1_466' title='bbox 861 4419 946 4490; x_wconf 90' lang='lat' dir='ltr'>pace</span> <span class='ocrx_word' id='word_1_467' title='bbox 974 4397 1071 4464; x_wconf 90' lang='lat' dir='ltr'>etde</span> <span class='ocrx_word' id='word_1_468' title='bbox 1094 4393 1269 4482; x_wconf 80' lang='lat' dir='ltr'>coniugiis</span> <span class='ocrx_word' id='word_1_469' title='bbox 1283 4395 1416 4465; x_wconf 92' lang='lat' dir='ltr'>delibe-</span> <span class='ocrx_word' id='word_1_470' title='bbox 1469 4390 1625 4462; x_wconf 81' lang='lat' dir='ltr'>cusDux</span> <span class='ocrx_word' id='word_1_471' title='bbox 1639 4390 1803 4463; x_wconf 80' lang='lat' dir='ltr'>Austriae</span> <span class='ocrx_word' id='word_1_472' title='bbox 1823 4388 1974 4464; x_wconf 89' lang='lat' dir='ltr'>lobanni</span> <span class='ocrx_word' id='word_1_473' title='bbox 1989 4394 2079 4487; x_wconf 82' lang='lat' dir='ltr'>Regi</span> <span class='ocrx_word' id='word_1_474' title='bbox 2095 4398 2275 4469; x_wconf 87' lang='lat' dir='ltr'>Boiemiae</span> <span class='ocrx_word' id='word_1_475' title='bbox 2291 4394 2454 4473; x_wconf 88' lang='lat' dir='ltr'>traditur.</span> <span class='ocrx_word' id='word_1_476' title='bbox 2476 4468 2484 4484; x_wconf 61' lang='lat'>,</span> 
     </span>
     <span class='ocr_line' id='line_1_38' title="bbox 435 4491 2454 4587; baseline -0.001 -13"><span class='ocrx_word' id='word_1_477' title='bbox 435 4520 541 4577; x_wconf 88' lang='lat' dir='ltr'>ratur.</span> <span class='ocrx_word' id='word_1_478' title='bbox 594 4503 664 4574; x_wconf 90' lang='lat' dir='ltr'>Sed</span> <span class='ocrx_word' id='word_1_479' title='bbox 678 4501 882 4572; x_wconf 89' lang='lat' dir='ltr'>Ludovicns</span> <span class='ocrx_word' id='word_1_480' title='bbox 899 4498 1112 4567; x_wconf 87' lang='lat' dir='ltr'>confirmatis</span> <span class='ocrx_word' id='word_1_481' title='bbox 1128 4518 1272 4564; x_wconf 80' lang='lat' dir='ltr'>errorum</span> <span class='ocrx_word' id='word_1_482' title='bbox 1289 4496 1424 4567; x_wconf 89' lang='lat' dir='ltr'>animis·</span> <span class='ocrx_word' id='word_1_483' title='bbox 1469 4491 1674 4563; x_wconf 85' lang='lat' dir='ltr'>Fridrricus</span> <span class='ocrx_word' id='word_1_484' title='bbox 1700 4495 1854 4566; x_wconf 90' lang='lat' dir='ltr'>triennio</span> <span class='ocrx_word' id='word_1_485' title='bbox 1878 4499 2035 4587; x_wconf 86' lang='lat' dir='ltr'>captivus</span> <span class='ocrx_word' id='word_1_486' title='bbox 2058 4514 2213 4571; x_wconf 88' lang='lat' dir='ltr'>retentus</span> <span class='ocrx_word' id='word_1_487' title='bbox 2238 4515 2289 4572; x_wconf 91' lang='lat' dir='ltr'>est</span> <span class='ocrx_word' id='word_1_488' title='bbox 2312 4501 2349 4571; x_wconf 90' lang='lat' dir='ltr'>in</span> <span class='ocrx_word' id='word_1_489' title='bbox 2375 4525 2454 4573; x_wconf 86' lang='lat' dir='ltr'>arce</span> 
     </span>
     <span class='ocr_line' id='line_1_39' title="bbox 434 4594 2410 4696; baseline -0.004 -21"><span class='ocrx_word' id='word_1_490' title='bbox 434 4604 682 4696; x_wconf 79' lang='lat' dir='ltr'>Argentorati,</span> <span class='ocrx_word' id='word_1_491' title='bbox 716 4604 860 4673; x_wconf 90' lang='lat' dir='ltr'>adducit</span> <span class='ocrx_word' id='word_1_492' title='bbox 886 4600 1076 4669; x_wconf 81' lang='lat' dir='ltr'>exercitum</span> <span class='ocrx_word' id='word_1_493' title='bbox 1105 4619 1167 4687; x_wconf 87' lang='lat' dir='ltr'>per</span> <span class='ocrx_word' id='word_1_494' title='bbox 1192 4598 1319 4667; x_wconf 90' lang='lat' dir='ltr'>saltum</span> <span class='ocrx_word' id='word_1_495' title='bbox 1342 4596 1417 4668; x_wconf 82' lang='lat' dir='ltr'>lla·</span> <span class='ocrx_word' id='word_1_496' title='bbox 1469 4594 1585 4664; x_wconf 81' lang='lat' dir='ltr'>vicina</span> <span class='ocrx_word' id='word_1_497' title='bbox 1599 4595 1731 4688; x_wconf 87' lang='lat' dir='ltr'>oppido</span> <span class='ocrx_word' id='word_1_498' title='bbox 1745 4597 1874 4667; x_wconf 89' lang='lat' dir='ltr'>celebri</span> <span class='ocrx_word' id='word_1_499' title='bbox 1890 4598 2047 4689; x_wconf 76' lang='lat' dir='ltr'>Nabnrg.</span> <span class='ocrx_word' id='word_1_500' title='bbox 2393 4676 2410 4695; x_wconf 28' lang='grc' dir='ltr'>,Ι</span> 
     </span>
     <span class='ocr_line' id='line_1_40' title="bbox 435 4684 2456 4798; baseline 0 -22"><span class='ocrx_word' id='word_1_501' title='bbox 435 4730 641 4798; x_wconf 77' lang='lat' dir='ltr'>gaoensem,</span> <span class='ocrx_word' id='word_1_502' title='bbox 670 4705 885 4778; x_wconf 75' lang='lat' dir='ltr'>estivitates</span> <span class='ocrx_word' id='word_1_503' title='bbox 914 4703 959 4771; x_wconf 83' lang='lat' dir='ltr'>ad</span> <span class='ocrx_word' id='word_1_504' title='bbox 984 4694 1151 4772; x_wconf 84' lang='lat' dir='ltr'>Rhenum</span> <span class='ocrx_word' id='word_1_505' title='bbox 1174 4698 1292 4768; x_wconf 81' lang='lat' dir='ltr'>munit</span> <span class='ocrx_word' id='word_1_506' title='bbox 1314 4722 1418 4791; x_wconf 71' lang='lat' dir='ltr'>prae-</span> <span class='ocrx_word' id='word_1_507' title='bbox 1556 4684 1657 4768; x_wconf 72' lang='lat' dir='ltr'>&#39;Post</span> <span class='ocrx_word' id='word_1_508' title='bbox 1674 4697 1861 4768; x_wconf 78' lang='lat' dir='ltr'>victoriam</span> <span class='ocrx_word' id='word_1_509' title='bbox 1880 4699 2084 4772; x_wconf 87' lang='lat' dir='ltr'>Ludovi&#39;cus</span> <span class='ocrx_word' id='word_1_510' title='bbox 2106 4722 2224 4793; x_wconf 91' lang='lat' dir='ltr'>pacem</span> <span class='ocrx_word' id='word_1_511' title='bbox 2247 4705 2285 4773; x_wconf 90' lang='lat' dir='ltr'>in</span> <span class='ocrx_word' id='word_1_512' title='bbox 2303 4703 2456 4776; x_wconf 81' lang='lat' dir='ltr'>Germe·</span> 
     </span>
     <span class='ocr_line' id='line_1_41' title="bbox 439 4798 2454 4889; baseline 0.006 -22"><span class='ocrx_word' id='word_1_513' title='bbox 439 4810 546 4879; x_wconf 60' lang='lat' dir='ltr'>cidiis.</span> <span class='ocrx_word' id='word_1_514' title='bbox 702 4862 716 4889; x_wconf 70' lang='lat'>,</span> <span class='ocrx_word' id='word_1_515' title='bbox 1469 4800 1530 4868; x_wconf 90' lang='lat' dir='ltr'>nia</span> <span class='ocrx_word' id='word_1_516' title='bbox 1550 4798 1764 4870; x_wconf 88' lang='lat' dir='ltr'>constituere</span> <span class='ocrx_word' id='word_1_517' title='bbox 1785 4814 1932 4871; x_wconf 89' lang='lat' dir='ltr'>conatus</span> <span class='ocrx_word' id='word_1_518' title='bbox 1952 4816 2020 4886; x_wconf 85' lang='lat' dir='ltr'>est,</span> <span class='ocrx_word' id='word_1_519' title='bbox 2045 4804 2230 4875; x_wconf 84' lang='lat' dir='ltr'>confirmat</span> <span class='ocrx_word' id='word_1_520' title='bbox 2251 4830 2374 4877; x_wconf 87' lang='lat' dir='ltr'>eorum</span> <span class='ocrx_word' id='word_1_521' title='bbox 2390 4809 2454 4878; x_wconf 86' lang='lat' dir='ltr'>bc-</span> 
     </span>
     <span class='ocr_line' id='line_1_42' title="bbox 503 4899 2455 4995; baseline 0 -17"><span class='ocrx_word' id='word_1_522' title='bbox 503 4918 506 4923; x_wconf 83' lang='lat'>&#39;</span> <span class='ocrx_word' id='word_1_523' title='bbox 538 4907 676 4978; x_wconf 83' lang='lat' dir='ltr'>Rursus</span> <span class='ocrx_word' id='word_1_524' title='bbox 702 4908 886 4979; x_wconf 85' lang='lat' dir='ltr'>biennium</span> <span class='ocrx_word' id='word_1_525' title='bbox 910 4904 985 4973; x_wconf 89' lang='lat' dir='ltr'>sine</span> <span class='ocrx_word' id='word_1_526' title='bbox 1005 4904 1140 4995; x_wconf 89' lang='lat' dir='ltr'>praelio</span> <span class='ocrx_word' id='word_1_527' title='bbox 1167 4905 1299 4972; x_wconf 88' lang='lat' dir='ltr'>maiore</span> <span class='ocrx_word' id='word_1_528' title='bbox 1318 4901 1418 4975; x_wconf 82' lang='lat' dir='ltr'>abiit.</span> <span class='ocrx_word' id='word_1_529' title='bbox 1469 4899 1727 4980; x_wconf 86' lang='lat' dir='ltr'>nevolentiam,</span> <span class='ocrx_word' id='word_1_530' title='bbox 1751 4903 1814 4993; x_wconf 90' lang='lat' dir='ltr'>qni</span> <span class='ocrx_word' id='word_1_531' title='bbox 1836 4918 1938 4975; x_wconf 84' lang='lat' dir='ltr'>antea</span> <span class='ocrx_word' id='word_1_532' title='bbox 1961 4928 2040 4973; x_wconf 94' lang='lat' dir='ltr'>cum</span> <span class='ocrx_word' id='word_1_533' title='bbox 2059 4929 2104 4974; x_wconf 89' lang='lat' dir='ltr'>eo</span> <span class='ocrx_word' id='word_1_534' title='bbox 2119 4904 2299 4977; x_wconf 92' lang='lat' dir='ltr'>coniuncti</span> <span class='ocrx_word' id='word_1_535' title='bbox 2314 4911 2455 4978; x_wconf 84' lang='lat' dir='ltr'>lucrant</span> 
     </span>
     <span class='ocr_line' id='line_1_43' title="bbox 436 5001 2453 5098; baseline 0.001 -21"><span class='ocrx_word' id='word_1_536' title='bbox 436 5006 507 5077; x_wconf 89' lang='lat' dir='ltr'>Sed</span> <span class='ocrx_word' id='word_1_537' title='bbox 532 5031 626 5076; x_wconf 90' lang='lat' dir='ltr'>anuo</span> <span class='ocrx_word' id='word_1_538' title='bbox 649 5010 833 5079; x_wconf 90' lang='lat' dir='ltr'>millesimo</span> <span class='ocrx_word' id='word_1_539' title='bbox 854 5008 1096 5079; x_wconf 84' lang='lat' dir='ltr'>trecentesimo</span> <span class='ocrx_word' id='word_1_540' title='bbox 1116 5019 1151 5074; x_wconf 91' lang='lat' dir='ltr'>et</span> <span class='ocrx_word' id='word_1_541' title='bbox 1165 5005 1331 5074; x_wconf 80' lang='lat' dir='ltr'>vicesimo</span> <span class='ocrx_word' id='word_1_542' title='bbox 1348 5017 1418 5072; x_wconf 89' lang='lat' dir='ltr'>ter·</span> <span class='ocrx_word' id='word_1_543' title='bbox 1470 5015 1504 5072; x_wconf 90' lang='lat' dir='ltr'>et</span> <span class='ocrx_word' id='word_1_544' title='bbox 1532 5001 1658 5093; x_wconf 89' lang='lat' dir='ltr'>recipit</span> <span class='ocrx_word' id='word_1_545' title='bbox 1687 5002 1924 5086; x_wconf 74' lang='lat' dir='ltr'>adverstirios,</span> <span class='ocrx_word' id='word_1_546' title='bbox 1957 5006 2020 5098; x_wconf 91' lang='lat' dir='ltr'>qui</span> <span class='ocrx_word' id='word_1_547' title='bbox 2050 5029 2085 5075; x_wconf 91' lang='lat' dir='ltr'>se</span> <span class='ocrx_word' id='word_1_548' title='bbox 2115 5008 2310 5094; x_wconf 89' lang='lat' dir='ltr'>dedebant,</span> <span class='ocrx_word' id='word_1_549' title='bbox 2344 5011 2453 5080; x_wconf 88' lang='lat' dir='ltr'>sancit</span> 
     </span>
     <span class='ocr_line' id='line_1_44' title="bbox 436 5097 2456 5203; baseline 0 -25"><span class='ocrx_word' id='word_1_550' title='bbox 436 5111 488 5178; x_wconf 90' lang='lat' dir='ltr'>tio</span> <span class='ocrx_word' id='word_1_551' title='bbox 511 5106 714 5178; x_wconf 82' lang='lat' dir='ltr'>Fridericus</span> <span class='ocrx_word' id='word_1_552' title='bbox 734 5111 937 5182; x_wconf 82' lang='lat' dir='ltr'>Austriac&#39;us</span> <span class='ocrx_word' id='word_1_553' title='bbox 960 5109 1079 5176; x_wconf 89' lang='lat' dir='ltr'>decem</span> <span class='ocrx_word' id='word_1_554' title='bbox 1101 5106 1212 5175; x_wconf 91' lang='lat' dir='ltr'>millia</span> <span class='ocrx_word' id='word_1_555' title='bbox 1227 5106 1418 5195; x_wconf 76' lang='lat' dir='ltr'>Hungaro-</span> <span class='ocrx_word' id='word_1_556' title='bbox 1470 5097 1681 5195; x_wconf 77' lang='grc' dir='ltr'><strong><em>ἀμνηστίαν</em></strong></span> <span class='ocrx_word' id='word_1_557' title='bbox 1695 5102 1858 5172; x_wconf 90' lang='lat' dir='ltr'>omnium</span> <span class='ocrx_word' id='word_1_558' title='bbox 1875 5106 2107 5191; x_wconf 83' lang='lat' dir='ltr'>iniuriarum,</span> <span class='ocrx_word' id='word_1_559' title='bbox 2134 5120 2169 5176; x_wconf 87' lang='lat' dir='ltr'>et</span> <span class='ocrx_word' id='word_1_560' title='bbox 2184 5109 2296 5180; x_wconf 91' lang='lat' dir='ltr'>edicta</span> <span class='ocrx_word' id='word_1_561' title='bbox 2312 5113 2356 5182; x_wconf 87' lang='lat' dir='ltr'>de</span> <span class='ocrx_word' id='word_1_562' title='bbox 2373 5135 2456 5203; x_wconf 89' lang='lat' dir='ltr'>pace</span> 
     </span>
     <span class='ocr_line' id='line_1_45' title="bbox 437 5198 2455 5301; baseline 0.001 -22"><span class='ocrx_word' id='word_1_563' title='bbox 437 5235 515 5281; x_wconf 91' lang='lat' dir='ltr'>rum</span> <span class='ocrx_word' id='word_1_564' title='bbox 540 5224 575 5281; x_wconf 89' lang='lat' dir='ltr'>et</span> <span class='ocrx_word' id='word_1_565' title='bbox 596 5209 723 5301; x_wconf 83' lang='lat' dir='ltr'>viginti</span> <span class='ocrx_word' id='word_1_566' title='bbox 746 5213 857 5280; x_wconf 89' lang='lat' dir='ltr'>millia</span> <span class='ocrx_word' id='word_1_567' title='bbox 874 5206 1142 5279; x_wconf 83' lang='lat' dir='ltr'>Austriacorum</span> <span class='ocrx_word' id='word_1_568' title='bbox 1169 5209 1207 5276; x_wconf 91' lang='lat' dir='ltr'>in</span> <span class='ocrx_word' id='word_1_569' title='bbox 1231 5206 1418 5276; x_wconf 87' lang='lat' dir='ltr'>Bavariam</span> <span class='ocrx_word' id='word_1_570' title='bbox 1470 5202 1650 5295; x_wconf 89' lang='lat' dir='ltr'>proponit.</span> <span class='ocrx_word' id='word_1_571' title='bbox 1701 5198 1782 5274; x_wconf 87' lang='lat' dir='ltr'>Etsi</span> <span class='ocrx_word' id='word_1_572' title='bbox 1797 5217 1912 5275; x_wconf 88' lang='lat' dir='ltr'>antem</span> <span class='ocrx_word' id='word_1_573' title='bbox 1928 5204 2113 5298; x_wconf 59' lang='lat' dir='ltr'>liupoldus</span> <span class='ocrx_word' id='word_1_574' title='bbox 2131 5231 2196 5278; x_wconf 88' lang='lat' dir='ltr'>nec</span> <span class='ocrx_word' id='word_1_575' title='bbox 2213 5212 2373 5283; x_wconf 90' lang='lat' dir='ltr'>animum</span> <span class='ocrx_word' id='word_1_576' title='bbox 2388 5209 2455 5283; x_wconf 93' lang='lat' dir='ltr'>ho·</span> 
     </span>
     <span class='ocr_line' id='line_1_46' title="bbox 437 5304 2454 5407; baseline 0 -26"><span class='ocrx_word' id='word_1_577' title='bbox 437 5316 480 5381; x_wconf 87' lang='lat' dir='ltr'>ad</span> <span class='ocrx_word' id='word_1_578' title='bbox 504 5311 687 5383; x_wconf 82' lang='lat' dir='ltr'>Muldorff</span> <span class='ocrx_word' id='word_1_579' title='bbox 715 5324 750 5384; x_wconf 84' lang='lat' dir='ltr'>et</span> <span class='ocrx_word' id='word_1_580' title='bbox 771 5308 960 5400; x_wconf 74' lang='lat' dir='ltr'>Ottingam·</span> <span class='ocrx_word' id='word_1_581' title='bbox 976 5311 1094 5393; x_wconf 88' lang='lat' dir='ltr'>ducit,</span> <span class='ocrx_word' id='word_1_582' title='bbox 1127 5310 1191 5380; x_wconf 95' lang='lat' dir='ltr'>ubi</span> <span class='ocrx_word' id='word_1_583' title='bbox 1216 5308 1420 5401; x_wconf 75' lang='lat' dir='ltr'>pereprinae</span> <span class='ocrx_word' id='word_1_584' title='bbox 1471 5305 1585 5376; x_wconf 91' lang='lat' dir='ltr'>stilem</span> <span class='ocrx_word' id='word_1_585' title='bbox 1609 5304 1775 5395; x_wconf 85' lang='lat' dir='ltr'>deponit,</span> <span class='ocrx_word' id='word_1_586' title='bbox 1800 5330 1865 5377; x_wconf 87' lang='lat' dir='ltr'>nce</span> <span class='ocrx_word' id='word_1_587' title='bbox 1888 5307 2054 5401; x_wconf 86' lang='lat' dir='ltr'>quiescit,</span> <span class='ocrx_word' id='word_1_588' title='bbox 2078 5323 2197 5381; x_wconf 89' lang='lat' dir='ltr'>tamen</span> <span class='ocrx_word' id='word_1_589' title='bbox 2212 5316 2385 5407; x_wconf 89' lang='lat' dir='ltr'>compesci</span> <span class='ocrx_word' id='word_1_590' title='bbox 2402 5314 2454 5383; x_wconf 80' lang='lat' dir='ltr'>t‘a-</span> 
     </span>
     <span class='ocr_line' id='line_1_47' title="bbox 438 5406 2452 5506; baseline -0.001 -22"><span class='ocrx_word' id='word_1_591' title='bbox 438 5431 555 5504; x_wconf 76' lang='lat' dir='ltr'>geutes</span> <span class='ocrx_word' id='word_1_592' title='bbox 573 5416 709 5506; x_wconf 86' lang='lat' dir='ltr'>oppida</span> <span class='ocrx_word' id='word_1_593' title='bbox 727 5428 881 5504; x_wconf 67' lang='lat' dir='ltr'>etpsgos</span> <span class='ocrx_word' id='word_1_594' title='bbox 893 5412 1108 5502; x_wconf 84' lang='lat' dir='ltr'>diripiebant</span> <span class='ocrx_word' id='word_1_595' title='bbox 1125 5426 1160 5482; x_wconf 87' lang='lat' dir='ltr'>et</span> <span class='ocrx_word' id='word_1_596' title='bbox 1173 5411 1422 5493; x_wconf 81' lang='lat' dir='ltr'>incendebant,</span> <span class='ocrx_word' id='word_1_597' title='bbox 1471 5406 1540 5477; x_wconf 89' lang='lat' dir='ltr'>cile·</span> <span class='ocrx_word' id='word_1_598' title='bbox 1551 5419 1714 5498; x_wconf 86' lang='lat' dir='ltr'>poterat,</span> <span class='ocrx_word' id='word_1_599' title='bbox 1747 5432 1827 5478; x_wconf 89' lang='lat' dir='ltr'>cnm</span> <span class='ocrx_word' id='word_1_600' title='bbox 1853 5407 2068 5480; x_wconf 82' lang='lat' dir='ltr'>Germaniae</span> <span class='ocrx_word' id='word_1_601' title='bbox 2089 5436 2169 5505; x_wconf 91' lang='lat' dir='ltr'>pars</span> <span class='ocrx_word' id='word_1_602' title='bbox 2195 5417 2308 5484; x_wconf 85' lang='lat' dir='ltr'>maior</span> <span class='ocrx_word' id='word_1_603' title='bbox 2328 5418 2395 5483; x_wconf 84' lang='lat' dir='ltr'>iarn</span> <span class='ocrx_word' id='word_1_604' title='bbox 2421 5429 2452 5481; x_wconf 89' lang='lat' dir='ltr'>et</span> 
     </span>
     <span class='ocr_line' id='line_1_48' title="bbox 439 5509 2452 5602; baseline -0.001 -18"><span class='ocrx_word' id='word_1_605' title='bbox 439 5530 472 5586; x_wconf 91' lang='lat' dir='ltr'>et</span> <span class='ocrx_word' id='word_1_606' title='bbox 492 5518 664 5586; x_wconf 85' lang='lat' dir='ltr'>inermem</span> <span class='ocrx_word' id='word_1_607' title='bbox 689 5516 828 5587; x_wconf 87' lang='lat' dir='ltr'>turbam</span> <span class='ocrx_word' id='word_1_608' title='bbox 844 5512 1084 5598; x_wconf 83' lang='lat' dir='ltr'>trucidabant,</span> <span class='ocrx_word' id='word_1_609' title='bbox 1110 5518 1148 5583; x_wconf 86' lang='lat' dir='ltr'>et&#39;</span> <span class='ocrx_word' id='word_1_610' title='bbox 1160 5509 1323 5582; x_wconf 85' lang='lat' dir='ltr'>honestas</span> <span class='ocrx_word' id='word_1_611' title='bbox 1339 5536 1419 5582; x_wconf 65' lang='lat' dir='ltr'>mna</span> <span class='ocrx_word' id='word_1_612' title='bbox 1470 5509 1662 5602; x_wconf 88' lang='lat' dir='ltr'>tranquilla</span> <span class='ocrx_word' id='word_1_613' title='bbox 1678 5524 1779 5595; x_wconf 89' lang='lat' dir='ltr'>esset,</span> <span class='ocrx_word' id='word_1_614' title='bbox 1805 5525 1840 5582; x_wconf 92' lang='lat' dir='ltr'>et</span> <span class='ocrx_word' id='word_1_615' title='bbox 1853 5535 1932 5581; x_wconf 93' lang='lat' dir='ltr'>cum</span> <span class='ocrx_word' id='word_1_616' title='bbox 1942 5511 2126 5584; x_wconf 89' lang='lat' dir='ltr'>Ludovico</span> <span class='ocrx_word' id='word_1_617' title='bbox 2142 5518 2339 5587; x_wconf 83' lang='lat' dir='ltr'>coniuncta.</span> <span class='ocrx_word' id='word_1_618' title='bbox 2382 5512 2452 5583; x_wconf 87' lang='lat' dir='ltr'>Sed</span> 
     </span>
     <span class='ocr_line' id='line_1_49' title="bbox 438 5611 2454 5709; baseline 0 -24"><span class='ocrx_word' id='word_1_619' title='bbox 438 5618 539 5688; x_wconf 91' lang='lat' dir='ltr'>lieres</span> <span class='ocrx_word' id='word_1_620' title='bbox 559 5642 600 5689; x_wconf 87' lang='lat' dir='ltr'>ac</span> <span class='ocrx_word' id='word_1_621' title='bbox 621 5620 776 5709; x_wconf 81' lang='lat' dir='ltr'>virgines</span> <span class='ocrx_word' id='word_1_622' title='bbox 799 5613 991 5705; x_wconf 82' lang='lat' dir='ltr'>rapiebant.</span> <span class='ocrx_word' id='word_1_623' title='bbox 1044 5613 1116 5683; x_wconf 83' lang='lat' dir='ltr'>lam</span> <span class='ocrx_word' id='word_1_624' title='bbox 1139 5638 1314 5684; x_wconf 81' lang='lat' dir='ltr'>usurum</span> <span class='ocrx_word' id='word_1_625' title='bbox 1332 5614 1420 5683; x_wconf 85' lang='lat' dir='ltr'>ciri-</span> <span class='ocrx_word' id='word_1_626' title='bbox 1471 5611 1584 5680; x_wconf 85' lang='lat' dir='ltr'>suriae</span> <span class='ocrx_word' id='word_1_627' title='bbox 1611 5612 1812 5702; x_wconf 83' lang='lat' dir='ltr'>pontificiae</span> <span class='ocrx_word' id='word_1_628' title='bbox 1838 5632 1920 5683; x_wconf 76' lang='lat' dir='ltr'>mox</span> <span class='ocrx_word' id='word_1_629' title='bbox 1949 5639 1990 5684; x_wconf 85' lang='lat' dir='ltr'>eo</span> <span class='ocrx_word' id='word_1_630' title='bbox 2021 5640 2117 5685; x_wconf 88' lang='lat' dir='ltr'>anno</span> <span class='ocrx_word' id='word_1_631' title='bbox 2149 5629 2250 5706; x_wconf 90' lang='lat' dir='ltr'>capto</span> <span class='ocrx_word' id='word_1_632' title='bbox 2273 5614 2454 5685; x_wconf 88' lang='lat' dir='ltr'>Friderico</span> 
     </span>
     <span class='ocr_line' id='line_1_50' title="bbox 439 5706 2454 5812; baseline -0.001 -23"><span class='ocrx_word' id='word_1_633' title='bbox 439 5720 513 5789; x_wconf 87' lang='lat' dir='ltr'>bus.</span> <span class='ocrx_word' id='word_1_634' title='bbox 531 5745 606 5791; x_wconf 92' lang='lat' dir='ltr'>non</span> <span class='ocrx_word' id='word_1_635' title='bbox 634 5721 760 5812; x_wconf 89' lang='lat' dir='ltr'>procul</span> <span class='ocrx_word' id='word_1_636' title='bbox 788 5715 963 5807; x_wconf 82' lang='lat' dir='ltr'>apatsia,</span> <span class='ocrx_word' id='word_1_637' title='bbox 994 5715 1060 5784; x_wconf 88' lang='lat' dir='ltr'>sed</span> <span class='ocrx_word' id='word_1_638' title='bbox 1078 5740 1157 5786; x_wconf 89' lang='lat' dir='ltr'>cum</span> <span class='ocrx_word' id='word_1_639' title='bbox 1179 5714 1367 5807; x_wconf 82' lang='lat' dir='ltr'>Hungsris·</span> <span class='ocrx_word' id='word_1_640' title='bbox 1387 5730 1421 5787; x_wconf 91' lang='lat' dir='ltr'>et</span> <span class='ocrx_word' id='word_1_641' title='bbox 1470 5706 1646 5782; x_wconf 75' lang='lat' dir='ltr'>Ecclesiae</span> <span class='ocrx_word' id='word_1_642' title='bbox 1671 5713 1922 5785; x_wconf 83' lang='lat' dir='ltr'>distraxerunt.</span> <span class='ocrx_word' id='word_1_643' title='bbox 1994 5713 2046 5786; x_wconf 82' lang='lat' dir='ltr'>Ea</span> <span class='ocrx_word' id='word_1_644' title='bbox 2078 5716 2255 5784; x_wconf 90' lang='lat' dir='ltr'>calamitas</span> <span class='ocrx_word' id='word_1_645' title='bbox 2284 5712 2454 5785; x_wconf 79' lang='lat' dir='ltr'>maiorelu</span> 
     </span>
    </p>
   </div>
   <div class='ocr_carea' id='block_1_4' title="bbox 439 5810 2459 5993">
    <p class='ocr_par' dir='ltr' id='par_1_4' title="bbox 439 5810 2459 5993">
     <span class='ocr_line' id='line_1_51' title="bbox 439 5810 2459 5908; baseline 0.003 -24"><span class='ocrx_word' id='word_1_646' title='bbox 439 5822 670 5893; x_wconf 77' lang='lat' dir='ltr'>vastationem</span> <span class='ocrx_word' id='word_1_647' title='bbox 698 5818 918 5893; x_wconf 84' lang='lat' dir='ltr'>barbaricam</span> <span class='ocrx_word' id='word_1_648' title='bbox 952 5815 990 5883; x_wconf 90' lang='lat' dir='ltr'>in</span> <span class='ocrx_word' id='word_1_649' title='bbox 1014 5817 1132 5887; x_wconf 84' lang='lat' dir='ltr'>medis</span> <span class='ocrx_word' id='word_1_650' title='bbox 1155 5819 1266 5908; x_wconf 84' lang='lat' dir='ltr'>petria</span> <span class='ocrx_word' id='word_1_651' title='bbox 1287 5818 1421 5889; x_wconf 85' lang='lat' dir='ltr'>lacien-</span> <span class='ocrx_word' id='word_1_652' title='bbox 1473 5815 1633 5886; x_wconf 89' lang='lat' dir='ltr'>dolorem</span> <span class='ocrx_word' id='word_1_653' title='bbox 1657 5814 1889 5887; x_wconf 84' lang='lat' dir='ltr'>etLudovico</span> <span class='ocrx_word' id='word_1_654' title='bbox 1913 5828 1949 5882; x_wconf 88' lang='lat' dir='ltr'>et</span> <span class='ocrx_word' id='word_1_655' title='bbox 1971 5815 2137 5883; x_wconf 88' lang='lat' dir='ltr'>omnibus</span> <span class='ocrx_word' id='word_1_656' title='bbox 2156 5810 2312 5883; x_wconf 86' lang='lat' dir='ltr'>honestis</span> <span class='ocrx_word' id='word_1_657' title='bbox 2326 5818 2459 5904; x_wconf 86' lang='lat' dir='ltr'>attulit,</span> 
     </span>
     <span class='ocr_line' id='line_1_52' title="bbox 490 5912 1943 5993; baseline -0.003 -4"><span class='ocrx_word' id='word_1_658' title='bbox 490 5912 671 5990; x_wconf 59' lang='lat' dir='ltr'>tttcmrrn,</span> <span class='ocrx_word' id='word_1_659' title='bbox 692 5927 793 5993; x_wconf 86' lang='lat' dir='ltr'>Orrn.</span> <span class='ocrx_word' id='word_1_660' title='bbox 820 5924 903 5988; x_wconf 79' lang='lat' dir='ltr'>voc.</span> <span class='ocrx_word' id='word_1_661' title='bbox 918 5920 995 5987; x_wconf 83' lang='grc' dir='ltr'>ΧΠ.</span> <span class='ocrx_word' id='word_1_662' title='bbox 1897 5913 1943 5986; x_wconf 89' lang='grc'>19</span> 
     </span>
    </p>
   </div>
   <div class='ocr_carea' id='block_1_5' title="bbox 0 0 3032 6772">
    <p class='ocr_par' dir='ltr' id='par_1_5' title="bbox 0 0 3032 6772">
     <span class='ocr_line' id='line_1_53' title="bbox 0 0 3032 6772; baseline 0 0"><span class='ocrx_word' id='word_1_663' title='bbox 0 0 3032 6772; x_wconf 95' lang='lat' dir='ltr'> </span> 
     </span>
    </p>
   </div>
  </div>
 </body>
</html>
