6025 6775
502 600 579 679 ess
975 599 1131 676 nucu.
1165 596 1240 674 nu
1271 598 1512 689 srunus¹
1546 537 1675 672 vnn
1710 597 2065 682 rurnosoru.
2305 666 2313 677 .
2363 635 2368 656 ν
2455 609 2533 684 cao

509 780 613 870 cipue
640 778 865 847 celebrantur
887 769 1058 855 Rhodus,
1086 769 1186 842 lonia
1201 769 1307 842 Asiae
1332 772 1496 851 minoris,
1518 809 1520 811 v
1545 771 1674 841 stolum
1690 771 1838 843 electum
1857 796 1917 843 vas
1933 776 2197 849 misericordiae
2212 780 2333 869 genuit
2353 793 2388 850 et
2404 780 2529 850 erudi-

510 903 636 968 magna
655 876 824 962 Graecia,
852 874 996 944 Tarsus.
1047 869 1102 942 Ex
1127 871 1347 962 lunia-enim
1372 895 1496 944 rursus
1530 874 1608 945 'vit
1670 870 1829 967 Utraque
1862 889 1898 945 et
1919 872 2072 948 Rhodus
2097 895 2132 951 ot
2154 879 2287 951 Tarsus
2313 905 2391 950 cum
2420 881 2529 950 armis

510 982 627 1054 Attica
643 975 775 1063 schola,
790 991 823 1046 et
835 974 1069 1045 Massiliensis
1084 976 1257 1065 profectae
1271 989 1366 1048 sunt.
1391 969 1497 1047 Rho·
1544 971 1719 1045 Romanis
1735 976 1805 1046 late
1819 976 2080 1068 imperantibus
2095 982 2272 1068 cessisset,
2297 977 2528 1074 αὐτονομίαν

511 1084 570 1154 dia
587 1077 705 1151 schola
722 1076 906 1172 Aegyptiis
925 1089 1097 1146 vestutate
1112 1077 1273 1168 proxima
1290 1078 1380 1161 fuit,
1405 1098 1496 1168 quae
1545 1089 1690 1167 propter
1711 1077 1911 1147 studiorum
1934 1081 2173 1152 celebritatem
2207 1084 2357 1153 retinuit
2387 1107 2528 1154 conces·

439 1215 441 1219 ·
512 1200 548 1256 et
568 1186 655 1254 situs
670 1179 955 1270 opportunitate,
981 1192 1016 1249 et
1031 1179 1241 1248 amoenitate
1265 1203 1305 1247 ac
1328 1177 1497 1268 temperie
1545 1178 1646 1245 sione
1661 1175 1904 1271 consensuque
1925 1181 2049 1271 populi
2062 1180 2227 1254 Romani.
2279 1183 2437 1274 Utraque
2461 1184 2528 1255 im·

512 1286 627 1366 coeli,
642 1294 676 1349 et
698 1281 830 1349 artium
849 1281 1012 1349 omnium
1034 1293 1139 1371 atque
1159 1280 1334 1369 imprimis
1358 1275 1497 1351 mathe·
1535 1277 1778 1350 -munitatihus
1807 1282 1936 1350 donata
1964 1296 2033 1374 est,
2072 1285 2117 1353 ab
2140 1281 2299 1353 Antonio
2321 1284 2528 1356 Triumviro

511 1384 718 1453 maticarum
733 1382 890 1466 c'ultura,
916 1405 1054 1472 semper
1069 1405 1147 1449 curu
1161 1378 1321 1474 Aegypto
1338 1380 1496 1450 certavit.
1547 1378 1692 1462 Tarsus,
1715 1379 1902 1450 aTiherio
1916 1380 2063 1454 Caesare
2076 1380 2238 1456 Rhodus.
2288 1379 2529 1476 Pythagoram
2563 1443 2566 1456 .

512 1483 645 1556 Allusit
666 1484 710 1550 ad
735 1478 821 1552 haec
846 1497 990 1552 venuste
1003 1481 1197 1567 Pindarus,
1222 1481 1357 1570 lingens
1376 1480 1496 1551 lovem
1546 1493 1706 1550 autorem
1740 1496 1773 1551 et
1806 1499 2070 1573 propagatorem
2093 1482 2292 1556 Matheseos
2325 1484 2363 1550 in
2402 1510 2529 1580 magna

441 1635 444 1643 ·
511 1583 668 1659 Rhodiis
690 1608 798 1653 aureo
822 1585 935 1654 imbre
959 1585 1108 1675 pluisse,
1135 1585 1231 1676 quod
1248 1584 1352 1675 primi
1368 1584 1405 1651 in
1421 1579 1497 1652 Eu·
1547 1579 1697 1650 Graecia
1713 1599 1923 1673 exceperunt
1939 1587 2044 1675 longo
2063 1588 2188 1657 ordine
2203 1580 2412 1675 Philosophi
2428 1614 2531 1679 prae.

513 1711 602 1779 ropa
620 1686 750 1755 editam
772 1710 791 1753 a
815 1709 887 1755 sese
902 1685 1103 1755 Minervam
1122 1685 1358 1776 excepissent,
1384 1698 1420 1754 et
1435 1686 1498 1752 de-
1547 1696 1694 1767 stantes,
1720 1708 1872 1776 quorum
1892 1685 2031 1779 aliquos
2046 1687 2186 1772 Sicilia,
2206 1688 2344 1780 aliquos
2366 1689 2440 1778 ipsa
2458 1691 2530 1763 lta·

512 1790 617 1859 cretis
638 1790 682 1857 de
704 1787 802 1856 cultu
824 1781 933 1855 'editis
954 1788 1145 1856 coluissent
1169 1787 1368 1870 sacrificiis,
1396 1785 1497 1856 nullo
1550 1785 1597 1852 lia
1619 1787 1804 1874 produxit,
1830 1787 1969 1880 aliquos
1994 1790 2131 1860 insulae
2153 1790 2299 1858 vicinae.
2351 1787 2447 1859 luter
2463 1789 2530 1878 hos

512 1907 631 1962 tamen
660 1882 822 1957 adhibito
857 1888 958 1976 igne,
996 1912 1100 1980 quem
1134 1889 1230 1980 quod
1263 1883 1497 1957 Athenienses
1545 1887 2066 1980 commendantur‘praecipuc
2103 1890 2276 1980 Telauges
2307 1888 2529 1983 Pythagorae

410 2023 417 2034 ’
513 2008 632 2083 postea
650 1989 869 2058 addidissent
881 1988 1080 2057 Minervam
1100 1984 1259 2058 Athenas
1282 1989 1497 2079 praetulisse,
1546 1985 1656 2070 filius,
1687 1984 1939 2080 Empedocles,
1972 1987 2226 2082 Epicharmus,
2258 1987 2424 2063 Architas
2455 1996 2530 2065 Ta·

513 2095 646 2164 scilicet
668 2092 764 2182 quod
778 2086 917 2161 Rhodii
942 2090 1101 2181 occupati
1120 2090 1249 2159 studiis
1274 2091 1497 2178 gravioribus
1546 2087 1726 2169 sentinus,
1754 2087 1947 2160 Alcmaeon
1964 2090 2199 2177 Crotoniates,
2225 2092 2416 2183 Hippasus,
2440 2094 2530 2167 Phi-

422 2248 429 2255 .
513 2192 863 2287 pervestigandorum
886 2205 1047 2261 motuum
1074 2190 1302 2275 coelestium,
1327 2192 1498 2283 eloquen-
1547 2187 1678 2273 lolaus,
1701 2186 1870 2260 Eudoxus
1886 2190 2057 2279 Cnidius,
2085 2195 2247 2266 Platonis
2268 2219 2400 2276 comes,
2427 2200 2530 2271 cuius

513 2298 597 2368 tiam
622 2294 744 2362 minus
767 2296 999 2363 exercuerunt
1022 2318 1127 2385 quam
1155 2288 1406 2375 Athenienses,
1433 2292 1498 2362 etsi
1547 2293 1904 2380 supramentiofacta
1928 2310 2001 2380 est,
2028 2296 2206 2367 Timaeus.
2259 2296 2399 2367 lonicae
2422 2296 2530 2369 scho-

513 2399 607 2468 inter
629 2395 697 2466 tria
721 2390 902 2463 rhetorum
926 2416 1054 2481 genera
1076 2389 1214 2465 Rhodii
1244 2394 1348 2463 etiam
1374 2417 1498 2462 recen·
1547 2391 1602 2458 lae
1617 2405 1777 2460 autorem
1796 2417 1938 2464 suarum
1955 2397 2222 2489 disciplinarum
2248 2413 2461 2486 agnoscunt,
2487 2427 2530 2471 ac

515 2513 648 2569 rentur.
1056 2530 1060 2534 ·
1369 2582 1377 2588 -
1546 2492 1759 2581 profitentur
1774 2489 1959 2565 Thaletem
1979 2496 2160 2570 Milesium
2180 2524 2308 2589 genere
2331 2513 2366 2569 et
2389 2503 2530 2592 origine

614 2596 750 2666 Habuit
771 2596 809 2665 in
839 2592 971 2668 Rhodo
997 2619 1077 2666 suas
1106 2593 1373 2667 obserrationes
1404 2593 1498 2686 Hip-
1547 2586 1772 2678 Phoenicen,
1805 2597 1867 2686 qui
1892 2592 2054 2691 Astyagis
2077 2602 2267 2671 Medorum
2298 2601 2388 2688 regis
2408 2606 2527 2674 seculo

516 2694 678 2792 parchus.
729 2696 802 2767 Nec
824 2698 954 2789 opinor
973 2696 1160 2769 Colossum
1180 2699 1284 2782 solis,
1314 2699 1376 2791 qui
1403 2698 1497 2767 inter
1548 2706 1629 2761 aute
1655 2690 1898 2764 monarchiam
1923 2696 2100 2770 Persicam
2128 2704 2287 2793 eclipsim
2304 2700 2400 2772 Solis
2424 2701 2536 2796 prae?

515 2815 646 2892 septem
669 2799 795 2868 mundi
819 2799 987 2869 miracula
1016 2814 1313 2870 commemoratur
1343 2799 1496 2893 cylindri
1547 2794 1648 2868 dixit.
1697 2792 1752 2864 Ex
1767 2791 1824 2864 his
1839 2798 2018 2869 derivatae
2032 2818 2117 2872 sunt
2133 2801 2250 2874 Attica
2273 2818 2308 2873 et
2322 2803 2527 2904 Massilien3

514 2917 576 2972 aut
597 2901 743 2970 obelisci
767 2901 894 2989 ligura,
924 2902 962 2969 in
990 2902 1100 2969 alium
1129 2903 1236 2971 fuisse
1266 2903 1497 2970 fabrefactum
1547 2896 1606 2965 sis·
1660 2892 1845 2965 Thalelem
1877 2902 1986 2969 seculi
2019 2919 2104 2974 sunl
2124 2906 2231 2995 longa
2253 2906 2343 2976 8111111
2369 2909 2526 2997 Plurimi,

419 3001 422 3008 ’
512 3018 610 3075 tanta
633 3001 821 3071 altitudine
840 3028 960 3087 usum,
993 3004 1062 3070 nisi
1085 3006 1128 3071 ad
1152 2994 1497 3097 συμπαρατηρήσεις
1546 2994 1830 3082 Anaximander,
1873 2998 2131 3089 Anaximenes,
2174 3009 2420 3096 Anaxagoras,
2454 3006 2527 3080 Ar·

514 3107 716 3186 stellarum,
759 3117 793 3172 et
826 3105 1013 3194 praecipue
1043 3104 1287 3173 inerrantium.
1360 3101 1496 3170 Fecisse
1546 3091 1706 3182 chelaus,
1727 3098 1907 3191 chrates,
1933 3100 2047 3174 Plato.
2106 3105 2216 3178 Hunc
2238 3103 2444 3180 Aristoteles
2466 3138 2527 3182 ex-

511 3204 608 3278 hunc
628 3200 804 3274 Chareten
826 3203 1004 3298 Lyndium
1029 3204 1175 3298 Lysippi
1206 3204 1419 3295 discipulum
1441 3226 1496 3271 se·
1547 3199 1659 3287 cepit,
1685 3212 1720 3269 et
1736 3198 1955 3293 Speusippus
1970 3227 2032 3275 seu
2049 3210 2167 3297 potius
2182 3209 2406 3287 Xenocrates.
2449 3211 2525 3302 Qui

512 3307 696 3402 ,quaginta
719 3305 919 3375 cubitorum
941 3306 1130 3376 altitudine
1146 3305 1285 3375 Plinius
1307 3319 1411 3374 autor
1433 3317 1496 3385 est,
1547 3300 1592 3367 ad
1608 3295 1833 3391 Aristotelem
1848 3306 1892 3372 ab
1908 3306 2099 3379 Academia
2115 3309 2275 3381 Platonis
2288 3313 2525 3397 discedentem

475 3447 477 3450 >
512 3411 577 3507 qui
593 3424 626 3491 ¹et
642 3422 754 3479 terrae
770 3421 867 3476 motu
884 3421 1120 3498 prostratum,
1145 3433 1225 3476 cum
1242 3408 1371 3476 iaceret
1386 3407 1495 3475 mira·
1529 3422 1583 3470 ·se
1605 3403 1852 3490 contulerunt,
1878 3406 2194 3500 Peripateticorum
2219 3414 2285 3482 sibi
2310 3439 2441 3486 nomen
2466 3417 2526 3486 in·

511 3515 591 3583 culo
606 3508 894 3599 fuisseprodidit.
945 3507 1015 3579 Sed
1034 3522 1185 3578 erectum
1206 3531 1326 3578 rursus
1342 3508 1497 3578 acresti-
1546 3502 1727 3577 diderunt.
1777 3503 1925 3600 Reliqui
1942 3514 2081 3604 sequuti
2097 3514 2331 3585 Xenocratem
2347 3540 2525 3590 successo·

511 3628 627 3684 tutum
645 3609 831 3681 Sarraceni
850 3611 959 3698 longo
980 3623 1139 3700 ternpore
1163 3623 1259 3699 post,
1284 3633 1363 3677 curn
1384 3610 1495 3699 impe·
1545 3625 1619 3669 rem
1641 3607 1680 3671 in
1702 3603 1914 3701 Academia,
1947 3634 2079 3680 nomen
2104 3615 2397 3689 Academicorum
2420 3645 2525 3691 usur·
2565 3696 2566 3702 χ

434 3718 437 3722 ’
481 3720 612 3789 ‘rante
633 3710 826 3782 Constante
848 3707 1003 3780 Heraclii
1027 3712 1100 3779 filio
1120 3707 1291 3782 Rhodum
1315 3733 1494 3799 expugna·
1544 3717 1685 3797 paruflt,
1700 3717 1733 3771 et
1750 3721 1978 3774 recensentur
1990 3714 2118 3780 ordine
2130 3710 2186 3785 his
2202 3721 2421 3793 nominibus.
2454 3721 2524 3792 Ρο-

512 3831 583 3885 tam
599 3814 839 3903 diripuissent,
854 3814 1045 3884 crudeliter
1060 3812 1219 3882 demoliti
1234 3813 1493 3900 confregerunt.
1544 3804 1675 3889 lernou,
1699 3801 1864 3890 Crantor,
1887 3803 2062 3893 Arcesilas
2076 3815 2213 3883 mediae
2230 3817 2443 3891 Academiae
2459 3848 2524 3894 au·

513 3912 645 3986 Aereas
660 3916 703 3982 de
718 3939 759 3983 eo
774 3937 905 3985 massas
921 3915 1149 4005 noningentis
1166 3915 1307 3983 camelis
1326 3913 1492 3981 ludaeum
1545 3918 1613 3990 ter,
1637 3905 1812 4001 Lacydes,
1836 3904 2023 3997 Evander,
2050 3909 2249 4001 Agesilaus,
2260 3917 2327 3985 'vel
2343 3933 2382 3988 ut
2399 3921 2525 3994 Cicero

510 4018 687 4113 quendam
711 4031 922 4106 asportasse,
956 4003 1123 4087 historiae
1145 4030 1302 4085 recentes
1325 4015 1500 4100 referunt,
1525 4003 1728 4104 „Egesinua
1741 4006 1940 4080 Carneades
1955 4037 2067 4084 novae
2081 4030 2183 4086 autor
2200 4015 2423 4106 Academiae,
2437 4021 2525 4120 Cly-

508 4124 607 4192 unde
622 4117 803 4189 aestimari
818 4119 1025 4209 magnitudo
1049 4131 1174 4211 potest.
1227 4116 1363 4187 Ferunt
1386 4115 1492 4186 etiam
1530 4105 1744 4195 ''tomacbus‚
1769 4107 2174 4205 Pyrrhus,-Heraclitus
2197 4119 2341 4214 Tyrius.

507 4223 744 4313 Aristippum,
759 4243 838 4316 cum
855 4220 990 4290 amissis
1008 4220 1196 4308 naufragio·
1207 4219 1361 4290 fortunis
1374 4216 1493 4286 omni·
1643 4209 2523 4311 HidigressiaPlatonisvestigiisAcademiaeve·
2563 4238 2566 4307 ‘5

506 4331 574 4398 bus
588 4328 663 4418 ipse
678 4347 757 4394 cum
775 4321 896 4412 paucis
913 4324 956 4390 ad
973 4322 1072 4392 littus
1085 4318 1271 4392 Rhodium
1294 4319 1413 4389 tabula
1430 4342 1491 4386 ve-
1542 4313 1628 4414 teris
1643 4316 1805 4403 dogmata
1824 4336 2071 4408 corruperunt.
2098 4321 2217 4410 Quare
2232 4326 2295 4416 qui
2313 4326 2423 4394 secuti
2439 4341 2521 4397 sunt
2560 4334 2566 4379 ἒ

508 4444 584 4497 ctus
607 4425 824 4519 pervenisset
846 4423 984 4508 salvus,
1006 4437 1041 4492 et
1061 4423 1298 4493 obambulans
1318 4421 1356 4487 in
1373 4420 1492 4495 littore
1541 4415 1724 4507 aliquanto
1743 4430 1821 4506 post
1835 4415 1995 4489 Platonis
2008 4436 2213 4510 sectatores,
2240 4451 2314 4495 non
2331 4423 2521 4497 Academi·
2560 4422 2565 4489 ἔ

506 4529 733 4617 geometricas
756 4527 882 4615 figuras
903 4526 1139 4616 conspexisset
1153 4519 1327 4594 machinis
1342 4521 1491 4614 quibus-
1541 4541 1600 4590 cos
1625 4515 1698 4586 sese
1720 4532 1881 4609 suspecto
1906 4521 2068 4607 nomine,
2090 4528 2151 4595 sed
2177 4525 2380 4598 Platonicos
2402 4530 2520 4599 vocari
2560 4532 2562 4615 s

506 4632 589 4698 dam
605 4629 824 4718 insculptas,
850 4628 991 4697 iussisse
1014 4628 1127 4696 socios
1150 4628 1246 4696 bono
1260 4624 1379 4693 animo
1407 4645 1491 4706 esse,
1540 4618 1744 4704 voluerunt,
1759 4619 2088 4717 coniunxeruntque
2102 4651 2226 4699 rursus
2241 4654 2320 4700 cum
2331 4626 2518 4700 Academia

506 4733 602 4823 quod
619 4724 804 4798 hominum
821 4729 966 4815 vestigia
982 4729 1177 4821 reperisset,
1203 4724 1489 4816 gratulatumque
1540 4719 1650 4789 veteri
1671 4721 1914 4812 peripateticas
1933 4718 2082 4799 scholas.
2135 4727 2350 4802 Claruerunt
2373 4755 2414 4800 ex
2437 4732 2518 4812 illis,
2553 4750 2557 4758 ·

437 4843 440 4850 '
504 4833 574 4904 sibi
601 4848 635 4904 et
658 4830 823 4920 reliquis,
858 4833 953 4922 quod
977 4831 1117 4901 nonin
1139 4829 1241 4899 littus
1265 4826 1488 4896 barbaricum
1539 4844 1618 4890 cum
1648 4821 1710 4890 alii
1741 4836 1817 4892 tum
1839 4846 1923 4891 vero
1948 4820 2192 4915 Aristarchus,
2220 4827 2451 4913 Ammonius,
2485 4845 2518 4902 et

504 4937 604 5008 eiecti
630 4947 761 5017 essent,
797 4933 1020 5004 confirmasse
1042 4929 1297 5004 humanitatem
1320 4950 1401 5015 erga
1423 4923 1488 4996 ho·
1538 4923 1628 4992 alter
1659 4918 1743 4994 huic
1771 4914 1972 5015 ὁμώνυμος
2010 4947 2244 5020 cognomento
2291 4930 2433 5015 κακκάς
2462 4934 2515 5002 vel

503 5040 609 5127 spites
633 5054 667 5107 et
687 5035 893 5124 naufragos,
918 5063 992 5106 non
1018 5038 1218 5106 defuturam
1242 5030 1314 5099 illis
1329 5024 1489 5098 homini·
1536 5017 1782 5120 κακκοφόρος,
1803 5023 1979 5113 Plotinus,
2001 5026 2175 5119 Amelius,
2190 5033 2416 5116 lamblichus,
2431 5034 2517 5111 Plu,-

502 5141 584 5221 bus,
609 5144 700 5229 apud
729 5163 817 5230 quos
844 5132 969 5206 harum
992 5138 1123 5206 artium
1149 5134 1266 5208 studia
1294 5146 1488 5209 tractaren-
1536 5122 1696 5213 tarchus,
1720 5126 1911 5221 syrianus,
1937 5127 2085 5203 Proclus
2100 5134 2244 5230 Lytius‚
2268 5138 2366 5207 cuius
2392 5153 2428 5208 et
2453 5135 2516 5233 hy·

501 5255 570 5309 tur.
624 5239 757 5307 Tarsus
780 5250 963 5326 tantopere
989 5236 1203 5318 celebratur,
1226 5250 1264 5307 ut
1289 5236 1318 5302 si
1333 5258 1407 5301 non
1424 5257 1486 5302 ex·
1536 5223 1705 5321 potheses·
1724 5242 1845 5300 extant
1874 5236 2132 5307 astronomicae
2155 5252 2189 5310 et
2207 5231 2440 5331 pereloquens
2461 5265 2516 5311 ee·

500 5337 680 5422 celluisse,
717 5360 881 5428 aequasse
905 5351 1023 5406 tamen
1047 5339 1103 5407 vel
1125 5334 1395 5418 Alexandriam,
1430 5335 1486 5403 vel
1534 5325 1744 5427 τραβίβλου
1759 5328 1963 5414 Ptolemaei,
1985 5335 2152 5410 Marinus
2167 5353 2200 5409 et
2218 5339 2333 5427 plures
2350 5340 2426 5421 alii,
2443 5365 2514 5412 uno

499 5439 659 5515 Athenas
680 5437 968 5529 praecellentium
995 5438 1218 5526 ingeniorum
1244 5438 1362 5528 copia,
1395 5459 1484 5526 quos
1535 5435 1686 5504 alterum
1708 5433 1901 5523 excipiente
1923 5436 1962 5505 in
1992 5441 2113 5509 eadem
2139 5439 2307 5524 statione,
2347 5434 2449 5513 velut
2476 5446 2544 5515 in.¹

497 5546 621 5616 multis
663 5540 766 5613 terris
802 5539 1120 5630 praestantissimos
1147 5536 1403 5632 suppeditavit,
1450 5550 1485 5605 et
1534 5538 1608 5606 acie
1625 5536 1795 5607 continua
1812 5539 1964 5628 quadam
1980 5540 2205 5611 successionis
2220 5541 2309 5611 serie
2323 5566 2415 5632 pene
2433 5547 2513 5617 inde
2531 5544 2542 5603 Ἃ

494 5651 637 5719 floreae
655 5647 773 5735 vigore
791 5641 991 5712 studiorum
1007 5644 1186 5724 tradatur,
1212 5644 1271 5709 sed
1296 5639 1483 5725 indigenas
1534 5661 1645 5730 usque
1661 5640 1705 5710 ab
1719 5640 1864 5708 exordio
1886 5637 2110 5712 monarchiae
2123 5637 2314 5715 Caesarum
2337 5647 2383 5715 ad
2393 5686 2398 5697 Α·
2412 5648 2513 5720 initia
2538 5690 2540 5697 ·

490 5753 575 5836 lere,
603 5754 677 5820 ndn
692 5762 828 5820 exteros
842 5743 931 5817 aluit
945 5745 1051 5817 ullos.
1102 5740 1201 5812 Haec
1213 5741 1363 5811 Paulum
1382 5735 1482 5830 Apo-
1532 5755 1696 5812 motuum
1711 5739 2029 5814 sarracenicorum·
2505 5744 2508 5754 '
