6025 6775
486 767 495 784 ·
526 670 625 756 1023
765 664 1315 750 submurmurando
1341 666 1466 742 HlST.
1492 663 1635 743 PROF.
1659 664 1726 739 ET
1752 665 1945 746 PHlLOS.
1971 668 2304 749 spectabant:
2445 680 2546 756 1024

526 849 698 921 Ticinum
712 846 839 927 diruit,
865 855 899 912 et
919 864 999 911 cum
1014 839 1166 912 Romam
1189 861 1390 911 accessurus
1410 850 1511 922 esset,
1562 861 1655 923 sam,
1680 837 1801 931 inqua
1818 840 1933 912 victus
1945 855 1998 912 est
2015 844 2061 912 ab
2075 844 2191 926 Aetio,
2217 846 2308 916 facta
2323 860 2373 919 cst
2387 853 2545 922 secundo

528 953 629 1023 missi
655 949 794 1019 obviam
819 936 898 1012 Leo
919 940 1105 1013 Romanus
1127 937 1342 1033 Episcopus,
1370 952 1404 1012 et
1430 961 1512 1044 pars
1562 937 1853 1014 Martianianno.
1906 940 1974 1012 Hic
1995 944 2068 1013 fuit
2089 968 2205 1015 annus
2225 941 2359 1019 Christi
2374 954 2544 1044 quadrin-

531 1054 682 1125 Senatus
695 1046 896 1138 petiverunt
910 1067 1042 1135 pacem,
1069 1056 1103 1112 et
1118 1041 1292 1134 supplices
1308 1054 1511 1131 oraverunt,
1562 1039 1774 1131 gentesimus
1791 1043 2101 1133 quinquagesimus
2123 1046 2283 1137 quintus.
2337 1049 2543 1141 Consumpti

530 1168 570 1224 ut
585 1160 741 1242 parceret
764 1146 847 1215 urbi
869 1142 1023 1228 Romae,
1048 1167 1137 1234 quae
1159 1155 1213 1215 tot
1234 1142 1441 1213 excellentes
1457 1143 1512 1209 vi·
1562 1154 1646 1210 suut
1666 1140 1775 1228 igitur
1797 1143 1882 1208 anni
1896 1143 2032 1212 circiter
2053 1169 2111 1214 sex
2128 1146 2167 1213 iu
2185 1152 2380 1222 vastatione
2398 1152 2546 1221 Germa·

529 1275 588 1322 ros
608 1248 695 1319 olim
719 1248 916 1338 genuisset,
949 1267 1102 1337 quorum
1128 1244 1241 1314 virtus
1261 1243 1300 1312 in
1324 1257 1398 1314 toto
1424 1244 1512 1312 orbe
1562 1242 1644 1310 niae
1666 1254 1702 1311 et
1724 1238 1880 1321 Galliae,
1907 1265 1975 1333 quo
1998 1256 2155 1335 tempore
2174 1250 2279 1319 multi
2297 1255 2411 1324 sancti
2429 1254 2548 1320 viriet

487 1393 494 1415 .
529 1353 624 1421 clara
651 1350 707 1420 sit.
765 1346 938 1417 Flectitur
962 1358 1100 1436 praeter
1121 1346 1282 1415 omnium
1303 1344 1511 1436 opinionem
1562 1356 1745 1412 matronae
1767 1342 1893 1430 passim
1909 1342 2082 1412 interfecti
2099 1360 2189 1421 sunt.
2241 1347 2373 1443 Captae
2390 1368 2424 1425 ct
2446 1355 2549 1422 diru-

531 1453 661 1535 Attila,
687 1464 721 1520 et
743 1449 932 1519 exercitum
956 1446 994 1514 in
1008 1444 1233 1515 Pannoniam
1250 1447 1398 1517 reducit.
1449 1446 1511 1513 ln·
1563 1457 1616 1512 tae
1641 1441 1850 1533 praecipuae
1868 1442 1993 1528 urbes,
2020 1439 2168 1514 Colonia
2189 1446 2405 1544 Agrippina,
2442 1454 2549 1523 Tun-

531 1563 726 1641 terrogatus
742 1570 900 1633 causam,
926 1572 989 1617 cur
1003 1547 1120 1615 subito
1136 1547 1297 1616 oratione
1312 1545 1511 1637 supplicum
1563 1545 1654 1633 gria,
1680 1540 1978 1633 Argentoratum,
2004 1546 2089 1614 urbs
2113 1542 2369 1640 Rauracorum,
2397 1554 2550 1643 Lugdu·

530 1666 649 1723 motus
665 1664 772 1735 esset,
798 1650 889 1719 dixit
903 1672 939 1719 se
954 1648 1085 1716 vidisse
1101 1671 1218 1715 senem
1234 1661 1404 1717 astantem
1420 1645 1512 1716 Leo·
1563 1668 1670 1724 num,
1705 1660 1739 1714 et
1767 1646 1857 1714 aliae
1887 1645 2037 1716 multae:
2070 1648 2128 1715 aed
2166 1648 2251 1717 urbs
2276 1648 2551 1722 Aurelianensis

530 1755 569 1822 ni
585 1750 751 1824 Romano
764 1746 960 1842 Episcopo,
986 1748 1099 1839 specie
1114 1771 1219 1838 supra
1234 1744 1426 1817 humanam
1443 1762 1512 1817 ter·
1563 1746 1692 1834 pietate
1713 1743 1882 1836 Episcopi
1905 1743 2076 1815 Anniani
2094 1747 2306 1822 mirabiliter
2326 1753 2467 1822 defensa
2484 1770 2553 1822 est.

531 1855 629 1924 ribili
663 1852 887 1922 minitantem
917 1851 950 1918 ei
983 1863 1131 1918 mortem
1140 1900 1151 1932 ,
1189 1848 1260 1917 nisi
1293 1848 1513 1940 supplicibus
1561 1846 1651 1915 Nam
1676 1872 1755 1915 cum
1779 1843 1928 1916 Attilam
1950 1850 2079 1919 frustra
2101 1865 2262 1938 precatus
2278 1866 2382 1939 esset,
2406 1867 2448 1923 ut
2464 1854 2554 1923 urbi

530 1945 699 2047 parceret.
752 1950 925 2021 Itaetiam
944 1949 1158 2020 terribilium
1184 1962 1415 2042 tyrannorum
1441 1950 1510 2016 im·
1562 1962 1739 2037 parceret,
1772 1961 1892 2036 postea
1915 1950 2081 2021 veniente
2104 1949 2211 2020 Ae‘tio
2237 1974 2337 2023 saeva
2360 1967 2553 2043 tempestas

529 2069 650 2147 petum
667 2077 769 2144 saepe
785 2049 881 2121 Deus
895 2050 1038 2139 frangit.
1087 2048 1198 2121 Redit
1211 2050 1296 2118 inde
1312 2051 1349 2118 in
1368 2048 1512 2118 Panno-

530 2157 647 2241 niam,
670 2168 703 2224 et
727 2167 767 2225 ut
792 2166 917 2221 natura
933 2152 1002 2222 fuit
1019 2152 1195 2243 inquieta,
1221 2152 1406 2221 minitatur
1424 2150 1513 2219 vici-

532 2259 589 2325 nis
612 2256 787 2327 omnibus.
839 2252 907 2324 Sed
937 2253 1006 2321 iam
1028 2252 1144 2320 fatalis
1166 2252 1246 2320 finis
1264 2252 1418 2321 instabat
1433 2265 1513 2320 tan-

532 2370 587 2426 tae
601 2356 781 2429 saeviciae.
831 2350 909 2423 Etsi
932 2354 1059 2422 multas
1080 2348 1204 2424 habuit
1218 2354 1385 2443 coniuges
1400 2352 1512 2423 Attila

530 2480 629 2526 more
644 2457 773 2546 gentis:
799 2468 917 2523 tamen
933 2453 1155 2522 iuvenculam
1181 2455 1294 2540 ducit,
1319 2478 1426 2547 quam
1443 2477 1511 2521 no-

530 2557 672 2626 minant
697 2555 858 2638 Hildieo,
891 2554 999 2622 filiam
1029 2555 1119 2642 regis
1149 2554 1438 2640 Bactrianorum,
1471 2554 1511 2622 in

529 2658 573 2725 iis
599 2656 733 2747 nuptiis
763 2679 840 2724 cum
867 2668 901 2726 et
928 2654 1110 2723 laboribus
1141 2658 1373 2726 certaminum
1404 2679 1513 2748 eque-

532 2759 674 2841 strium,
701 2770 733 2826 et
757 2757 841 2824 vino
864 2771 897 2826 et
914 2754 1052 2825 Venere
1071 2779 1199 2847 corpus
1220 2758 1295 2827 eius
1309 2758 1511 2826 inflamma·

531 2874 607 2927 tum
633 2872 739 2941 esset,
763 2870 867 2927 nocte
884 2857 1056 2927 extinctus
1083 2872 1151 2938 est,
1179 2860 1349 2948 sanguiue
1368 2859 1511 2950 copioso

532 2960 569 3026 in
594 2960 710 3028 fauces
733 2961 932 3029 exundante
959 2973 1050 3029 etex
1067 2983 1128 3026 ore
1147 2973 1363 3051 erumpente.
1412 2957 1512 3028 Tan-

530 3077 605 3129 tum
636 3060 730 3127 enim
753 3054 811 3127 hie
833 3074 978 3131 eventus
999 3061 1228 3145 describitur,
1260 3073 1293 3130 et
1314 3054 1512 3150 epiphone-

529 3185 585 3229 ma
610 3162 766 3230 additur:
800 3159 937 3230 lustum
966 3161 1072 3229 fuisse
1097 3184 1162 3229 suo
1187 3161 1358 3247 sanguine
1379 3160 1511 3239 necari,

530 3263 590 3353 qui
609 3275 679 3331 tam
696 3261 848 3330 multum
873 3256 1021 3330 humaui
1039 3262 1221 3351 sanguinis
1243 3258 1424 3345 hauserat,
1449 3263 1510 3329 sed

529 3377 589 3434 aut
611 3387 720 3433 venae
741 3376 864 3455 ruptae
887 3376 988 3448 sunt,
1020 3378 1082 3434 aut
1109 3362 1292 3455 apoplexia
1316 3361 1512 3448 antecessit,

530 3489 609 3533 cum
628 3490 695 3557 qua
710 3461 795 3534 haec
812 3464 936 3534 effusio
953 3465 1135 3554 sauguinis
1156 3465 1258 3534 facile
1274 3464 1431 3534 accidere
1445 3488 1511 3553 po-

529 3567 609 3635 tuit.
660 3564 731 3632 Nec
746 3580 882 3636 tantum
900 3567 1010 3655 ipsius
1027 3589 1121 3635 mors
1133 3566 1329 3657 exemplum
1347 3578 1399 3634 est
1413 3565 1509 3633 iudi-

529 3665 573 3734 cii
593 3663 717 3749 divini,
742 3669 800 3734 sed
818 3667 923 3736 etiam
940 3669 1095 3737 filiorum
1107 3667 1271 3738 interitus
1285 3679 1366 3760 post
1380 3665 1509 3757 ipsum,

530 3779 564 3836 et
580 3766 681 3854 regni
696 3767 889 3857 dissipatio.

630 3866 792 3938 Conferri
816 3862 1028 3939 monarchae
1050 3866 1153 3937 aliter
1175 3869 1236 3936 alii
1260 3881 1425 3958 possunt,
1448 3869 1506 3939 sed

527 3971 565 4037 in
588 3964 643 4038 his
671 3971 785 4042 trihus
814 3965 899 4039 haec
929 3969 1058 4038 similia
1093 3986 1191 4042 sunt:
1225 3962 1265 4038 ln
1292 3966 1508 4048 Alexandro,

526 4068 637 4142 Attila
654 4086 687 4141 et
705 4070 940 4153 Tamerlane‚
965 4073 1060 4162 quod
1080 4096 1120 4139 ex
1137 4072 1291 4162 paternis
1312 4071 1430 4159 regnis
1445 4093 1509 4138 an-

527 4173 637 4262 gustis
658 4172 854 4264 progressi,
886 4194 1030 4260 magnos
1051 4177 1222 4242 exercitus
1244 4175 1442 4256 eluxerunt,
1474 4184 1509 4242 et

525 4295 653 4364 magna
666 4288 765 4364 parte
783 4273 881 4343 orbis
895 4285 1067 4342 terrarum
1087 4275 1190 4360 potiti
1208 4288 1308 4353 sunt,
1334 4297 1438 4368 quam
1455 4286 1507 4343 ta·

524 4399 608 4446 men
631 4399 705 4445 nou
725 4375 789 4445 diu
812 4385 1022 4444 tenuerunt:
1057 4385 1091 4441 et
1114 4398 1194 4442 rum
1227 4389 1342 4446 essent
1365 4375 1510 4460 mortui,

525 4500 633 4566 regna
656 4477 753 4548 varie
777 4476 965 4546 dilacerata
986 4487 1085 4558 sunt,
1111 4473 1206 4544 iuxta
1224 4477 1374 4546 dietum:
1409 4499 1507 4546 sum-

525 4579 663 4671 misque
693 4590 859 4669 negatum
889 4588 941 4647 est
966 4574 1068 4645 Stare
1104 4575 1178 4644 diu.
1232 4577 1284 4645 Ac
1316 4580 1509 4648 ostendunt

524 4669 612 4746 haec
627 4681 807 4769 exempla,
832 4702 906 4747 uon
926 4676 1011 4747 solis
1034 4671 1200 4745 humanis
1224 4679 1381 4748 consiliis
1403 4692 1437 4749 et
1453 4679 1506 4747 vi-

525 4773 625 4844 ribus
637 4779 755 4868 parari
769 4792 804 4848 et
818 4779 930 4847 teneri
945 4775 1110 4869 imperia:
1138 4781 1197 4845 sed
1214 4803 1331 4848 veram
1346 4802 1419 4849 csse
1433 4777 1506 4849 Da·

525 4874 633 4945 utatis
650 4899 787 4946 vocem:
815 4874 911 4948 Deus
927 4880 1091 4948 transfert
1108 4891 1143 4946 et
1159 4880 1292 4948 stabilit
1306 4902 1424 4968 regua.

626 4975 681 5047 De
697 4979 801 5050 annis
820 4980 952 5051 Attilae
967 4978 1187 5048 narrationes
1209 4980 1397 5051 dissimiles
1412 4995 1507 5066 sunt,

526 5076 588 5148 scd
603 5077 649 5146 ab
665 5082 904 5170 expeditione,
931 5081 969 5150 in
986 5082 1107 5175 quain
1123 5078 1352 5153 Germaniam
1369 5097 1403 5154 ct
1419 5081 1507 5152 Gal-

524 5178 610 5248 liam
632 5179 753 5249 eduxit
776 5207 817 5252 ex
835 5182 1022 5254 Pannonia
1045 5185 1236 5276 quingenta
1259 5187 1371 5254 millia
1389 5182 1505 5255 homi·

525 5303 613 5352 num
641 5299 754 5371 usque
785 5283 828 5351 ad
861 5297 1032 5364 mortem,
1063 5284 1207 5353 invenio
1232 5309 1346 5355 annos
1367 5287 1507 5356 circiter

1562 2049 1656 2146 inter
1670 2049 1914 2139 praeliandum
1931 2074 2094 2140 magnam
2110 2051 2377 2122 multitudinem
2393 2053 2552 2125 Hunno-

1563 2173 1641 2218 rum
1680 2150 1855 2239 perdidit,
1905 2151 1953 2219 ita
1985 2151 2130 2244 reliquit
2164 2154 2389 2224 obsidionem
2422 2153 2550 2228 Attila.

1563 2247 1701 2318 Deinde
1725 2263 1805 2339 post
1835 2272 1988 2340 pugnam
2018 2256 2063 2321 ad
2085 2252 2256 2324 Tolosam
2289 2256 2428 2327 circiter
2458 2281 2550 2348 qua·

1563 2350 1768 2420 driennium
1783 2351 1889 2433 vixit,
1916 2365 2078 2423 mortuus
2100 2368 2151 2424 est
2173 2356 2269 2424 enim
2288 2358 2424 2427 vivente
2441 2356 2548 2427 Mar-

1562 2452 1676 2537 tiano,
1707 2451 1764 2521 cui
1786 2453 1977 2522 dormienti
2000 2477 2041 2523 ea
2064 2468 2187 2541 nocte,
2219 2481 2288 2550 qua
2310 2471 2470 2528 mortuus
2496 2473 2552 2529 est

1563 2547 1696 2637 Attila,
1721 2554 1854 2644 species
1880 2553 1918 2621 in
1940 2555 2078 2624 somnio
2099 2571 2237 2628 ostensa
2261 2572 2312 2629 est
2326 2560 2426 2629 fracti
2445 2582 2551 2629 arcus

1563 2649 1707 2726 Attilae.
1759 2652 1974 2746 Quanquam
2006 2657 2115 2745 igitur
2143 2682 2291 2747 regnum
2327 2661 2441 2731 tenuit
2469 2684 2550 2729 am-

1561 2754 1775 2844 plissimum:
1810 2768 1929 2824 tamen
1952 2759 2164 2828 vastationes
2186 2773 2323 2830 tautum
2346 2761 2446 2841 fecit,
2478 2785 2548 2830 nec

1562 2856 1744 2926 constituit
1766 2857 1916 2925 formam
1939 2860 2057 2947 regni,
2078 2885 2143 2929 nee
2157 2862 2222 2930 uni
2240 2884 2281 2929 ex
2296 2862 2378 2930 liliis
2398 2876 2548 2933 monar-

1562 2952 1677 3025 chiam
1693 2957 1859 3058 tradidit,
1870 2981 1935 3028 nec
1951 2960 2150 3049 provincias
2164 2962 2214 3030 eis
2230 2962 2424 3038 distribuit.
2458 2962 2548 3034 Fuit

1561 3058 1671 3145 igitur
1699 3072 1892 3154 tyrannus,
1923 3074 1956 3131 et
1986 3082 2108 3132 cursus
2135 3062 2211 3130 eius
2232 3059 2399 3154 Europae
2428 3064 2548 3135 fatalis

1561 3182 1675 3248 poena
1695 3159 1779 3244 fuit,
1812 3173 1845 3229 et
1864 3163 1908 3229 de
1925 3160 2005 3230 tiliis
2030 3162 2157 3232 accidit
2174 3165 2269 3255 quod
2286 3166 2456 3257 scriptum
2477 3180 2548 3237 est:

1561 3258 1688 3328 Semen
1712 3260 1903 3352 impiorum
1926 3263 2068 3354 peribit.
2120 3259 2261 3333 Rursus
2283 3265 2433 3335 enimin
2449 3264 2549 3337 Pan·

1561 3361 1669 3429 nonia
1694 3359 1795 3432 Gotti
1828 3384 1975 3451 regnum
2004 3379 2267 3456 recuperarunt.
2324 3363 2417 3438 Cum
2448 3370 2548 3439 enim

1560 3461 1625 3529 filii
1646 3460 1779 3532 Attilae
1799 3466 1893 3534 inter
1914 3491 1950 3535 se
1974 3467 2018 3534 cle
2043 3467 2261 3539 successione
2277 3469 2417 3540 circiter
2433 3473 2547 3540 trien-

1560 3563 1660 3632 nium
1683 3564 1913 3650 dissiderent,
1939 3590 1998 3635 rex
2016 3566 2234 3656 Gepidarum
2252 3570 2446 3641 Ardaricus
2468 3575 2546 3641 bel-

1559 3664 1635 3733 lum
1651 3666 1761 3734 movit
1775 3668 1943 3737 adversus
1958 3664 2130 3750 llunnm,
2157 3684 2193 3741 et
2211 3672 2393 3742 trucidatis
2417 3673 2548 3762 trigin-

1559 3778 1594 3836 ta
1609 3764 1768 3835 millibus
1779 3764 2010 3852 Hunnorum,
2037 3783 2070 3838 et
2083 3769 2156 3838 lilio
2166 3762 2305 3842 Attilae¹
2315 3769 2416 3842 Ellac
2430 3776 2549 3843 maxi·

1558 3891 1618 3935 mo
1635 3881 1740 3953 natu,
1766 3870 1898 3957 potitus
1918 3882 2020 3965 estet
2045 3893 2154 3960 regno
2168 3869 2387 3943 Pannoniae.
2439 3871 2549 3957 Alter

1559 3981 1676 4036 autem
1693 3969 1801 4037 frater
1814 3964 1935 4040 Clraha
1952 3995 2031 4040 cum
2050 3986 2148 4061 parte
2160 3970 2373 4044 Hunnorum
2387 3973 2423 4040 in
2440 3983 2544 4040 vete-

1559 4091 1632 4137 rem
1649 4071 1797 4158 patriam
1815 4071 1982 4144 discessit.
2033 4070 2120 4142 Pars
2144 4074 2180 4141 in
2198 4071 2376 4142 Pannonia
2394 4072 2548 4154 mansit,

1560 4170 1624 4240 etsi
1647 4191 1792 4258 regnum
1818 4170 1918 4242 Gotti
1942 4185 2134 4244 tenuerunt
2162 4173 2264 4240 anuis
2288 4171 2428 4241 circiter
2454 4194 2546 4242 cen·

1559 4285 1654 4357 tum,
1683 4273 1796 4342 doucc
1816 4269 1944 4342 Hunni
1967 4286 2001 4344 et
2023 4271 2157 4345 Avares
2174 4270 2362 4344 Iustiniani
2385 4271 2546 4365 impera-

1559 4372 1647 4442 toris
1667 4388 1842 4463 tempore,
1873 4389 1958 4445 tunc
1980 4375 2083 4446 effusi
2104 4387 2185 4445 sont
2207 4374 2245 4443 in
2270 4397 2310 4443 ea
2326 4373 2423 4458 loca,
2450 4398 2546 4467 quae

1558 4497 1655 4544 nunc
1678 4472 1824 4564 Bulgari
1851 4490 1885 4548 ct
1912 4472 2084 4547 Walachi
2107 4487 2245 4562 tenent,
2269 4475 2363 4545 etin
2383 4476 2544 4546 vicinam

1557 4573 1794 4646 Pannoniam.
1826 4618 1839 4643 .

1662 4673 1790 4746 Variae
1804 4679 2016 4751 mutationes
2034 4680 2072 4748 in
2087 4678 2257 4749 omnibus
2272 4676 2388 4769 regnis
2402 4679 2545 4749 accide-

1558 4788 1660 4856 runt,
1687 4793 1727 4849 ut
1749 4795 1832 4851 sunt
1854 4805 1910 4851 res
1929 4776 2101 4851 humanae
2119 4780 2323 4855 instabiles.
2371 4776 2418 4851 Et
2441 4777 2548 4850 Deus

1558 4880 1718 4949 omnium
1740 4882 1897 4969 gentium
1930 4895 2065 4974 peccata
2089 4881 2347 4953 mutationibus
2369 4881 2547 4970 imperio-

1559 5005 1637 5049 rum
1655 4996 1688 5052 et
1703 4985 1958 5055 vastationibus
1974 4982 2087 5075 punit.
2138 4982 2208 5054 Sed
2225 4996 2369 5076 propter
2382 4983 2545 5071 regionis

1557 5082 1771 5155 fertilitatem
1795 5099 1829 5155 et
1853 5087 2153 5175 opportunitatem
2177 5085 2363 5176 praecipue
2387 5083 2426 5152 in
2443 5080 2543 5153 Pan·

1559 5184 1703 5254 naniam
1738 5210 1839 5276 saepe
1871 5187 2008 5255 infusae
2050 5200 2133 5259 sunt
2163 5185 2368 5276 peregrinae
2407 5199 2545 5275 gentes.

1558 5283 1635 5356 Hoc
1651 5286 1759 5376 igitur
1781 5287 1859 5355 loco
1882 5285 1969 5355 facta
1989 5287 2120 5379 insigni
2136 5289 2330 5360 mutatione
2347 5300 2426 5379 post
2442 5286 2544 5358 Atti·

525 5379 725 5455 duodecim.
767 5379 919 5472 Prosper
934 5387 1029 5456 enim
1046 5386 1169 5455 scribit
1188 5382 1286 5458 Coss.
1300 5383 1504 5458 Theodosio
1557 5387 1628 5455 lam
1649 5388 1783 5480 aliquid
1802 5386 1846 5452 de
1863 5388 2040 5459 veteribus
2062 5388 2360 5481 appellationibus
2380 5386 2544 5458 inserere

525 5496 559 5555 ct
583 5479 719 5554 Albino
741 5477 891 5555 Attilam
920 5486 1103 5556 interfecto
1131 5489 1238 5556 fratre
1259 5484 1361 5558 Buda
1389 5489 1504 5560 solum
1557 5488 1666 5576 volui.
1716 5484 1948 5557 Notissimum
1965 5504 2016 5561 est
2033 5491 2245 5560 vocabulum
2262 5483 2416 5573 Cethim,
2439 5491 2546 5560 uude

523 5604 634 5674 regno
673 5584 847 5678 potitum,
895 5584 1087 5654 multarum
1119 5587 1277 5671 gentium
1314 5590 1503 5661 exercitum
1556 5612 1687 5659 nomen
1716 5597 1766 5655 est
1794 5588 1971 5684 μακὲτης,
2011 5592 2047 5660 id
2079 5605 2146 5673 est,
2182 5591 2351 5676 Macedo,
2383 5603 2420 5661 et
2446 5589 2547 5662 liber

523 5684 677 5758 duxisse.
727 5685 796 5759 Hir
823 5683 891 5758 fuit
911 5707 1027 5755 annus
1044 5681 1177 5758 Christi
1201 5690 1504 5782 quadringentesi-
1554 5688 1846 5760 Maccahaeorum
1869 5693 1918 5762 ait
1939 5693 2181 5765 Alexandrum
2202 5715 2378 5783 egressum
2404 5714 2484 5762 esse
2503 5716 2545 5763 ex

523 5805 601 5854 tuus
627 5788 913 5882 quadragesimus
935 5784 1116 5878 septimus.
1167 5787 1290 5880 Pugna
1313 5790 1358 5860 ad
1390 5788 1501 5861 Tolo·
1555 5801 1647 5860 terra
1662 5783 1813 5868 Cethim.
1864 5789 2052 5891 Hodieque
2073 5793 2204 5864 fluvius
2223 5794 2397 5864 dirimens
2413 5789 2547 5866 Mace·
