6025 6775
679 3066 685 3070 ’
793 3047 931 3138 tia,
989 3053 1270 3145 pellunt
1324 3051 1403 3120 in
1448 3049 1657 3120 exilia
1698 3047 1849 3140 pias
1915 3049 2223 3119 familias
2278 3050 2749 3134 sacerdotum,

787 621 944 698 657
1512 602 1516 605 ’
1843 647 1846 652 ·
2082 613 2609 691 PHILIPPI
2676 610 3576 720 MELANTHONIS.
4699 643 4852 720 658

795 806 963 865 sunt
1028 793 1347 866 actiones
1414 791 1608 862 cerlo
1674 790 1891 862 modo
1954 786 2300 858 divinitus
2368 786 2769 875 institutae,
2807 794 2820 864 l
2864 789 3208 875 nionum,
3274 807 3345 865 et
3393 784 3788 887 praestigiis
3834 801 4408 894 cavillationum,
4480 834 4614 882 nec
4660 818 4841 890 velle

788 918 1001 990 quam
1033 894 1461 967 sententiam
1495 899 1655 963 cum
1688 888 1938 962 Eccius
1965 890 2271 960 refutare
2305 888 2380 958 in
2405 890 2769 983 colloquio
2811 897 2819 927 ·“
2863 894 3188 984 exempla
3210 895 3398 966 vitae
3427 898 3580 967 sine
3626 924 3919 972 censura
3970 928 4141 989 esse.
4176 895 4185 904 ⁶
4245 904 4357 978 De
4400 903 4513 980 bis
4559 913 4843 989 indiciis

790 995 1422 1087 Regensburgensi
1458 1018 1604 1063 non
1633 1004 1898 1085 posset,
1950 989 2283 1062 incensus
2325 990 2470 1076 ira,
2522 1005 2763 1082 postea
2861 993 3182 1089 loquitur
3229 993 3619 1085 Dominus,
3682 1000 4046 1096 inquiens:
4113 1004 4249 1079 Dic
4293 1004 4689 1102 Ecclesiae,
4770 1035 4839 1092 et

787 1111 1072 1169 tantum
1115 1098 1272 1168 vini
1312 1092 1581 1180 hausit,
1629 1106 1709 1164 ut
1755 1116 1922 1164 mox
1961 1106 2201 1166 secuta
2231 1091 2760 1164 sit·saevissima
2858 1092 3127 1167 Paulus
3189 1098 3269 1167 in
3339 1104 3647 1173 secunda
3733 1105 4033 1195 epistola
4113 1111 4205 1179 ad
4273 1107 4690 1187 Corinthios
4762 1135 4833 1191 et

787 1198 1035 1275 febris.
1918 1219 1929 1223 ·
2560 1219 2569 1224 ·
2865 1199 2935 1269 1.
2980 1193 3298 1270 Timoth.
3338 1198 3415 1278 5.
3543 1198 3638 1275 Et
3689 1206 4090 1299 exemplum
4141 1207 4429 1307 ¹Synodi
4489 1215 4571 1287 in
4627 1214 4846 1295 Actis-

995 1316 1122 1391 67.
1205 1311 1466 1383 Totum
1510 1305 1726 1384 chaos
1767 1312 2038 1383 rituum
2107 1310 2763 1396 ecclesiasticorum,
2859 1311 3068 1370 extal-
4906 1321 4912 1327 ’

791 1420 917 1514 qui
964 1413 1335 1487 hominum
1379 1415 1762 1486 autoritate
1803 1412 2114 1485 instituti
2146 1424 2316 1484 sunt
2343 1414 2534 1505 apud
2561 1410 2757 1484 Pon-

793 1520 1079 1597 tificios,
1140 1514 1430 1605 plenum
1480 1527 1587 1586 est
1632 1538 1993 1595 errorum,
2050 1525 2123 1585 et
2168 1514 2309 1585 fuit
2355 1514 2759 1587 carnificina

791 1615 1377 1691 conscientiarum
1428 1614 1826 1708 impediens
1846 1615 2058 1685 fidem
2100 1627 2171 1686 et
2212 1615 2758 1699 invocationem,

788 1724 1142 1791 finxerunt
1169 1715 1634 1787 necessariam
1661 1740 1811 1788 esse
1835 1716 2438 1788 enumerationem
2462 1717 2760 1787 delicto-

788 1845 986 1906 rum,
1044 1820 1558 1891 satisfactiones
1617 1818 2030 1904 canonicas,
2093 1817 2507 1888 discrimina
2559 1818 2759 1889 cibo-

784 1947 948 1995 rum
981 1933 1051 1992 et
1079 1920 1343 1994 similes
1372 1920 1553 1992 ritus
1580 1941 1728 1991 esse
1757 1920 1990 1991 cultus
2021 1916 2155 1991 Dei
2186 1932 2256 1990 et
2284 1920 2556 2005 merita,
2581 1942 2757 1990 con-

785 2026 1175 2096 tenderunt
1237 2035 1517 2113 peccata
1580 2044 1728 2093 esse
1791 2020 2210 2092 violationes
2259 2021 2754 2108 traditionum,

789 2148 971 2220 quae
1052 2119 1365 2193 humana
1443 2123 1820 2201 autoritate
1900 2122 1979 2191 in
2044 2119 2362 2194 Ecclesia
2428 2123 2757 2194 conditae

788 2240 977 2313 sunt.
1080 2221 1274 2295 Haec
1303 2224 1763 2298 deliramenta
1812 2223 2177 2295 manifeste
2217 2236 2543 2314 pugnant
2589 2247 2750 2295 cum

787 2324 902 2398 his
931 2326 1174 2398 dictis:
1227 2324 1518 2397 Frustra
1548 2325 1793 2396 colunt
1821 2350 1937 2395 me
1966 2325 2319 2395 mandatis
2347 2320 2749 2396 hominum.
2790 2353 2794 2357 ·

788 2425 888 2499 Et
914 2452 1122 2499 nemo
1150 2449 1276 2498 vos
1310 2440 1554 2518 arguat
1583 2427 1662 2498 in
1689 2427 1850 2498 cibo
1885 2441 2015 2499 etc.
2117 2422 2212 2497 Et
2242 2438 2477 2495 tamen
2511 2427 2752 2517 impu-

789 2529 1033 2599 dentia
1060 2540 1247 2600 tanta
1279 2542 1380 2599 est
1409 2525 1902 2608 Esauitarum‘,
1944 2540 2034 2612 ⁴ut
2072 2528 2250 2598 tales
2292 2526 2590 2618 ineptias
2624 2527 2749 2595 de-
2803 2523 2806 2553 ³

786 2631 1087 2700 fendant
1115 2628 1316 2700 editis
1349 2625 1868 2725 sycophanticis
1892 2628 2194 2721 scriptis.

992 2744 1118 2821 68.
1166 2744 1550 2840 Manifeste
1580 2740 2129 2840 inquitPaulus:
2176 2738 2746 2816 prohibitionem

790 2848 1103 2938 coniugii
1136 2869 1284 2917 esse
1331 2848 1729 2918 doctrinam
1756 2845 2334 2917 Daemoniorum.
2436 2840 2537 2916 Et
2562 2840 2748 2917 hanc

789 2944 1350 3041 prohibitionem
1380 2946 1739 3019 Pontificii
1767 2959 2060 3019 tuentur
2104 2945 2473 3017 barbarica
2521 2946 2748 3016 saevi-

3057 1431 3132 1505 2.
3198 1429 3425 1523 Recte
3452 1437 3716 1511 dicitur
3753 1465 4079 1512 normam
4126 1441 4551 1519 iudiciorum
4583 1452 4660 1522 in
4687 1449 4830 1527 Ec-

2857 1531 3065 1628 qlesia
3130 1557 3279 1606 esse
3332 1537 3591 1631 scripta
3640 1538 4056 1636 prophetica
4123 1557 4195 1616 et
4248 1551 4667 1638 apostolica,
4753 1572 4828 1630 et

2855 1634 3215 1727 symbola,
3290 1662 3471 1731 quae
3531 1643 3820 1737 quidem
3876 1658 4045 1717 sunt
4090 1647 4335 1718 breves
4377 1652 4825 1728 recitationes

2855 1733 3551 1823 articulorum-fidei,
3618 1768 3699 1814 ex
3743 1746 4019 1837 scriptis
4061 1742 4491 1839 propheticis
4537 1769 4607 1825 et
4648 1780 4821 1845 apo-

2855 1835 3124 1906 stolicis
3150 1838 3518 1926 collectae,
3568 1856 3649 1914 ut
3678 1846 3892 1917 simul
3922 1848 3997 1918 in
4031 1864 4406 1940 conspectu
4431 1852 4523 1923 sit
4553 1857 4823 1927 doctrix

2855 1960 2988 2006 nae
3036 1960 3331 2014 summa.
3465 1938 3762 2016 Necesse
3823 1962 3925 2019 est
3971 1949 4163 2019 enim
4211 1951 4502 2022 retineri
4547 1956 4817 2030 dictum

2850 2034 3094 2110 Pauli:
3147 2039 3230 2113 Si
3262 2040 3423 2136 quis
3454 2042 3647 2113 aliud
3667 2039 4136 2137 Evangelium
4169 2051 4405 2139 docet,
4445 2053 4819 2131 anathema

2851 2139 2966 2212 sit.
3103 2137 3200 2212 Et
3249 2142 3517 2214 dictum
3569 2140 3947 2218 Iohannis:
4030 2147 4183 2238 Qui
4234 2175 4380 2222 non
4446 2172 4686 2229 manet
4739 2160 4818 2230 in

2852 2242 3174 2312 doctrina
3208 2238 3515 2330 Christi,
3564 2246 3803 2317 Deum
3838 2272 3987 2318 non
4021 2244 4255 2326 habet.
4361 2251 4578 2328 Item:
4631 2256 4819 2332 Fru-

2796 2404 2804 2445 4
2850 2354 2992 2413 stra
3027 2344 3275 2416 colunt
3304 2370 3418 2415 me
3447 2349 3798 2419 mandatis
3828 2344 4226 2432 hominum.

2984 2539 2990 2543 .
3051 2478 3123 2548 3.
3246 2478 3673 2551 Viennensis
3734 2479 4026 2555 Esauita
4095 2484 4547 2577 impudenter
4626 2492 4825 2581 dicit,

2848 2579 3172 2672 ineptum
3207 2593 3278 2652 et
3304 2581 3690 2652 ridiculum
3725 2605 3898 2665 esse,
3948 2583 4373 2679 aScriptura
4399 2605 4638 2681 petere
4663 2619 4819 2665 cer-

2849 2694 2993 2752 tam
3053 2682 3478 2753 sententiam
3524 2685 3612 2752 de
3662 2684 4073 2757 difficilibus
4117 2689 4483 2780 religionis
4521 2709 4818 2766 'contro-

2848 2782 3120 2854 versiis.
3253 2780 3463 2856 Tales
3525 2808 3730 2854 voces
3774 2788 4319 2859 contumeliosas
4366 2787 4555 2865 haud
4599 2798 4818 2868 dubie

2849 2883 3096 2974 puniet
3124 2881 3315 2953 Deus
3335 2936 3356 2969 ,
3404 2896 3473 2955 et
3504 2887 3874 2957 ostendere
3904 2909 4038 2957 nos
4067 2892 4497 2965 contrariam
4541 2898 4819 2968 confes-

2847 2984 3121 3054 sionem
3155 3005 3437 3055 necesse
3468 2998 3598 3059 est.

3056 3114 3126 3187 4.
3189 3113 3338 3187 Nos
3384 3115 3693 3187 dicimus
3738 3141 3975 3189 veram
4004 3114 4391 3192 Ecclesiam
4437 3126 4824 3201 doctricem

2849 3217 3275 3289 audiendam
3310 3240 3496 3303 esse,
3548 3219 3671 3288 sed
3706 3233 3944 3290 tamen
3990 3222 4204 3292 fidem
4249 3223 4388 3297 niti
4433 3229 4652 3300 verbo
4682 3227 4822 3302 Dei

2850 3343 3171 3412 expresso
3241 3318 3319 3391 in
3389 3319 3670 3411 scriptis
3730 3316 4161 3414 propheticis
4207 3338 4310 3398 -et
4391 3330 4821 3420 apostolicis.

2849 3419 3031 3492 Vult
3057 3422 3247 3492 enim
3282 3417 3477 3494 Deus
3523 3421 3599 3489 in
3630 3418 3946 3494 Ecclesia
3987 3424 4464 3498 ministerium
4513 3434 4822 3511 docendi

2849 3546 2998 3593 esse
3019 3577 3041 3609 ‚
3091 3521 3247 3593 vult
3273 3521 3414 3613 legi
3459 3522 3581 3592 illa
3614 3523 3908 3615 scripta,
3959 3539 4029 3596 et
4058 3528 4334 3598 moneri
4368 3531 4696 3604 rudiores
4730 3535 4820 3606 de

2852 3648 3105 3715 genere
3151 3622 3530 3709 sermonis,
3590 3635 3662 3693 et
3709 3626 3986 3695 ostendi
4031 3628 4350 3700 membra
4393 3644 4461 3703 et
4491 3626 4823 3705 ordinem

2848 3728 2929 3797 in
2986 3725 3320 3797 universa
3366 3723 3724 3811 doctrina,
3809 3750 3957 3797 non
4001 3727 4625 3824 vult-interpretes
4681 3736 4824 3809 alia

2849 3829 3180 3919 dogmata
3243 3839 3436 3900 extra
3497 3826 3757 3924 scripta
3820 3824 4232 3922 prophetica
4298 3846 4370 3905 et
4433 3837 4822 3929 apostolica

2848 3952 3161 4021 gignere.

2983 4048 3015 4067 ’
3051 4059 3123 4135 5.
3186 4057 3285 4135 Et
3323 4062 3782 4137 manifestum
3824 4078 3963 4150 est,
4040 4067 4418 4139 collatione
4473 4069 4824 4161 locorum,

2849 4165 3250 4238 intentione
3294 4176 3363 4233 et
3402 4163 3642 4233 studio
3684 4186 3863 4253 opus
3912 4187 4097 4250 esse,
4163 4169 4345 4240 sicut
4388 4169 4656 4242 Paulus
4705 4175 4823 4243 in-

2851 4267 3044 4363 quit:
3100 4262 3218 4336 Sis
3241 4263 3569 4334 assiduus
3587 4275 3658 4335 et
3675 4262 3991 4336 intentus
4016 4265 4102 4336 in
4122 4267 4450 4351 lectione,
4499 4273 4826 4349 doctrina

797 4403 1415 4486 quaerena'quem
1454 4389 1770 4473 devoret,
1818 4388 1945 4480 qui
1979 4399 2051 4457 et
2083 4401 2426 4483 tyrannos
2456 4400 2525 4457 et
2550 4388 2754 4456 fana-
2852 4382 2924 4439 et
2963 4365 3472 4438 consolatione.
3580 4363 3790 4437 l‘tem:
3855 4364 4106 4439 Sermo
4133 4365 4402 4442 Christi
4441 4366 4711 4447 habitet
4743 4377 4825 4446 in

798 4489 977 4560 ticos
1018 4488 1310 4580 spiritus
1337 4503 1602 4573 armat,
1654 4501 1737 4560 ut
1765 4488 2067 4559 maiores
2104 4488 2602 4579 dissipationes
2643 4488 2752 4558 fa·
2854 4468 3062 4540 V⁰b3⁸
3087 4466 3372 4538 abunde
3400 4466 3479 4537 3¹¹
3504 4466 3707 4538 ⁰m¹¹i
3741 4467 4113 4563 ΜΡῖθῦῑῖὃ,
4160 4483 4231 4542 θῑ
4259 4472 4504 4544 docete
4533 4487 4605 4547 et
4630 4499 4826 4547 com·

799 4589 1015 4663 ciant.
1115 4585 1256 4659 Sed
1288 4595 1639 4666 credimus
1663 4585 1797 4663 hos
1824 4602 2105 4661 nostros
2146 4604 2384 4663 coetus
2427 4604 2756 4662 sonantes
2798 4645 2801 4685 4
2857 4569 3278 4645 monefacfle
3303 4592 3431 4642 VOS
3458 4582 3734 4645 mutuo·

799 4714 1043 4760 vocem
1073 4683 1464 4779 Evangelii,
1510 4719 1656 4767 esse
1683 4690 2073 4767 Ecclesiam
2100 4688 2258 4778 Dei,
2308 4706 2378 4763 et
2402 4715 2566 4763 eum
2596 4717 2758 4787 pre-
3065 4708 3140 4783 6,
3204 4704 3439 4780 Huius
3471 4706 3688 4777 studii
3714 4705 3971 4791 rgctrix
4014 4720 4117 4780 est
4159 4732 4297 4780 vox
4343 4731 4549 4780 verae
4575 4704 4827 4783 Eccles

801 4814 1081 4878 camur»
1129 4803 1380 4865 ¹12¹¹⁰⁸
1409 4796 1749 4884 gubernet
1793 4809 1864 4868 et
1902 4806 2244 4890 protegat.
2300 4789 2558 4865 Amen·
2860 4815 3004 4887 siae
3030 4812 3110 4880 in
3139 4806 3503 4900 docendo,
3562 4808 3747 4878 sicut
3790 4807 4057 4878 dictum
4100 4823 4235 4882 est:
4308 4808 4468 4882 Nisi
4506 4815 4828 4887 arassetis

1144 4928 1153 4937 ’
2744 4952 2749 4957 ·
2863 4914 3088 4989 vitula
3116 4935 3312 4994 mea,
3365 4933 3516 4982 non
3540 4908 4009 4986 invenissetis.

792 3152 919 3249 qui
961 3152 1039 3225 in
1080 3152 1413 3242 coniugio
1442 3150 1680 3221 vivere
1724 3149 2043 3235 malunt,
2089 3150 2355 3220 alicubi
2387 3150 2597 3221 etiam
2632 3149 2749 3219 in-

792 3253 1145 3327 terficiunt
1183 3277 1325 3327 eos.
1432 3250 1720 3323 Talium
1764 3252 2103 3323 scelerum
2149 3253 2554 3322 defensores
2596 3275 2746 3322 non

791 3378 942 3429 esse
986 3351 1589 3441 EcclesiamDei,
1676 3354 2126 3425 manifestum
2171 3366 2310 3440 est,
2373 3354 2537 3447 quia
2581 3365 2749 3423 sunt

790 3480 1054 3548 organa
1095 3457 1611 3542 Diabolorum,
1683 3455 1809 3550 qui
1853 3456 2238 3527 libidinum
2300 3455 2749 3526 confusiones

794 3559 960 3629 odio
989 3556 1127 3631 Dei
1158 3557 1559 3630 confirmari
1592 3558 1885 3642 volunt,
1938 3572 2006 3629 et
2030 3571 2198 3629 sunt
2226 3552 2644 3628 homicidae.

995 3675 1123 3752 69.
1172 3673 1463 3746 Talium
1497 3676 1834 3747 scelerum
1863 3689 1934 3747 et
1979 3675 2369 3746 factionum
2415 3696 2549 3746 nos
2598 3698 2746 3744 non

793 3803 944 3852 esse
971 3778 1200 3850 socios
1229 3778 1593 3867 laetemur,
1617 3778 1781 3873 quia
1816 3778 2155 3869 scriptum
2188 3792 2320 3851 est:
2354 3775 2518 3848 Non
2553 3800 2748 3846 com-

790 3880 1110 3952 munices
1139 3879 1391 3950 alienis
1421 3880 1739 3972 peccatis.
1817 3875 1917 3951 Et
1940 3902 2384 3971 opponamus
2413 3883 2747 3950 mandata

790 3982 925 4054 Dei
967 3981 1390 4054 adversariis
1435 3979 2022 4067 vociferantibus,
2071 4003 2203 4050 nos
2232 4002 2379 4051 esse
2409 3977 2750 4051 schisma-

793 4099 944 4156 tum
995 4097 1067 4157 et
1115 4082 1613 4157 scandalorum
1662 4094 1969 4158 autores.
2085 4079 2394 4154 Difficile
2446 4095 2551 4153 est
2600 4105 2746 4151 non

791 4186 1197 4278 languefieri
1247 4187 1512 4260 talibus
1552 4184 2214 4272 criminationibus,
2262 4184 2604 4277 elingens
2630 4209 2748 4263 ra-

791 4289 942 4360 bies
987 4302 1090 4362 est
1126 4288 1458 4374 Diaboli,
1530 4286 1659 4379 qui
1717 4285 2047 4358 circumit
2110 4300 2193 4359 ut
2234 4289 2375 4356 -leo
2440 4287 2752 4376 rugiens,

3071 5047 3148 5119 ’1.
3227 5042 3339 5117 Ac
3364 5042 3735 5136 loquimur
3762 5045 3852 5112 de
3878 5065 4085 5113 verae
4113 5037 4469 5117 Ecclesiae
4496 5073 4704 5139 voce,
4749 5065 4836 5125 ut

2871 5174 3033 5224 cum
3065 5147 3145 5217 in
3177 5144 3436 5216 Iudaea
3461 5157 3691 5215 essent
3722 5137 4086 5214 Pharisaei
4125 5158 4194 5217 et
4217 5145 4659 5235 Zadducaei,
4707 5155 4840 5246 qui

2871 5248 3281 5347 peregrinas
3307 5243 3923 5336 interpretationes
3951 5247 4703 5335 comminiscebantur,
4771 5270 4842 5328 et

2876 5353 3167 5450 quidem
3227 5346 3650 5418 vocabulum
3690 5340 4052 5416 Pharisaei
4097 5346 4445 5439 significat
4492 5353 4843 5445 interpre-

2878 5472 3064 5539 tem,
3112 5452 3288 5522 adeo
3327 5448 3710 5540 gloriosum
3755 5446 4043 5518 titulum
4086 5448 4196 5519 illi
4238 5450 4379 5521 sihi
4418 5469 4845 5544 sumserunt,

806 5536 1314 5627 certissimum
1348 5566 1452 5625 est
1478 5551 1707 5623 filium
1740 5549 1881 5623 Dei
1907 5552 2200 5637 velle-in
2226 5552 2544 5629 Ecclesia
2591 5554 2781 5626 iudi-
2883 5573 3123 5631 tamen
3187 5565 3467 5646 praeter
3523 5544 3657 5621 hos
3714 5561 3915 5620 erant
3957 5572 4122 5620 vera
4159 5544 4474 5622 Ecclesia
4520 5554 4847 5643 visibilis,

806 5656 915 5727 cia
951 5678 1098 5727 esse
1128 5657 1220 5727 de
1253 5656 1579 5728 doctrina
1609 5667 1680 5725 et
1711 5655 1801 5724 de
1835 5653 2194 5738 moribus,
2243 5671 2309 5728 et
2338 5681 2786 5753 nequaquam
2883 5653 3301 5741 Zacharias,
3363 5647 3775 5737 Elisabeth,
3839 5649 4169 5737 Simeon,
4231 5648 4445 5723 Anna
4466 5705 4485 5736 ,
4568 5651 4850 5746 Ioseph,

807 5759 997 5830 velle
1033 5757 1396 5831 infinitam
1426 5755 1787 5829 licentiam
1819 5777 1967 5826 esse
1995 5754 2598 5835 ludendideliciis
2629 5758 2790 5856 opi·
2884 5758 3161 5847 Maria,
3210 5769 3414 5831 ‘soror
3441 5751 3752 5837 Mariae,
3803 5765 3877 5824 et
3916 5746 4175 5824 horum
4214 5750 4571 5824 auditores
4613 5757 4848 5837 multi.

905 5857 1285 5931 Musa-rn-
1337 5865 1549 5935 Orsa.
1597 5862 1770 5933 Vox..
1819 5858 1979 5932 ΧΠ.
3467 5855 3568 5934 42
3819 5883 3830 5889 “

797 5053 1115 5150 (LXX.)
1205 5060 1758 5152 Propo-sitiones
1820 5063 1915 5135 de
1990 5060 2304 5136 iudiciis
2359 5062 2766 5148 Ecclesiae,

800 5159 897 5234 de
941 5157 1214 5256 quibus
1250 5158 1680 5255 disputabit
1723 5166 2087 5262 Magister
2134 5163 2452 5237 David
2506 5166 2717 5236 Voit
2745 5215 2772 5255 ,

929 5268 1201 5338 Lector
1251 5263 1716 5337 Academiae
1755 5268 2438 5362 Regiomontanae,
2512 5264 2638 5339 die

1277 5366 1400 5444 15.
1441 5368 1759 5457 Martii,
1814 5364 2024 5443 Anno
2072 5369 2299 5448 156⁰.
