<?xml version="1.0" encoding="UTF-8"?>
<!DOCTYPE html PUBLIC "-//W3C//DTD XHTML 1.0 Transitional//EN"
    "http://www.w3.org/TR/xhtml1/DTD/xhtml1-transitional.dtd">
<html xmlns="http://www.w3.org/1999/xhtml" xml:lang="en" lang="en">
 <head>
  <title>
</title>
<meta http-equiv="Content-Type" content="text/html;charset=utf-8" />
  <meta name='ocr-system' content='tesseract 3.04.00' />
  <meta name='ocr-capabilities' content='ocr_page ocr_carea ocr_par ocr_line ocrx_word'/>
</head>
<body>
  <div class='ocr_page' id='page_1' title='image "./philippimelanth12melagoog/philippimelanth12melagoog_0132.png"; bbox 0 0 6025 6775; ppageno 0'>
   <div class='ocr_carea' id='block_1_1' title="bbox 621 656 2642 753">
    <p class='ocr_par' dir='ltr' id='par_1_1' title="bbox 621 656 2642 753">
     <span class='ocr_line' id='line_1_1' title="bbox 621 656 2642 753; baseline 0.002 -17"><span class='ocrx_word' id='word_1_1' title='bbox 621 671 697 749; x_wconf 72' lang='lat'>243</span> <span class='ocrx_word' id='word_1_2' title='bbox 1083 660 1241 737; x_wconf 71' lang='lat' dir='ltr'>DECb</span> <span class='ocrx_word' id='word_1_3' title='bbox 1281 656 1356 732; x_wconf 76' lang='lat' dir='ltr'>DE</span> <span class='ocrx_word' id='word_1_4' title='bbox 1390 657 1628 735; x_wconf 81' lang='lat' dir='ltr'>STUDHS</span> <span class='ocrx_word' id='word_1_5' title='bbox 1666 657 1793 734; x_wconf 80' lang='lat' dir='ltr'><strong>VET.</strong></span> <span class='ocrx_word' id='word_1_6' title='bbox 1833 659 2184 739; x_wconf 82' lang='lat' dir='ltr'>PHtLOSOPH.</span> <span class='ocrx_word' id='word_1_7' title='bbox 2566 682 2642 753; x_wconf 74' lang='lat' dir='ltr'>ets</span> 
     </span>
    </p>
   </div>
   <div class='ocr_carea' id='block_1_2' title="bbox 552 832 2648 2759">
    <p class='ocr_par' dir='ltr' id='par_1_2' title="bbox 552 832 2647 2355">
     <span class='ocr_line' id='line_1_2' title="bbox 623 832 2643 942; baseline 0.001 -25"><span class='ocrx_word' id='word_1_8' title='bbox 623 873 665 919; x_wconf 86' lang='lat' dir='ltr'>ex</span> <span class='ocrx_word' id='word_1_9' title='bbox 687 844 795 916; x_wconf 89' lang='lat' dir='ltr'>insito</span> <span class='ocrx_word' id='word_1_10' title='bbox 817 841 880 911; x_wconf 90' lang='lat' dir='ltr'>illo</span> <span class='ocrx_word' id='word_1_11' title='bbox 896 837 1060 920; x_wconf 87' lang='lat' dir='ltr'>fastidio,</span> <span class='ocrx_word' id='word_1_12' title='bbox 1084 848 1159 904; x_wconf 92' lang='lat' dir='ltr'>tum</span> <span class='ocrx_word' id='word_1_13' title='bbox 1175 854 1216 900; x_wconf 87' lang='lat' dir='ltr'>ex</span> <span class='ocrx_word' id='word_1_14' title='bbox 1234 832 1317 904; x_wconf 91' lang='lat' dir='ltr'>odio</span> <span class='ocrx_word' id='word_1_15' title='bbox 1331 835 1486 926; x_wconf 85' lang='lat' dir='ltr'>profecta</span> <span class='ocrx_word' id='word_1_16' title='bbox 1502 848 1609 927; x_wconf 88' lang='lat' dir='ltr'>atque</span> <span class='ocrx_word' id='word_1_17' title='bbox 1660 833 1837 926; x_wconf 90' lang='lat' dir='ltr'>principio</span> <span class='ocrx_word' id='word_1_18' title='bbox 1857 833 1917 904; x_wconf 83' lang='lat' dir='ltr'>vix</span> <span class='ocrx_word' id='word_1_19' title='bbox 1939 833 2065 906; x_wconf 87' lang='lat' dir='ltr'>leviter</span> <span class='ocrx_word' id='word_1_20' title='bbox 2087 838 2292 927; x_wconf 88' lang='lat' dir='ltr'>degustato,</span> <span class='ocrx_word' id='word_1_21' title='bbox 2320 844 2384 913; x_wconf 91' lang='lat' dir='ltr'>ubi</span> <span class='ocrx_word' id='word_1_22' title='bbox 2405 849 2447 915; x_wconf 90' lang='lat' dir='ltr'>ad</span> <span class='ocrx_word' id='word_1_23' title='bbox 2471 872 2527 918; x_wconf 83' lang='lat' dir='ltr'>res</span> <span class='ocrx_word' id='word_1_24' title='bbox 2548 850 2643 942; x_wconf 87' lang='lat' dir='ltr'>ipsas</span> 
     </span>
     <span class='ocr_line' id='line_1_3' title="bbox 623 934 2641 1038; baseline 0.002 -20"><span class='ocrx_word' id='word_1_25' title='bbox 623 944 843 1038; x_wconf 77' lang='lat' dir='ltr'>impatientia</span> <span class='ocrx_word' id='word_1_26' title='bbox 858 938 1068 1012; x_wconf 78' lang='lat' dir='ltr'>ardentioris</span> <span class='ocrx_word' id='word_1_27' title='bbox 1082 948 1116 1005; x_wconf 90' lang='lat' dir='ltr'>et</span> <span class='ocrx_word' id='word_1_28' title='bbox 1132 934 1280 1004; x_wconf 88' lang='lat' dir='ltr'>acrioris</span> <span class='ocrx_word' id='word_1_29' title='bbox 1294 936 1415 1016; x_wconf 87' lang='lat' dir='ltr'>studii,</span> <span class='ocrx_word' id='word_1_30' title='bbox 1439 950 1473 1007; x_wconf 94' lang='lat' dir='ltr'>et</span> <span class='ocrx_word' id='word_1_31' title='bbox 1487 959 1607 1006; x_wconf 86' lang='lat' dir='ltr'>amore</span> <span class='ocrx_word' id='word_1_32' title='bbox 1661 947 1869 1026; x_wconf 85' lang='lat' dir='ltr'>perventum</span> <span class='ocrx_word' id='word_1_33' title='bbox 1890 950 1961 1020; x_wconf 85' lang='lat' dir='ltr'>est,</span> <span class='ocrx_word' id='word_1_34' title='bbox 1996 938 2088 1029; x_wconf 89' lang='lat' dir='ltr'>capti</span> <span class='ocrx_word' id='word_1_35' title='bbox 2112 940 2271 1013; x_wconf 87' lang='lat' dir='ltr'>satietate</span> <span class='ocrx_word' id='word_1_36' title='bbox 2294 958 2356 1015; x_wconf 91' lang='lat' dir='ltr'>aut</span> <span class='ocrx_word' id='word_1_37' title='bbox 2373 947 2546 1021; x_wconf 75' lang='lat' dir='ltr'>absterriti</span> <span class='ocrx_word' id='word_1_38' title='bbox 2569 952 2641 1023; x_wconf 90' lang='lat' dir='ltr'>im-</span> 
     </span>
     <span class='ocr_line' id='line_1_4' title="bbox 623 1031 2642 1143; baseline 0.001 -23"><span class='ocrx_word' id='word_1_39' title='bbox 623 1044 859 1120; x_wconf 91' lang='lat' dir='ltr'>dissolutioris</span> <span class='ocrx_word' id='word_1_40' title='bbox 884 1066 923 1112; x_wconf 83' lang='lat' dir='ltr'>ec</span> <span class='ocrx_word' id='word_1_41' title='bbox 951 1035 1168 1108; x_wconf 84' lang='lat' dir='ltr'>delicatioris</span> <span class='ocrx_word' id='word_1_42' title='bbox 1198 1037 1301 1108; x_wconf 89' lang='lat' dir='ltr'>vitae.</span> <span class='ocrx_word' id='word_1_43' title='bbox 1352 1034 1535 1108; x_wconf 85' lang='lat' dir='ltr'>Reductae</span> <span class='ocrx_word' id='word_1_44' title='bbox 1561 1041 1608 1108; x_wconf 89' lang='lat' dir='ltr'>ab</span> <span class='ocrx_word' id='word_1_45' title='bbox 1659 1037 1835 1127; x_wconf 90' lang='lat' dir='ltr'>pensioris</span> <span class='ocrx_word' id='word_1_46' title='bbox 1849 1051 1885 1108; x_wconf 90' lang='lat' dir='ltr'>et</span> <span class='ocrx_word' id='word_1_47' title='bbox 1898 1031 2134 1109; x_wconf 79' lang='lat' dir='ltr'>diuturnioris</span> <span class='ocrx_word' id='word_1_48' title='bbox 2146 1042 2257 1114; x_wconf 87' lang='lat' dir='ltr'>studii</span> <span class='ocrx_word' id='word_1_49' title='bbox 2271 1046 2456 1134; x_wconf 87' lang='lat' dir='ltr'>opinione,</span> <span class='ocrx_word' id='word_1_50' title='bbox 2481 1075 2642 1143; x_wconf 75' lang='lat' dir='ltr'>quanm</span> 
     </span>
     <span class='ocr_line' id='line_1_5' title="bbox 625 1137 2642 1233; baseline 0.001 -12"><span class='ocrx_word' id='word_1_51' title='bbox 625 1152 731 1222; x_wconf 85' lang='lat' dir='ltr'>exilio</span> <span class='ocrx_word' id='word_1_52' title='bbox 746 1164 780 1220; x_wconf 94' lang='lat' dir='ltr'>et</span> <span class='ocrx_word' id='word_1_53' title='bbox 796 1144 974 1216; x_wconf 79' lang='lat' dir='ltr'>restitutae</span> <span class='ocrx_word' id='word_1_54' title='bbox 990 1138 1252 1233; x_wconf 89' lang='lat' dir='ltr'>aliquantulum</span> <span class='ocrx_word' id='word_1_55' title='bbox 1276 1153 1368 1210; x_wconf 88' lang='lat' dir='ltr'>artes</span> <span class='ocrx_word' id='word_1_56' title='bbox 1385 1139 1488 1208; x_wconf 88' lang='lat' dir='ltr'>initio</span> <span class='ocrx_word' id='word_1_57' title='bbox 1505 1140 1608 1209; x_wconf 91' lang='lat' dir='ltr'>miri-</span> <span class='ocrx_word' id='word_1_58' title='bbox 1660 1137 1745 1207; x_wconf 87' lang='lat' dir='ltr'>falsa</span> <span class='ocrx_word' id='word_1_59' title='bbox 1762 1139 1981 1210; x_wconf 83' lang='lat' dir='ltr'>difficultatis</span> <span class='ocrx_word' id='word_1_60' title='bbox 1995 1140 2220 1232; x_wconf 82' lang='lat' dir='ltr'>persuasione</span> <span class='ocrx_word' id='word_1_61' title='bbox 2236 1143 2412 1233; x_wconf 92' lang='lat' dir='ltr'>induunt,</span> <span class='ocrx_word' id='word_1_62' title='bbox 2437 1175 2520 1220; x_wconf 91' lang='lat' dir='ltr'>mox</span> <span class='ocrx_word' id='word_1_63' title='bbox 2535 1154 2642 1224; x_wconf 84' lang='lat' dir='ltr'>diffu-</span> 
     </span>
     <span class='ocr_line' id='line_1_6' title="bbox 624 1238 2646 1336; baseline 0.001 -13"><span class='ocrx_word' id='word_1_64' title='bbox 624 1256 690 1324; x_wconf 87' lang='lat' dir='ltr'>fico</span> <span class='ocrx_word' id='word_1_65' title='bbox 706 1250 760 1321; x_wconf 89' lang='lat' dir='ltr'>sui</span> <span class='ocrx_word' id='word_1_66' title='bbox 776 1243 950 1317; x_wconf 90' lang='lat' dir='ltr'>desiderio</span> <span class='ocrx_word' id='word_1_67' title='bbox 967 1242 1199 1311; x_wconf 86' lang='lat' dir='ltr'>incenderant</span> <span class='ocrx_word' id='word_1_68' title='bbox 1214 1252 1248 1309; x_wconf 91' lang='lat' dir='ltr'>et</span> <span class='ocrx_word' id='word_1_69' title='bbox 1263 1241 1525 1331; x_wconf 86' lang='lat' dir='ltr'>compleverant</span> <span class='ocrx_word' id='word_1_70' title='bbox 1540 1238 1608 1312; x_wconf 90' lang='lat' dir='ltr'>ho·</span> <span class='ocrx_word' id='word_1_71' title='bbox 1659 1240 1782 1327; x_wconf 77' lang='lat' dir='ltr'>glum,</span> <span class='ocrx_word' id='word_1_72' title='bbox 1807 1264 1923 1335; x_wconf 88' lang='lat' dir='ltr'>neque</span> <span class='ocrx_word' id='word_1_73' title='bbox 1939 1243 2083 1324; x_wconf 88' lang='lat' dir='ltr'>ordine,</span> <span class='ocrx_word' id='word_1_74' title='bbox 2108 1265 2222 1336; x_wconf 93' lang='lat' dir='ltr'>neque</span> <span class='ocrx_word' id='word_1_75' title='bbox 2237 1244 2374 1334; x_wconf 78' lang='lat' dir='ltr'>integre</span> <span class='ocrx_word' id='word_1_76' title='bbox 2388 1264 2481 1321; x_wconf 87' lang='lat' dir='ltr'>artes</span> <span class='ocrx_word' id='word_1_77' title='bbox 2496 1254 2646 1325; x_wconf 74' lang='lat' dir='ltr'>discunt.</span> 
     </span>
     <span class='ocr_line' id='line_1_7' title="bbox 623 1340 2645 1441; baseline 0.001 -18"><span class='ocrx_word' id='word_1_78' title='bbox 623 1357 760 1423; x_wconf 91' lang='lat' dir='ltr'>minum</span> <span class='ocrx_word' id='word_1_79' title='bbox 776 1346 935 1430; x_wconf 88' lang='lat' dir='ltr'>animos,</span> <span class='ocrx_word' id='word_1_80' title='bbox 961 1356 1137 1436; x_wconf 85' lang='lat' dir='ltr'>pertaesos</span> <span class='ocrx_word' id='word_1_81' title='bbox 1155 1342 1349 1425; x_wconf 88' lang='lat' dir='ltr'>barbariei,</span> <span class='ocrx_word' id='word_1_82' title='bbox 1375 1343 1414 1411; x_wconf 92' lang='lat' dir='ltr'>in</span> <span class='ocrx_word' id='word_1_83' title='bbox 1429 1367 1498 1436; x_wconf 91' lang='lat' dir='ltr'>qua</span> <span class='ocrx_word' id='word_1_84' title='bbox 1518 1344 1608 1413; x_wconf 90' lang='lat' dir='ltr'>irre-</span> <span class='ocrx_word' id='word_1_85' title='bbox 1660 1340 1713 1410; x_wconf 89' lang='lat' dir='ltr'>Ne</span> <span class='ocrx_word' id='word_1_86' title='bbox 1729 1354 1847 1411; x_wconf 88' lang='lat' dir='ltr'>tamen</span> <span class='ocrx_word' id='word_1_87' title='bbox 1863 1346 1969 1413; x_wconf 92' lang='lat' dir='ltr'>rudes</span> <span class='ocrx_word' id='word_1_88' title='bbox 1983 1367 2127 1435; x_wconf 89' lang='lat' dir='ltr'>prorsus</span> <span class='ocrx_word' id='word_1_89' title='bbox 2140 1368 2213 1414; x_wconf 87' lang='lat' dir='ltr'>esse</span> <span class='ocrx_word' id='word_1_90' title='bbox 2227 1359 2331 1440; x_wconf 91' lang='lat' dir='ltr'>atque</span> <span class='ocrx_word' id='word_1_91' title='bbox 2345 1348 2499 1441; x_wconf 90' lang='lat' dir='ltr'>imperiti</span> <span class='ocrx_word' id='word_1_92' title='bbox 2518 1350 2645 1425; x_wconf 92' lang='lat' dir='ltr'>harum</span> 
     </span>
     <span class='ocr_line' id='line_1_8' title="bbox 622 1444 2646 1530; baseline 0 -7"><span class='ocrx_word' id='word_1_93' title='bbox 622 1455 677 1523; x_wconf 92' lang='lat' dir='ltr'>titi</span> <span class='ocrx_word' id='word_1_94' title='bbox 692 1450 905 1520; x_wconf 90' lang='lat' dir='ltr'>insulsarum</span> <span class='ocrx_word' id='word_1_95' title='bbox 923 1445 1187 1516; x_wconf 84' lang='lat' dir='ltr'>cavillationum</span> <span class='ocrx_word' id='word_1_96' title='bbox 1212 1444 1484 1516; x_wconf 89' lang='lat' dir='ltr'>intricatissimis</span> <span class='ocrx_word' id='word_1_97' title='bbox 1508 1447 1607 1514; x_wconf 82' lang='lat' dir='ltr'>nexi·</span> <span class='ocrx_word' id='word_1_98' title='bbox 1660 1444 1789 1513; x_wconf 89' lang='lat' dir='ltr'>artium</span> <span class='ocrx_word' id='word_1_99' title='bbox 1808 1444 2012 1530; x_wconf 88' lang='lat' dir='ltr'>videantur,</span> <span class='ocrx_word' id='word_1_100' title='bbox 2036 1447 2165 1515; x_wconf 85' lang='lat' dir='ltr'>omissa</span> <span class='ocrx_word' id='word_1_101' title='bbox 2184 1447 2337 1518; x_wconf 91' lang='lat' dir='ltr'>fontium</span> <span class='ocrx_word' id='word_1_102' title='bbox 2359 1452 2646 1526; x_wconf 89' lang='lat' dir='ltr'>dulcissimorum</span> 
     </span>
     <span class='ocr_line' id='line_1_9' title="bbox 620 1543 2646 1643; baseline 0.002 -20"><span class='ocrx_word' id='word_1_103' title='bbox 620 1556 686 1623; x_wconf 93' lang='lat' dir='ltr'>bus</span> <span class='ocrx_word' id='word_1_104' title='bbox 704 1565 756 1624; x_wconf 94' lang='lat' dir='ltr'>tot</span> <span class='ocrx_word' id='word_1_105' title='bbox 770 1572 845 1620; x_wconf 89' lang='lat' dir='ltr'>sese</span> <span class='ocrx_word' id='word_1_106' title='bbox 860 1572 975 1620; x_wconf 90' lang='lat' dir='ltr'>annos</span> <span class='ocrx_word' id='word_1_107' title='bbox 997 1546 1155 1637; x_wconf 88' lang='lat' dir='ltr'>pmxima</span> <span class='ocrx_word' id='word_1_108' title='bbox 1178 1559 1289 1615; x_wconf 88' lang='lat' dir='ltr'>aetate</span> <span class='ocrx_word' id='word_1_109' title='bbox 1310 1546 1440 1617; x_wconf 91' lang='lat' dir='ltr'>frustra</span> <span class='ocrx_word' id='word_1_110' title='bbox 1463 1561 1497 1618; x_wconf 93' lang='lat' dir='ltr'>et</span> <span class='ocrx_word' id='word_1_111' title='bbox 1518 1570 1607 1638; x_wconf 91' lang='lat' dir='ltr'>pene</span> <span class='ocrx_word' id='word_1_112' title='bbox 1660 1543 1893 1638; x_wconf 84' lang='lat' dir='ltr'>inquisitione</span> <span class='ocrx_word' id='word_1_113' title='bbox 1907 1558 1941 1617; x_wconf 94' lang='lat' dir='ltr'>et</span> <span class='ocrx_word' id='word_1_114' title='bbox 1955 1547 2176 1636; x_wconf 74' lang='lat' dir='ltr'>cognitione,</span> <span class='ocrx_word' id='word_1_115' title='bbox 2202 1550 2346 1620; x_wconf 87' lang='lat' dir='ltr'>umbras</span> <span class='ocrx_word' id='word_1_116' title='bbox 2366 1566 2506 1643; x_wconf 89' lang='lat' dir='ltr'>captant</span> <span class='ocrx_word' id='word_1_117' title='bbox 2529 1568 2564 1625; x_wconf 92' lang='lat' dir='ltr'>et</span> <span class='ocrx_word' id='word_1_118' title='bbox 2586 1582 2646 1627; x_wconf 87' lang='lat' dir='ltr'>ar-</span> 
     </span>
     <span class='ocr_line' id='line_1_10' title="bbox 621 1646 2646 1740; baseline 0.001 -15"><span class='ocrx_word' id='word_1_119' title='bbox 621 1655 722 1726; x_wconf 91' lang='lat' dir='ltr'>nullo</span> <span class='ocrx_word' id='word_1_120' title='bbox 736 1654 793 1723; x_wconf 90' lang='lat' dir='ltr'>vel</span> <span class='ocrx_word' id='word_1_121' title='bbox 810 1675 887 1735; x_wconf 92' lang='lat' dir='ltr'>suo,</span> <span class='ocrx_word' id='word_1_122' title='bbox 908 1650 964 1719; x_wconf 91' lang='lat' dir='ltr'>vel</span> <span class='ocrx_word' id='word_1_123' title='bbox 980 1649 1133 1718; x_wconf 90' lang='lat' dir='ltr'>aliorum</span> <span class='ocrx_word' id='word_1_124' title='bbox 1149 1671 1229 1716; x_wconf 90' lang='lat' dir='ltr'>cum</span> <span class='ocrx_word' id='word_1_125' title='bbox 1244 1648 1362 1717; x_wconf 88' lang='lat' dir='ltr'>fructu</span> <span class='ocrx_word' id='word_1_126' title='bbox 1380 1663 1608 1735; x_wconf 79' lang='lat' dir='ltr'>macerarent,</span> <span class='ocrx_word' id='word_1_127' title='bbox 1659 1646 1796 1738; x_wconf 90' lang='lat' dir='ltr'>ripiunt</span> <span class='ocrx_word' id='word_1_128' title='bbox 1814 1647 1950 1740; x_wconf 92' lang='lat' dir='ltr'>aliquas</span> <span class='ocrx_word' id='word_1_129' title='bbox 1965 1648 2129 1719; x_wconf 87' lang='lat' dir='ltr'>alicunde</span> <span class='ocrx_word' id='word_1_130' title='bbox 2143 1673 2186 1719; x_wconf 88' lang='lat' dir='ltr'>ex</span> <span class='ocrx_word' id='word_1_131' title='bbox 2206 1663 2336 1721; x_wconf 89' lang='lat' dir='ltr'>temere</span> <span class='ocrx_word' id='word_1_132' title='bbox 2356 1666 2390 1724; x_wconf 91' lang='lat' dir='ltr'>et</span> <span class='ocrx_word' id='word_1_133' title='bbox 2412 1655 2488 1724; x_wconf 88' lang='lat' dir='ltr'>siue</span> <span class='ocrx_word' id='word_1_134' title='bbox 2510 1656 2646 1729; x_wconf 91' lang='lat' dir='ltr'>iudicio</span> 
     </span>
     <span class='ocr_line' id='line_1_11' title="bbox 552 1747 2646 1850; baseline 0.002 -28"><span class='ocrx_word' id='word_1_135' title='bbox 552 1817 557 1822; x_wconf 87' lang='lat'><em>.</em></span> <span class='ocrx_word' id='word_1_136' title='bbox 622 1756 854 1847; x_wconf 90' lang='lat' dir='ltr'>omniumque</span> <span class='ocrx_word' id='word_1_137' title='bbox 872 1753 912 1821; x_wconf 92' lang='lat' dir='ltr'>in</span> <span class='ocrx_word' id='word_1_138' title='bbox 933 1773 1006 1820; x_wconf 89' lang='lat' dir='ltr'>sese</span> <span class='ocrx_word' id='word_1_139' title='bbox 1025 1747 1141 1819; x_wconf 90' lang='lat' dir='ltr'>studia</span> <span class='ocrx_word' id='word_1_140' title='bbox 1158 1764 1374 1842; x_wconf 88' lang='lat' dir='ltr'>conatusque</span> <span class='ocrx_word' id='word_1_141' title='bbox 1389 1752 1607 1821; x_wconf 90' lang='lat' dir='ltr'>concitarant</span> <span class='ocrx_word' id='word_1_142' title='bbox 1659 1748 1911 1818; x_wconf 84' lang='lat' dir='ltr'>consarcinatis</span> <span class='ocrx_word' id='word_1_143' title='bbox 1933 1749 2084 1835; x_wconf 87' lang='lat' dir='ltr'>libellis,</span> <span class='ocrx_word' id='word_1_144' title='bbox 2110 1775 2184 1820; x_wconf 91' lang='lat' dir='ltr'>non</span> <span class='ocrx_word' id='word_1_145' title='bbox 2206 1767 2278 1823; x_wconf 90' lang='lat' dir='ltr'>tam</span> <span class='ocrx_word' id='word_1_146' title='bbox 2300 1754 2344 1823; x_wconf 89' lang='lat' dir='ltr'>ad</span> <span class='ocrx_word' id='word_1_147' title='bbox 2365 1777 2467 1825; x_wconf 90' lang='lat' dir='ltr'>usum</span> <span class='ocrx_word' id='word_1_148' title='bbox 2489 1757 2646 1850; x_wconf 90' lang='lat' dir='ltr'>aliquem</span> 
     </span>
     <span class='ocr_line' id='line_1_12' title="bbox 622 1849 2645 1944; baseline -0 -15"><span class='ocrx_word' id='word_1_149' title='bbox 622 1884 662 1929; x_wconf 92' lang='lat' dir='ltr'>ac</span> <span class='ocrx_word' id='word_1_150' title='bbox 683 1866 944 1929; x_wconf 83' lang='lat' dir='ltr'>converterant.</span> <span class='ocrx_word' id='word_1_151' title='bbox 995 1850 1113 1921; x_wconf 88' lang='lat' dir='ltr'>Tanto</span> <span class='ocrx_word' id='word_1_152' title='bbox 1136 1874 1215 1920; x_wconf 91' lang='lat' dir='ltr'>cum</span> <span class='ocrx_word' id='word_1_153' title='bbox 1238 1851 1409 1941; x_wconf 90' lang='lat' dir='ltr'>applausu</span> <span class='ocrx_word' id='word_1_154' title='bbox 1433 1863 1606 1944; x_wconf 82' lang='lat' dir='ltr'>exceptae,</span> <span class='ocrx_word' id='word_1_155' title='bbox 1659 1849 1697 1918; x_wconf 91' lang='lat' dir='ltr'>in</span> <span class='ocrx_word' id='word_1_156' title='bbox 1714 1850 1807 1934; x_wconf 87' lang='lat' dir='ltr'>vita,</span> <span class='ocrx_word' id='word_1_157' title='bbox 1834 1874 1940 1942; x_wconf 90' lang='lat' dir='ltr'>quam</span> <span class='ocrx_word' id='word_1_158' title='bbox 1957 1852 2000 1919; x_wconf 92' lang='lat' dir='ltr'>ad</span> <span class='ocrx_word' id='word_1_159' title='bbox 2017 1855 2288 1924; x_wconf 88' lang='lat' dir='ltr'>ostentationem</span> <span class='ocrx_word' id='word_1_160' title='bbox 2309 1855 2470 1942; x_wconf 86' lang='lat' dir='ltr'>inanem,</span> <span class='ocrx_word' id='word_1_161' title='bbox 2495 1882 2559 1928; x_wconf 90' lang='lat' dir='ltr'>nec</span> <span class='ocrx_word' id='word_1_162' title='bbox 2582 1885 2645 1927; x_wconf 88' lang='lat' dir='ltr'>ve-</span> 
     </span>
     <span class='ocr_line' id='line_1_13' title="bbox 622 1951 2645 2052; baseline -0.001 -19"><span class='ocrx_word' id='word_1_163' title='bbox 622 1973 789 2052; x_wconf 90' lang='lat' dir='ltr'>tantaque</span> <span class='ocrx_word' id='word_1_164' title='bbox 804 1953 1032 2026; x_wconf 89' lang='lat' dir='ltr'>contentione</span> <span class='ocrx_word' id='word_1_165' title='bbox 1044 1952 1202 2023; x_wconf 91' lang='lat' dir='ltr'>certatim</span> <span class='ocrx_word' id='word_1_166' title='bbox 1223 1952 1336 2022; x_wconf 88' lang='lat' dir='ltr'>cultae</span> <span class='ocrx_word' id='word_1_167' title='bbox 1357 1977 1397 2022; x_wconf 91' lang='lat' dir='ltr'>ac</span> <span class='ocrx_word' id='word_1_168' title='bbox 1413 1954 1606 2025; x_wconf 87' lang='lat' dir='ltr'>celebratae</span> <span class='ocrx_word' id='word_1_169' title='bbox 1659 1974 1717 2020; x_wconf 88' lang='lat' dir='ltr'>rae</span> <span class='ocrx_word' id='word_1_170' title='bbox 1740 1964 1776 2021; x_wconf 90' lang='lat' dir='ltr'>et</span> <span class='ocrx_word' id='word_1_171' title='bbox 1797 1951 1932 2020; x_wconf 87' lang='lat' dir='ltr'>solidae</span> <span class='ocrx_word' id='word_1_172' title='bbox 1954 1953 2168 2024; x_wconf 90' lang='lat' dir='ltr'>eruditionis</span> <span class='ocrx_word' id='word_1_173' title='bbox 2189 1971 2329 2045; x_wconf 89' lang='lat' dir='ltr'>gustum</span> <span class='ocrx_word' id='word_1_174' title='bbox 2346 1980 2504 2051; x_wconf 90' lang='lat' dir='ltr'>uuquam</span> <span class='ocrx_word' id='word_1_175' title='bbox 2519 1983 2645 2030; x_wconf 90' lang='lat' dir='ltr'>conse·</span> 
     </span>
     <span class='ocr_line' id='line_1_14' title="bbox 622 2050 2647 2151; baseline 0 -19"><span class='ocrx_word' id='word_1_176' title='bbox 622 2070 874 2151; x_wconf 88' lang='lat' dir='ltr'>recuperarunt</span> <span class='ocrx_word' id='word_1_177' title='bbox 905 2056 1055 2125; x_wconf 88' lang='lat' dir='ltr'>nitorem</span> <span class='ocrx_word' id='word_1_178' title='bbox 1084 2053 1295 2144; x_wconf 86' lang='lat' dir='ltr'>pristinum,</span> <span class='ocrx_word' id='word_1_179' title='bbox 1335 2067 1371 2124; x_wconf 93' lang='lat' dir='ltr'>et</span> <span class='ocrx_word' id='word_1_180' title='bbox 1402 2055 1506 2123; x_wconf 90' lang='lat' dir='ltr'>uobis</span> <span class='ocrx_word' id='word_1_181' title='bbox 1533 2079 1606 2125; x_wconf 88' lang='lat' dir='ltr'>sese</span> <span class='ocrx_word' id='word_1_182' title='bbox 1659 2066 1827 2147; x_wconf 87' lang='lat' dir='ltr'>quuntur.</span> <span class='ocrx_word' id='word_1_183' title='bbox 1887 2050 1990 2122; x_wconf 88' lang='lat' dir='ltr'>Hans</span> <span class='ocrx_word' id='word_1_184' title='bbox 2015 2054 2175 2126; x_wconf 92' lang='lat' dir='ltr'>discendi</span> <span class='ocrx_word' id='word_1_185' title='bbox 2203 2057 2501 2148; x_wconf 87' lang='lat' dir='ltr'>perversissimam</span> <span class='ocrx_word' id='word_1_186' title='bbox 2534 2063 2647 2132; x_wconf 87' lang='lat' dir='ltr'>ratio-</span> 
     </span>
     <span class='ocr_line' id='line_1_15' title="bbox 620 2149 2646 2248; baseline 0 -17"><span class='ocrx_word' id='word_1_187' title='bbox 620 2163 796 2233; x_wconf 90' lang='lat' dir='ltr'>maiorum</span> <span class='ocrx_word' id='word_1_188' title='bbox 818 2156 1000 2248; x_wconf 75' lang='lat' dir='ltr'>diligentia</span> <span class='ocrx_word' id='word_1_189' title='bbox 1021 2156 1186 2225; x_wconf 91' lang='lat' dir='ltr'>cultiores</span> <span class='ocrx_word' id='word_1_190' title='bbox 1207 2168 1310 2247; x_wconf 90' lang='lat' dir='ltr'>atque</span> <span class='ocrx_word' id='word_1_191' title='bbox 1327 2157 1526 2227; x_wconf 88' lang='lat' dir='ltr'>ornatiores</span> <span class='ocrx_word' id='word_1_192' title='bbox 1547 2181 1607 2226; x_wconf 88' lang='lat' dir='ltr'>ex·</span> <span class='ocrx_word' id='word_1_193' title='bbox 1659 2177 1740 2225; x_wconf 91' lang='lat' dir='ltr'>nem</span> <span class='ocrx_word' id='word_1_194' title='bbox 1753 2149 1965 2245; x_wconf 87' lang='lat' dir='ltr'>reprehendi</span> <span class='ocrx_word' id='word_1_195' title='bbox 1984 2179 2124 2228; x_wconf 90' lang='lat' dir='ltr'>necesse</span> <span class='ocrx_word' id='word_1_196' title='bbox 2138 2170 2201 2233; x_wconf 87' lang='lat' dir='ltr'>est.</span> <span class='ocrx_word' id='word_1_197' title='bbox 2253 2156 2351 2230; x_wconf 90' lang='lat' dir='ltr'>Haec</span> <span class='ocrx_word' id='word_1_198' title='bbox 2364 2161 2494 2231; x_wconf 89' lang='lat' dir='ltr'>artium</span> <span class='ocrx_word' id='word_1_199' title='bbox 2517 2161 2646 2232; x_wconf 90' lang='lat' dir='ltr'>interi-</span> 
     </span>
     <span class='ocr_line' id='line_1_16' title="bbox 621 2251 2645 2355; baseline 0.001 -22"><span class='ocrx_word' id='word_1_200' title='bbox 621 2259 815 2336; x_wconf 90' lang='lat' dir='ltr'>hibuerunt</span> <span class='ocrx_word' id='word_1_201' title='bbox 830 2283 871 2329; x_wconf 88' lang='lat' dir='ltr'>ac</span> <span class='ocrx_word' id='word_1_202' title='bbox 884 2257 1200 2329; x_wconf 88' lang='lat' dir='ltr'>communicarunt.</span> <span class='ocrx_word' id='word_1_203' title='bbox 1659 2271 1735 2327; x_wconf 91' lang='lat' dir='ltr'>tum</span> <span class='ocrx_word' id='word_1_204' title='bbox 1759 2257 1881 2328; x_wconf 85' lang='lat' dir='ltr'>adfert.</span> <span class='ocrx_word' id='word_1_205' title='bbox 1931 2251 2006 2327; x_wconf 83' lang='lat' dir='ltr'>Asci</span> <span class='ocrx_word' id='word_1_206' title='bbox 2025 2251 2163 2343; x_wconf 83' lang='grc' dir='ltr'><em>ταύτα,</em></span> <span class='ocrx_word' id='word_1_207' title='bbox 2191 2260 2309 2354; x_wconf 91' lang='lat' dir='ltr'>inquit</span> <span class='ocrx_word' id='word_1_208' title='bbox 2324 2259 2447 2347; x_wconf 88' lang='lat' dir='ltr'>Plato,</span> <span class='ocrx_word' id='word_1_209' title='bbox 2469 2257 2492 2355; x_wconf 82' lang='grc' dir='ltr'><em>ἦ</em></span> <span class='ocrx_word' id='word_1_210' title='bbox 2511 2259 2645 2355; x_wconf 79' lang='grc' dir='ltr'><strong><em>ἀτιμία</em></strong></span> 
     </span>
    </p>

    <p class='ocr_par' dir='ltr' id='par_1_3' title="bbox 622 2349 2648 2759">
     <span class='ocr_line' id='line_1_17' title="bbox 724 2349 2646 2453; baseline 0 -19"><span class='ocrx_word' id='word_1_211' title='bbox 724 2364 801 2434; x_wconf 90' lang='lat' dir='ltr'>Nos</span> <span class='ocrx_word' id='word_1_212' title='bbox 817 2385 896 2431; x_wconf 92' lang='lat' dir='ltr'>cum</span> <span class='ocrx_word' id='word_1_213' title='bbox 914 2359 1075 2429; x_wconf 86' lang='lat' dir='ltr'>illuviem</span> <span class='ocrx_word' id='word_1_214' title='bbox 1096 2358 1286 2450; x_wconf 88' lang='lat' dir='ltr'>superioris</span> <span class='ocrx_word' id='word_1_215' title='bbox 1305 2360 1427 2430; x_wconf 88' lang='lat' dir='ltr'>aetatis</span> <span class='ocrx_word' id='word_1_216' title='bbox 1449 2371 1483 2428; x_wconf 91' lang='lat' dir='ltr'>et</span> <span class='ocrx_word' id='word_1_217' title='bbox 1503 2360 1608 2430; x_wconf 91' lang='lat' dir='ltr'>foede</span> <span class='ocrx_word' id='word_1_218' title='bbox 1658 2362 1706 2451; x_wconf 83' lang='grc' dir='ltr'>τῇ</span> <span class='ocrx_word' id='word_1_219' title='bbox 1722 2349 1925 2453; x_wconf 72' lang='grc' dir='ltr'><strong><em>φιλοσοφίᾳ</em></strong></span> <span class='ocrx_word' id='word_1_220' title='bbox 1941 2355 2215 2451; x_wconf 80' lang='grc' dir='ltr'><strong><em>προσπέπτωκε.</em></strong></span> <span class='ocrx_word' id='word_1_221' title='bbox 2261 2360 2405 2453; x_wconf 89' lang='lat' dir='ltr'>Peperit</span> <span class='ocrx_word' id='word_1_222' title='bbox 2419 2358 2511 2433; x_wconf 93' lang='lat' dir='ltr'>hanc</span> <span class='ocrx_word' id='word_1_223' title='bbox 2526 2366 2646 2435; x_wconf 85' lang='lat' dir='ltr'>fatalis</span> 
     </span>
     <span class='ocr_line' id='line_1_18' title="bbox 622 2458 2646 2558; baseline 0.001 -22"><span class='ocrx_word' id='word_1_224' title='bbox 622 2488 777 2558; x_wconf 82' lang='lat' dir='ltr'>aspersas</span> <span class='ocrx_word' id='word_1_225' title='bbox 808 2462 929 2533; x_wconf 87' lang='lat' dir='ltr'>sordes</span> <span class='ocrx_word' id='word_1_226' title='bbox 960 2483 1144 2553; x_wconf 88' lang='lat' dir='ltr'>nunquam</span> <span class='ocrx_word' id='word_1_227' title='bbox 1177 2460 1432 2550; x_wconf 83' lang='lat' dir='ltr'>aspexerimus,</span> <span class='ocrx_word' id='word_1_228' title='bbox 1479 2462 1606 2531; x_wconf 87' lang='lat' dir='ltr'>decora</span> <span class='ocrx_word' id='word_1_229' title='bbox 1659 2484 1739 2529; x_wconf 88' lang='lat' dir='ltr'>cum</span> <span class='ocrx_word' id='word_1_230' title='bbox 1761 2458 1865 2528; x_wconf 91' lang='lat' dir='ltr'>ruina</span> <span class='ocrx_word' id='word_1_231' title='bbox 1888 2459 2086 2531; x_wconf 89' lang='lat' dir='ltr'>studiorum</span> <span class='ocrx_word' id='word_1_232' title='bbox 2107 2478 2183 2534; x_wconf 91' lang='lat' dir='ltr'>tum</span> <span class='ocrx_word' id='word_1_233' title='bbox 2214 2463 2356 2554; x_wconf 87' lang='lat' dir='ltr'>ignavia</span> <span class='ocrx_word' id='word_1_234' title='bbox 2386 2466 2493 2534; x_wconf 89' lang='lat' dir='ltr'>seculi</span> <span class='ocrx_word' id='word_1_235' title='bbox 2525 2461 2646 2538; x_wconf 69' lang='lat' dir='ltr'>huius,</span> 
     </span>
     <span class='ocr_line' id='line_1_19' title="bbox 622 2558 2647 2656; baseline -0.001 -19"><span class='ocrx_word' id='word_1_236' title='bbox 622 2592 718 2637; x_wconf 90' lang='lat' dir='ltr'>nunc</span> <span class='ocrx_word' id='word_1_237' title='bbox 748 2588 867 2636; x_wconf 87' lang='lat' dir='ltr'>earum</span> <span class='ocrx_word' id='word_1_238' title='bbox 894 2563 1075 2656; x_wconf 92' lang='lat' dir='ltr'>politaque</span> <span class='ocrx_word' id='word_1_239' title='bbox 1098 2575 1132 2632; x_wconf 92' lang='lat' dir='ltr'>et</span> <span class='ocrx_word' id='word_1_240' title='bbox 1156 2575 1303 2631; x_wconf 90' lang='lat' dir='ltr'>venuste</span> <span class='ocrx_word' id='word_1_241' title='bbox 1324 2563 1498 2632; x_wconf 88' lang='lat' dir='ltr'>renitente</span> <span class='ocrx_word' id='word_1_242' title='bbox 1517 2564 1606 2633; x_wconf 88' lang='lat' dir='ltr'>facie</span> <span class='ocrx_word' id='word_1_243' title='bbox 1658 2558 1769 2631; x_wconf 83' lang='lat' dir='ltr'>Auxit</span> <span class='ocrx_word' id='word_1_244' title='bbox 1782 2583 1866 2630; x_wconf 90' lang='lat' dir='ltr'>vero</span> <span class='ocrx_word' id='word_1_245' title='bbox 1882 2572 2117 2653; x_wconf 88' lang='lat' dir='ltr'>contemptus,</span> <span class='ocrx_word' id='word_1_246' title='bbox 2142 2560 2410 2656; x_wconf 86' lang='lat' dir='ltr'>quiThersitica</span> <span class='ocrx_word' id='word_1_247' title='bbox 2426 2580 2462 2635; x_wconf 91' lang='lat' dir='ltr'>et</span> <span class='ocrx_word' id='word_1_248' title='bbox 2478 2589 2566 2656; x_wconf 89' lang='lat' dir='ltr'>pene</span> <span class='ocrx_word' id='word_1_249' title='bbox 2582 2570 2647 2635; x_wconf 90' lang='lat' dir='ltr'>de-</span> 
     </span>
     <span class='ocr_line' id='line_1_20' title="bbox 623 2660 2648 2759; baseline 0.001 -24"><span class='ocrx_word' id='word_1_250' title='bbox 623 2669 731 2738; x_wconf 89' lang='lat' dir='ltr'>nimis</span> <span class='ocrx_word' id='word_1_251' title='bbox 747 2667 872 2736; x_wconf 88' lang='lat' dir='ltr'>leviter</span> <span class='ocrx_word' id='word_1_252' title='bbox 887 2664 1071 2734; x_wconf 83' lang='lat' dir='ltr'>afficimur.</span> <span class='ocrx_word' id='word_1_253' title='bbox 1657 2663 1818 2731; x_wconf 87' lang='lat' dir='ltr'>testanda</span> <span class='ocrx_word' id='word_1_254' title='bbox 1837 2660 2073 2749; x_wconf 76' lang='lat' dir='ltr'>exagitatione</span> <span class='ocrx_word' id='word_1_255' title='bbox 2088 2665 2219 2755; x_wconf 90' lang='lat' dir='ltr'>optime</span> <span class='ocrx_word' id='word_1_256' title='bbox 2239 2665 2450 2737; x_wconf 87' lang='lat' dir='ltr'>meritorum</span> <span class='ocrx_word' id='word_1_257' title='bbox 2468 2668 2648 2759; x_wconf 85' lang='lat' dir='ltr'>professo-</span> 
     </span>
    </p>
   </div>
   <div class='ocr_carea' id='block_1_3' title="bbox 602 2763 1621 4487">
    <p class='ocr_par' dir='ltr' id='par_1_4' title="bbox 602 2763 1621 4259">
     <span class='ocr_line' id='line_1_21' title="bbox 722 2763 1607 2850; baseline -0.005 -10"><span class='ocrx_word' id='word_1_258' title='bbox 722 2763 876 2840; x_wconf 87' lang='lat' dir='ltr'>Refrixit</span> <span class='ocrx_word' id='word_1_259' title='bbox 891 2767 997 2834; x_wconf 89' lang='lat' dir='ltr'>ardor</span> <span class='ocrx_word' id='word_1_260' title='bbox 1011 2765 1072 2833; x_wconf 90' lang='lat' dir='ltr'>ille</span> <span class='ocrx_word' id='word_1_261' title='bbox 1086 2788 1126 2834; x_wconf 93' lang='lat' dir='ltr'>ac</span> <span class='ocrx_word' id='word_1_262' title='bbox 1141 2765 1317 2836; x_wconf 84' lang='lat' dir='ltr'>deferbuit</span> <span class='ocrx_word' id='word_1_263' title='bbox 1329 2766 1499 2850; x_wconf 90' lang='lat' dir='ltr'>studium,</span> <span class='ocrx_word' id='word_1_264' title='bbox 1520 2791 1607 2836; x_wconf 91' lang='lat' dir='ltr'>con-</span> 
     </span>
     <span class='ocr_line' id='line_1_22' title="bbox 621 2866 1606 2963; baseline -0.006 -21"><span class='ocrx_word' id='word_1_265' title='bbox 621 2886 745 2963; x_wconf 81' lang='lat' dir='ltr'>traque</span> <span class='ocrx_word' id='word_1_266' title='bbox 761 2869 871 2939; x_wconf 89' lang='lat' dir='ltr'>crevit</span> <span class='ocrx_word' id='word_1_267' title='bbox 886 2868 1034 2937; x_wconf 89' lang='lat' dir='ltr'>delicata</span> <span class='ocrx_word' id='word_1_268' title='bbox 1050 2890 1089 2937; x_wconf 90' lang='lat' dir='ltr'>ac</span> <span class='ocrx_word' id='word_1_269' title='bbox 1105 2866 1270 2935; x_wconf 85' lang='lat' dir='ltr'>diffluens</span> <span class='ocrx_word' id='word_1_270' title='bbox 1286 2868 1522 2961; x_wconf 87' lang='lat' dir='ltr'>laborumque</span> <span class='ocrx_word' id='word_1_271' title='bbox 1538 2870 1606 2936; x_wconf 87' lang='lat' dir='ltr'>im-</span> 
     </span>
     <span class='ocr_line' id='line_1_23' title="bbox 620 2968 1604 3066; baseline -0.004 -23"><span class='ocrx_word' id='word_1_272' title='bbox 620 2972 759 3066; x_wconf 85' lang='lat' dir='ltr'>patiens</span> <span class='ocrx_word' id='word_1_273' title='bbox 789 2969 900 3040; x_wconf 90' lang='lat' dir='ltr'>animi</span> <span class='ocrx_word' id='word_1_274' title='bbox 928 2968 1101 3039; x_wconf 89' lang='lat' dir='ltr'>mollicies</span> <span class='ocrx_word' id='word_1_275' title='bbox 1123 2969 1163 3037; x_wconf 92' lang='lat' dir='ltr'>in</span> <span class='ocrx_word' id='word_1_276' title='bbox 1193 2970 1403 3058; x_wconf 85' lang='lat' dir='ltr'>degenere-a</span> <span class='ocrx_word' id='word_1_277' title='bbox 1429 2969 1604 3039; x_wconf 90' lang='lat' dir='ltr'>maiorum</span> 
     </span>
     <span class='ocr_line' id='line_1_24' title="bbox 620 3069 1603 3164; baseline -0.002 -23"><span class='ocrx_word' id='word_1_278' title='bbox 620 3073 776 3164; x_wconf 88' lang='lat' dir='ltr'>vestigiis</span> <span class='ocrx_word' id='word_1_279' title='bbox 803 3071 1054 3156; x_wconf 89' lang='lat' dir='ltr'>adolescentia,</span> <span class='ocrx_word' id='word_1_280' title='bbox 1093 3094 1183 3164; x_wconf 89' lang='lat' dir='ltr'>quae</span> <span class='ocrx_word' id='word_1_281' title='bbox 1206 3084 1247 3140; x_wconf 92' lang='lat' dir='ltr'>ut</span> <span class='ocrx_word' id='word_1_282' title='bbox 1269 3069 1428 3161; x_wconf 85' lang='lat' dir='ltr'>alioquin</span> <span class='ocrx_word' id='word_1_283' title='bbox 1454 3086 1603 3141; x_wconf 92' lang='lat' dir='ltr'>connata</span> 
     </span>
     <span class='ocr_line' id='line_1_25' title="bbox 619 3170 1604 3264; baseline -0.005 -19"><span class='ocrx_word' id='word_1_284' title='bbox 619 3177 726 3247; x_wconf 89' lang='lat' dir='ltr'>nobis</span> <span class='ocrx_word' id='word_1_285' title='bbox 742 3174 946 3245; x_wconf 89' lang='lat' dir='ltr'>conditione</span> <span class='ocrx_word' id='word_1_286' title='bbox 967 3187 1000 3243; x_wconf 86' lang='lat' dir='ltr'>et</span> <span class='ocrx_word' id='word_1_287' title='bbox 1020 3171 1228 3264; x_wconf 88' lang='lat' dir='ltr'>impotentia</span> <span class='ocrx_word' id='word_1_288' title='bbox 1250 3170 1391 3240; x_wconf 90' lang='lat' dir='ltr'>vincula</span> <span class='ocrx_word' id='word_1_289' title='bbox 1414 3171 1482 3239; x_wconf 89' lang='lat' dir='ltr'>sibi</span> <span class='ocrx_word' id='word_1_290' title='bbox 1504 3172 1604 3241; x_wconf 88' lang='lat' dir='ltr'>iniici</span> 
     </span>
     <span class='ocr_line' id='line_1_26' title="bbox 620 3273 1606 3367; baseline -0.004 -20"><span class='ocrx_word' id='word_1_291' title='bbox 620 3292 655 3347; x_wconf 91' lang='lat' dir='ltr'>et</span> <span class='ocrx_word' id='word_1_292' title='bbox 669 3289 778 3345; x_wconf 91' lang='lat' dir='ltr'>metas</span> <span class='ocrx_word' id='word_1_293' title='bbox 791 3274 1003 3343; x_wconf 85' lang='lat' dir='ltr'>circumdari</span> <span class='ocrx_word' id='word_1_294' title='bbox 1019 3297 1059 3342; x_wconf 91' lang='lat' dir='ltr'>ac</span> <span class='ocrx_word' id='word_1_295' title='bbox 1072 3273 1238 3364; x_wconf 88' lang='lat' dir='ltr'>repagula</span> <span class='ocrx_word' id='word_1_296' title='bbox 1261 3274 1484 3367; x_wconf 88' lang='lat' dir='ltr'>praescriptis</span> <span class='ocrx_word' id='word_1_297' title='bbox 1506 3297 1606 3344; x_wconf 86' lang='lat' dir='ltr'>seve-</span> 
     </span>
     <span class='ocr_line' id='line_1_27' title="bbox 619 3372 1605 3468; baseline -0.001 -23"><span class='ocrx_word' id='word_1_298' title='bbox 619 3378 715 3445; x_wconf 88' lang='lat' dir='ltr'>riore</span> <span class='ocrx_word' id='word_1_299' title='bbox 728 3375 804 3464; x_wconf 91' lang='lat' dir='ltr'>lege</span> <span class='ocrx_word' id='word_1_300' title='bbox 821 3372 984 3442; x_wconf 87' lang='lat' dir='ltr'>formulis</span> <span class='ocrx_word' id='word_1_301' title='bbox 1000 3394 1101 3461; x_wconf 90' lang='lat' dir='ltr'>aegre</span> <span class='ocrx_word' id='word_1_302' title='bbox 1116 3374 1258 3465; x_wconf 90' lang='lat' dir='ltr'>patitur,</span> <span class='ocrx_word' id='word_1_303' title='bbox 1283 3376 1481 3468; x_wconf 85' lang='lat' dir='ltr'>expetitque</span> <span class='ocrx_word' id='word_1_304' title='bbox 1493 3376 1605 3446; x_wconf 90' lang='lat' dir='ltr'>liceu-</span> 
     </span>
     <span class='ocr_line' id='line_1_28' title="bbox 621 3473 1605 3560; baseline 0.001 -14"><span class='ocrx_word' id='word_1_305' title='bbox 621 3476 705 3546; x_wconf 90' lang='lat' dir='ltr'>tiam</span> <span class='ocrx_word' id='word_1_306' title='bbox 724 3473 909 3544; x_wconf 85' lang='lat' dir='ltr'>barbarica</span> <span class='ocrx_word' id='word_1_307' title='bbox 929 3473 1092 3541; x_wconf 91' lang='lat' dir='ltr'>libertate</span> <span class='ocrx_word' id='word_1_308' title='bbox 1109 3474 1278 3560; x_wconf 88' lang='lat' dir='ltr'>vagandi,</span> <span class='ocrx_word' id='word_1_309' title='bbox 1303 3477 1396 3543; x_wconf 91' lang='lat' dir='ltr'>utin</span> <span class='ocrx_word' id='word_1_310' title='bbox 1419 3479 1490 3547; x_wconf 90' lang='lat' dir='ltr'>vita</span> <span class='ocrx_word' id='word_1_311' title='bbox 1508 3503 1605 3547; x_wconf 90' lang='lat' dir='ltr'>com-</span> 
     </span>
     <span class='ocr_line' id='line_1_29' title="bbox 621 3572 1604 3664; baseline 0.002 -19"><span class='ocrx_word' id='word_1_312' title='bbox 621 3576 722 3646; x_wconf 86' lang='lat' dir='ltr'>muni</span> <span class='ocrx_word' id='word_1_313' title='bbox 738 3573 948 3664; x_wconf 90' lang='lat' dir='ltr'>contemptis</span> <span class='ocrx_word' id='word_1_314' title='bbox 963 3572 1109 3662; x_wconf 88' lang='lat' dir='ltr'>legibus,</span> <span class='ocrx_word' id='word_1_315' title='bbox 1135 3572 1182 3642; x_wconf 87' lang='lat' dir='ltr'>ita</span> <span class='ocrx_word' id='word_1_316' title='bbox 1200 3573 1237 3639; x_wconf 90' lang='lat' dir='ltr'>in</span> <span class='ocrx_word' id='word_1_317' title='bbox 1253 3575 1492 3646; x_wconf 88' lang='lat' dir='ltr'>doctrinarum</span> <span class='ocrx_word' id='word_1_318' title='bbox 1509 3602 1604 3648; x_wconf 91' lang='lat' dir='ltr'>cam—</span> 
     </span>
     <span class='ocr_line' id='line_1_30' title="bbox 620 3669 1621 3770; baseline 0.004 -24"><span class='ocrx_word' id='word_1_319' title='bbox 620 3680 676 3770; x_wconf 91' lang='lat' dir='ltr'>pis</span> <span class='ocrx_word' id='word_1_320' title='bbox 698 3676 824 3747; x_wconf 90' lang='lat' dir='ltr'>usitata</span> <span class='ocrx_word' id='word_1_321' title='bbox 847 3669 1015 3746; x_wconf 90' lang='lat' dir='ltr'>methodo</span> <span class='ocrx_word' id='word_1_322' title='bbox 1041 3674 1188 3758; x_wconf 90' lang='lat' dir='ltr'>reiecta,</span> <span class='ocrx_word' id='word_1_323' title='bbox 1214 3674 1263 3743; x_wconf 89' lang='lat' dir='ltr'>sic</span> <span class='ocrx_word' id='word_1_324' title='bbox 1287 3675 1527 3747; x_wconf 88' lang='lat' dir='ltr'>imbecillitate</span> <span class='ocrx_word' id='word_1_325' title='bbox 1542 3684 1621 3750; x_wconf 86' lang='lat' dir='ltr'>de·-</span> 
     </span>
     <span class='ocr_line' id='line_1_31' title="bbox 621 3775 1605 3870; baseline 0.001 -21"><span class='ocrx_word' id='word_1_326' title='bbox 621 3778 821 3870; x_wconf 90' lang='lat' dir='ltr'>geuerantis</span> <span class='ocrx_word' id='word_1_327' title='bbox 836 3799 982 3869; x_wconf 89' lang='lat' dir='ltr'>prorsus</span> <span class='ocrx_word' id='word_1_328' title='bbox 997 3797 1037 3844; x_wconf 89' lang='lat' dir='ltr'>ac</span> <span class='ocrx_word' id='word_1_329' title='bbox 1051 3775 1308 3866; x_wconf 85' lang='lat' dir='ltr'>languescentis</span> <span class='ocrx_word' id='word_1_330' title='bbox 1323 3786 1605 3870; x_wconf 82' lang='lat' dir='ltr'>naturae&#39;asper-</span> 
     </span>
     <span class='ocr_line' id='line_1_32' title="bbox 621 3877 1605 3974; baseline 0.002 -24"><span class='ocrx_word' id='word_1_331' title='bbox 621 3896 726 3952; x_wconf 89' lang='lat' dir='ltr'>natur</span> <span class='ocrx_word' id='word_1_332' title='bbox 741 3879 967 3951; x_wconf 89' lang='lat' dir='ltr'>accuratioris</span> <span class='ocrx_word' id='word_1_333' title='bbox 981 3877 1091 3947; x_wconf 90' lang='lat' dir='ltr'>studii</span> <span class='ocrx_word' id='word_1_334' title='bbox 1105 3891 1139 3950; x_wconf 91' lang='lat' dir='ltr'>et</span> <span class='ocrx_word' id='word_1_335' title='bbox 1151 3877 1355 3968; x_wconf 83' lang='lat' dir='ltr'>diligentiae</span> <span class='ocrx_word' id='word_1_336' title='bbox 1369 3882 1605 3974; x_wconf 85' lang='lat' dir='ltr'>exquisitioris</span> 
     </span>
     <span class='ocr_line' id='line_1_33' title="bbox 621 3974 1604 4075; baseline 0.005 -24"><span class='ocrx_word' id='word_1_337' title='bbox 621 3985 799 4064; x_wconf 89' lang='lat' dir='ltr'>laborem,</span> <span class='ocrx_word' id='word_1_338' title='bbox 823 3974 1061 4072; x_wconf 89' lang='lat' dir='ltr'>abhorretque</span> <span class='ocrx_word' id='word_1_339' title='bbox 1086 4004 1125 4050; x_wconf 95' lang='lat' dir='ltr'>ac</span> <span class='ocrx_word' id='word_1_340' title='bbox 1148 3979 1296 4071; x_wconf 83' lang='lat' dir='ltr'>refugit,</span> <span class='ocrx_word' id='word_1_341' title='bbox 1321 4006 1410 4075; x_wconf 91' lang='lat' dir='ltr'>quae</span> <span class='ocrx_word' id='word_1_342' title='bbox 1435 3983 1604 4056; x_wconf 88' lang='lat' dir='ltr'>intentio-</span> 
     </span>
     <span class='ocr_line' id='line_1_34' title="bbox 602 4082 1605 4176; baseline 0.002 -21"><span class='ocrx_word' id='word_1_343' title='bbox 602 4109 702 4155; x_wconf 88' lang='lat' dir='ltr'>·nem</span> <span class='ocrx_word' id='word_1_344' title='bbox 719 4082 831 4154; x_wconf 88' lang='lat' dir='ltr'>animi</span> <span class='ocrx_word' id='word_1_345' title='bbox 845 4082 1188 4176; x_wconf 90' lang='lat' dir='ltr'>applicationemque</span> <span class='ocrx_word' id='word_1_346' title='bbox 1209 4083 1353 4174; x_wconf 89' lang='lat' dir='ltr'>exigunt</span> <span class='ocrx_word' id='word_1_347' title='bbox 1372 4086 1478 4176; x_wconf 90' lang='lat' dir='ltr'>paulo</span> <span class='ocrx_word' id='word_1_348' title='bbox 1497 4082 1605 4158; x_wconf 89' lang='lat' dir='ltr'>vehe-</span> 
     </span>
     <span class='ocr_line' id='line_1_35' title="bbox 617 4184 1171 4259; baseline 0 -1"><span class='ocrx_word' id='word_1_349' title='bbox 617 4186 828 4259; x_wconf 89' lang='lat' dir='ltr'>mentiorem</span> <span class='ocrx_word' id='word_1_350' title='bbox 845 4208 885 4253; x_wconf 91' lang='lat' dir='ltr'>ac</span> <span class='ocrx_word' id='word_1_351' title='bbox 900 4184 1171 4259; x_wconf 89' lang='lat' dir='ltr'>diuturniorem.</span> 
     </span>
    </p>

    <p class='ocr_par' dir='ltr' id='par_1_5' title="bbox 617 4284 1604 4487">
     <span class='ocr_line' id='line_1_36' title="bbox 720 4284 1604 4376; baseline 0.001 -16"><span class='ocrx_word' id='word_1_352' title='bbox 720 4284 917 4360; x_wconf 86' lang='lat' dir='ltr'>Iohannem</span> <span class='ocrx_word' id='word_1_353' title='bbox 933 4285 1158 4358; x_wconf 84' lang='lat' dir='ltr'>Stoelllenrm</span> <span class='ocrx_word' id='word_1_354' title='bbox 1173 4284 1479 4376; x_wconf 86' lang='lat' dir='ltr'>mathematicum,</span> <span class='ocrx_word' id='word_1_355' title='bbox 1503 4292 1604 4362; x_wconf 91' lang='lat' dir='ltr'>cuius</span> 
     </span>
     <span class='ocr_line' id='line_1_37' title="bbox 617 4387 1604 4487; baseline 0.001 -26"><span class='ocrx_word' id='word_1_356' title='bbox 617 4407 653 4462; x_wconf 88' lang='lat' dir='ltr'>et</span> <span class='ocrx_word' id='word_1_357' title='bbox 667 4402 899 4463; x_wconf 89' lang='lat' dir='ltr'>monumenta</span> <span class='ocrx_word' id='word_1_358' title='bbox 915 4399 1034 4457; x_wconf 85' lang='lat' dir='ltr'>extant</span> <span class='ocrx_word' id='word_1_359' title='bbox 1048 4387 1244 4478; x_wconf 89' lang='lat' dir='ltr'>praeclara,</span> <span class='ocrx_word' id='word_1_360' title='bbox 1270 4406 1305 4461; x_wconf 88' lang='lat' dir='ltr'>et</span> <span class='ocrx_word' id='word_1_361' title='bbox 1325 4393 1476 4480; x_wconf 90' lang='lat' dir='ltr'>gravitas</span> <span class='ocrx_word' id='word_1_362' title='bbox 1492 4399 1604 4487; x_wconf 87' lang='lat' dir='ltr'>&#39;atque</span> 
     </span>
    </p>
   </div>
   <div class='ocr_carea' id='block_1_4' title="bbox 1654 2763 2647 4584">
    <p class='ocr_par' dir='ltr' id='par_1_6' title="bbox 1654 2763 2647 4584">
     <span class='ocr_line' id='line_1_38' title="bbox 1658 2763 2646 2861; baseline 0.005 -27"><span class='ocrx_word' id='word_1_363' title='bbox 1658 2788 1737 2834; x_wconf 89' lang='lat' dir='ltr'>rum</span> <span class='ocrx_word' id='word_1_364' title='bbox 1755 2763 1923 2833; x_wconf 89' lang='lat' dir='ltr'>excitatus</span> <span class='ocrx_word' id='word_1_365' title='bbox 1937 2775 2077 2834; x_wconf 88' lang='lat' dir='ltr'>tantum</span> <span class='ocrx_word' id='word_1_366' title='bbox 2094 2766 2263 2851; x_wconf 90' lang='lat' dir='ltr'>invaluit,</span> <span class='ocrx_word' id='word_1_367' title='bbox 2287 2781 2327 2837; x_wconf 93' lang='lat' dir='ltr'>ut</span> <span class='ocrx_word' id='word_1_368' title='bbox 2343 2770 2557 2861; x_wconf 88' lang='lat' dir='ltr'>quandoque</span> <span class='ocrx_word' id='word_1_369' title='bbox 2579 2771 2646 2839; x_wconf 87' lang='lat' dir='ltr'>bo—</span> 
     </span>
     <span class='ocr_line' id='line_1_39' title="bbox 1658 2862 2646 2960; baseline 0.005 -26"><span class='ocrx_word' id='word_1_370' title='bbox 1658 2889 1788 2935; x_wconf 88' lang='lat' dir='ltr'>norum</span> <span class='ocrx_word' id='word_1_371' title='bbox 1822 2865 1928 2935; x_wconf 91' lang='lat' dir='ltr'>etiam</span> <span class='ocrx_word' id='word_1_372' title='bbox 1963 2867 2188 2937; x_wconf 84' lang='lat' dir='ltr'>confirmatos</span> <span class='ocrx_word' id='word_1_373' title='bbox 2222 2862 2378 2939; x_wconf 87' lang='lat' dir='ltr'>honestis</span> <span class='ocrx_word' id='word_1_374' title='bbox 2414 2870 2646 2960; x_wconf 88' lang='lat' dir='ltr'>opinionibus</span> 
     </span>
     <span class='ocr_line' id='line_1_40' title="bbox 1658 2967 2646 3054; baseline 0.008 -20"><span class='ocrx_word' id='word_1_375' title='bbox 1658 2967 1796 3035; x_wconf 89' lang='lat' dir='ltr'>animos</span> <span class='ocrx_word' id='word_1_376' title='bbox 1811 2980 1874 3038; x_wconf 89' lang='lat' dir='ltr'>aut</span> <span class='ocrx_word' id='word_1_377' title='bbox 1889 2977 2017 3052; x_wconf 90' lang='lat' dir='ltr'>tentet,</span> <span class='ocrx_word' id='word_1_378' title='bbox 2039 2981 2101 3038; x_wconf 89' lang='lat' dir='ltr'>aut</span> <span class='ocrx_word' id='word_1_379' title='bbox 2121 2971 2330 3054; x_wconf 87' lang='lat' dir='ltr'>conturbet,</span> <span class='ocrx_word' id='word_1_380' title='bbox 2355 2984 2395 3040; x_wconf 93' lang='lat' dir='ltr'>ut</span> <span class='ocrx_word' id='word_1_381' title='bbox 2411 2970 2468 3039; x_wconf 92' lang='lat' dir='ltr'>vel</span> <span class='ocrx_word' id='word_1_382' title='bbox 2483 2995 2561 3040; x_wconf 92' lang='lat' dir='ltr'>cum</span> <span class='ocrx_word' id='word_1_383' title='bbox 2578 2974 2646 3042; x_wconf 89' lang='lat' dir='ltr'>do-</span> 
     </span>
     <span class='ocr_line' id='line_1_41' title="bbox 1658 3068 2643 3164; baseline 0.004 -27"><span class='ocrx_word' id='word_1_384' title='bbox 1658 3069 1732 3137; x_wconf 91' lang='lat' dir='ltr'>lore</span> <span class='ocrx_word' id='word_1_385' title='bbox 1746 3068 1997 3156; x_wconf 86' lang='lat' dir='ltr'>ingemiscant,</span> <span class='ocrx_word' id='word_1_386' title='bbox 2024 3071 2080 3139; x_wconf 87' lang='lat' dir='ltr'>vel</span> <span class='ocrx_word' id='word_1_387' title='bbox 2095 3070 2288 3164; x_wconf 83' lang='lat' dir='ltr'>efferantur</span> <span class='ocrx_word' id='word_1_388' title='bbox 2305 3072 2343 3140; x_wconf 93' lang='lat' dir='ltr'>in</span> <span class='ocrx_word' id='word_1_389' title='bbox 2360 3072 2643 3162; x_wconf 88' lang='lat' dir='ltr'>indignationem</span> 
     </span>
     <span class='ocr_line' id='line_1_42' title="bbox 1657 3168 2645 3243; baseline 0.004 -5"><span class='ocrx_word' id='word_1_390' title='bbox 1657 3171 1786 3240; x_wconf 87' lang='lat' dir='ltr'>iustam</span> <span class='ocrx_word' id='word_1_391' title='bbox 1808 3193 1848 3238; x_wconf 91' lang='lat' dir='ltr'>ac</span> <span class='ocrx_word' id='word_1_392' title='bbox 1862 3170 2028 3240; x_wconf 89' lang='lat' dir='ltr'>fremant.</span> <span class='ocrx_word' id='word_1_393' title='bbox 2079 3168 2170 3242; x_wconf 90' lang='lat' dir='ltr'>Cum</span> <span class='ocrx_word' id='word_1_394' title='bbox 2195 3184 2311 3241; x_wconf 92' lang='lat' dir='ltr'>autem</span> <span class='ocrx_word' id='word_1_395' title='bbox 2334 3173 2381 3243; x_wconf 91' lang='lat' dir='ltr'>sit</span> <span class='ocrx_word' id='word_1_396' title='bbox 2399 3172 2504 3243; x_wconf 88' lang='lat' dir='ltr'>oflicii</span> <span class='ocrx_word' id='word_1_397' title='bbox 2528 3175 2645 3243; x_wconf 92' lang='lat' dir='ltr'>nostri</span> 
     </span>
     <span class='ocr_line' id='line_1_43' title="bbox 1657 3272 2644 3364; baseline 0.006 -25"><span class='ocrx_word' id='word_1_398' title='bbox 1657 3283 1834 3362; x_wconf 89' lang='lat' dir='ltr'>praestare</span> <span class='ocrx_word' id='word_1_399' title='bbox 1847 3284 2020 3361; x_wconf 91' lang='lat' dir='ltr'>quantum</span> <span class='ocrx_word' id='word_1_400' title='bbox 2035 3272 2113 3342; x_wconf 86' lang='lat' dir='ltr'>fieri</span> <span class='ocrx_word' id='word_1_401' title='bbox 2129 3287 2254 3364; x_wconf 88' lang='lat' dir='ltr'>potest,</span> <span class='ocrx_word' id='word_1_402' title='bbox 2278 3298 2354 3345; x_wconf 92' lang='lat' dir='ltr'>uon</span> <span class='ocrx_word' id='word_1_403' title='bbox 2372 3275 2489 3346; x_wconf 90' lang='lat' dir='ltr'>solnm</span> <span class='ocrx_word' id='word_1_404' title='bbox 2502 3288 2543 3345; x_wconf 93' lang='lat' dir='ltr'>ut</span> <span class='ocrx_word' id='word_1_405' title='bbox 2557 3277 2644 3345; x_wconf 89' lang='lat' dir='ltr'>ado-</span> 
     </span>
     <span class='ocr_line' id='line_1_44' title="bbox 1657 3372 2643 3471; baseline 0.004 -29"><span class='ocrx_word' id='word_1_406' title='bbox 1657 3372 1822 3444; x_wconf 89' lang='lat' dir='ltr'>lescentia</span> <span class='ocrx_word' id='word_1_407' title='bbox 1837 3387 1931 3443; x_wconf 89' lang='lat' dir='ltr'>recte</span> <span class='ocrx_word' id='word_1_408' title='bbox 1945 3373 2152 3446; x_wconf 87' lang='lat' dir='ltr'>instituatur</span> <span class='ocrx_word' id='word_1_409' title='bbox 2165 3389 2270 3471; x_wconf 91' lang='lat' dir='ltr'>atque</span> <span class='ocrx_word' id='word_1_410' title='bbox 2285 3378 2453 3448; x_wconf 87' lang='lat' dir='ltr'>adsueliat</span> <span class='ocrx_word' id='word_1_411' title='bbox 2464 3378 2509 3447; x_wconf 94' lang='lat' dir='ltr'>ad</span> <span class='ocrx_word' id='word_1_412' title='bbox 2525 3401 2643 3446; x_wconf 88' lang='lat' dir='ltr'>veram</span> 
     </span>
     <span class='ocr_line' id='line_1_45' title="bbox 1656 3475 2642 3571; baseline 0.002 -27"><span class='ocrx_word' id='word_1_413' title='bbox 1656 3488 1692 3545; x_wconf 92' lang='lat' dir='ltr'>et</span> <span class='ocrx_word' id='word_1_414' title='bbox 1716 3475 1891 3545; x_wconf 89' lang='lat' dir='ltr'>eruditam</span> <span class='ocrx_word' id='word_1_415' title='bbox 1916 3476 2092 3546; x_wconf 90' lang='lat' dir='ltr'>rationem</span> <span class='ocrx_word' id='word_1_416' title='bbox 2115 3478 2295 3563; x_wconf 89' lang='lat' dir='ltr'>discendi,</span> <span class='ocrx_word' id='word_1_417' title='bbox 2320 3480 2479 3571; x_wconf 91' lang='lat' dir='ltr'>adeoque</span> <span class='ocrx_word' id='word_1_418' title='bbox 2494 3478 2642 3569; x_wconf 90' lang='lat' dir='ltr'>nequid</span> 
     </span>
     <span class='ocr_line' id='line_1_46' title="bbox 1657 3572 2644 3671; baseline -0.001 -23"><span class='ocrx_word' id='word_1_419' title='bbox 1657 3572 1842 3648; x_wconf 87' lang='lat' dir='ltr'>thesaurus</span> <span class='ocrx_word' id='word_1_420' title='bbox 1856 3578 2030 3666; x_wconf 90' lang='lat' dir='ltr'>bonarum</span> <span class='ocrx_word' id='word_1_421' title='bbox 2046 3578 2177 3646; x_wconf 89' lang='lat' dir='ltr'>artium</span> <span class='ocrx_word' id='word_1_422' title='bbox 2200 3580 2403 3650; x_wconf 89' lang='lat' dir='ltr'>detrimenti</span> <span class='ocrx_word' id='word_1_423' title='bbox 2425 3579 2559 3671; x_wconf 89' lang='lat' dir='ltr'>capiat,</span> <span class='ocrx_word' id='word_1_424' title='bbox 2583 3603 2644 3647; x_wconf 87' lang='lat' dir='ltr'>ve-</span> 
     </span>
     <span class='ocr_line' id='line_1_47' title="bbox 1657 3677 2646 3764; baseline 0 -16"><span class='ocrx_word' id='word_1_425' title='bbox 1657 3703 1736 3748; x_wconf 93' lang='lat' dir='ltr'>rum</span> <span class='ocrx_word' id='word_1_426' title='bbox 1753 3679 1857 3749; x_wconf 90' lang='lat' dir='ltr'>etiam</span> <span class='ocrx_word' id='word_1_427' title='bbox 1872 3689 1912 3745; x_wconf 91' lang='lat' dir='ltr'>ut</span> <span class='ocrx_word' id='word_1_428' title='bbox 1927 3699 1993 3743; x_wconf 88' lang='lat' dir='ltr'>suo</span> <span class='ocrx_word' id='word_1_429' title='bbox 2009 3677 2207 3763; x_wconf 84' lang='lat' dir='ltr'>fungantur</span> <span class='ocrx_word' id='word_1_430' title='bbox 2223 3704 2373 3751; x_wconf 90' lang='lat' dir='ltr'>munere</span> <span class='ocrx_word' id='word_1_431' title='bbox 2389 3683 2586 3764; x_wconf 89' lang='lat' dir='ltr'>auditores,</span> <span class='ocrx_word' id='word_1_432' title='bbox 2611 3694 2646 3749; x_wconf 92' lang='lat' dir='ltr'>et</span> 
     </span>
     <span class='ocr_line' id='line_1_48' title="bbox 1657 3770 2645 3871; baseline 0 -21"><span class='ocrx_word' id='word_1_433' title='bbox 1657 3794 1750 3850; x_wconf 89' lang='lat' dir='ltr'>recte</span> <span class='ocrx_word' id='word_1_434' title='bbox 1771 3792 1876 3871; x_wconf 90' lang='lat' dir='ltr'>atque</span> <span class='ocrx_word' id='word_1_435' title='bbox 1896 3776 2021 3845; x_wconf 90' lang='lat' dir='ltr'>ordine</span> <span class='ocrx_word' id='word_1_436' title='bbox 2044 3770 2214 3845; x_wconf 86' lang='lat' dir='ltr'>discendo</span> <span class='ocrx_word' id='word_1_437' title='bbox 2236 3782 2442 3868; x_wconf 87' lang='lat' dir='ltr'>proficiant,</span> <span class='ocrx_word' id='word_1_438' title='bbox 2476 3806 2540 3850; x_wconf 89' lang='lat' dir='ltr'>vos</span> <span class='ocrx_word' id='word_1_439' title='bbox 2560 3776 2645 3851; x_wconf 91' lang='lat' dir='ltr'>cha·</span> 
     </span>
     <span class='ocr_line' id='line_1_49' title="bbox 1656 3876 2647 3973; baseline -0.002 -21"><span class='ocrx_word' id='word_1_440' title='bbox 1656 3883 1814 3952; x_wconf 89' lang='lat' dir='ltr'>rissimos</span> <span class='ocrx_word' id='word_1_441' title='bbox 1828 3902 1925 3948; x_wconf 90' lang='lat' dir='ltr'>meos</span> <span class='ocrx_word' id='word_1_442' title='bbox 1940 3876 2118 3948; x_wconf 87' lang='lat' dir='ltr'>auditores</span> <span class='ocrx_word' id='word_1_443' title='bbox 2130 3902 2193 3948; x_wconf 93' lang='lat' dir='ltr'>oro</span> <span class='ocrx_word' id='word_1_444' title='bbox 2208 3891 2314 3973; x_wconf 90' lang='lat' dir='ltr'>atque</span> <span class='ocrx_word' id='word_1_445' title='bbox 2328 3881 2485 3950; x_wconf 89' lang='lat' dir='ltr'>obtestor</span> <span class='ocrx_word' id='word_1_446' title='bbox 2499 3897 2647 3970; x_wconf 91' lang='lat' dir='ltr'>propter</span> 
     </span>
     <span class='ocr_line' id='line_1_50' title="bbox 1656 3975 2646 4074; baseline -0.002 -20"><span class='ocrx_word' id='word_1_447' title='bbox 1656 3985 1804 4074; x_wconf 90' lang='lat' dir='ltr'>gloriam</span> <span class='ocrx_word' id='word_1_448' title='bbox 1820 3978 1910 4065; x_wconf 91' lang='lat' dir='ltr'>Dei,</span> <span class='ocrx_word' id='word_1_449' title='bbox 1932 3993 1969 4050; x_wconf 91' lang='lat' dir='ltr'>ct</span> <span class='ocrx_word' id='word_1_450' title='bbox 1983 3992 2127 4071; x_wconf 91' lang='lat' dir='ltr'>propter</span> <span class='ocrx_word' id='word_1_451' title='bbox 2141 3975 2337 4050; x_wconf 79' lang='lat' dir='ltr'>Ecclesiam</span> <span class='ocrx_word' id='word_1_452' title='bbox 2356 3995 2391 4052; x_wconf 92' lang='lat' dir='ltr'>et</span> <span class='ocrx_word' id='word_1_453' title='bbox 2410 3983 2646 4053; x_wconf 87' lang='lat' dir='ltr'>consociatio-</span> 
     </span>
     <span class='ocr_line' id='line_1_51' title="bbox 1656 4067 2644 4177; baseline -0.003 -21"><span class='ocrx_word' id='word_1_454' title='bbox 1656 4111 1738 4156; x_wconf 90' lang='lat' dir='ltr'>nem</span> <span class='ocrx_word' id='word_1_455' title='bbox 1767 4082 1906 4174; x_wconf 89' lang='lat' dir='ltr'>generis</span> <span class='ocrx_word' id='word_1_456' title='bbox 1938 4077 2105 4166; x_wconf 91' lang='lat' dir='ltr'>humani,</span> <span class='ocrx_word' id='word_1_457' title='bbox 2127 4067 2272 4177; x_wconf 81' lang='lat' dir='ltr'>&#39;quibus</span> <span class='ocrx_word' id='word_1_458' title='bbox 2304 4083 2434 4154; x_wconf 87' lang='lat' dir='ltr'>artium</span> <span class='ocrx_word' id='word_1_459' title='bbox 2462 4082 2644 4175; x_wconf 90' lang='lat' dir='ltr'>praesidio</span> 
     </span>
     <span class='ocr_line' id='line_1_52' title="bbox 1656 4183 2645 4279; baseline -0.004 -20"><span class='ocrx_word' id='word_1_460' title='bbox 1656 4194 1745 4279; x_wconf 85' lang='lat' dir='ltr'>opus</span> <span class='ocrx_word' id='word_1_461' title='bbox 1776 4199 1848 4269; x_wconf 90' lang='lat' dir='ltr'>est,</span> <span class='ocrx_word' id='word_1_462' title='bbox 1885 4196 1927 4253; x_wconf 91' lang='lat' dir='ltr'>ut</span> <span class='ocrx_word' id='word_1_463' title='bbox 1949 4183 2106 4274; x_wconf 91' lang='lat' dir='ltr'>deposita</span> <span class='ocrx_word' id='word_1_464' title='bbox 2136 4208 2242 4277; x_wconf 87' lang='lat' dir='ltr'>quam</span> <span class='ocrx_word' id='word_1_465' title='bbox 2265 4184 2474 4277; x_wconf 86' lang='lat' dir='ltr'>concepistis</span> <span class='ocrx_word' id='word_1_466' title='bbox 2496 4207 2645 4275; x_wconf 87' lang='lat' dir='ltr'>persna—</span> 
     </span>
     <span class='ocr_line' id='line_1_53' title="bbox 1656 4286 2646 4379; baseline -0.003 -20"><span class='ocrx_word' id='word_1_467' title='bbox 1656 4291 1756 4359; x_wconf 90' lang='lat' dir='ltr'>sione</span> <span class='ocrx_word' id='word_1_468' title='bbox 1772 4287 1877 4366; x_wconf 87' lang='lat' dir='ltr'>falsa,</span> <span class='ocrx_word' id='word_1_469' title='bbox 1904 4299 1940 4354; x_wconf 90' lang='lat' dir='ltr'>et</span> <span class='ocrx_word' id='word_1_470' title='bbox 1956 4287 2141 4354; x_wconf 88' lang='lat' dir='ltr'>emendata</span> <span class='ocrx_word' id='word_1_471' title='bbox 2159 4301 2384 4379; x_wconf 88' lang='lat' dir='ltr'>praepostera</span> <span class='ocrx_word' id='word_1_472' title='bbox 2401 4286 2561 4357; x_wconf 90' lang='lat' dir='ltr'>discendi</span> <span class='ocrx_word' id='word_1_473' title='bbox 2586 4309 2646 4356; x_wconf 89' lang='lat' dir='ltr'>ra·</span> 
     </span>
     <span class='ocr_line' id='line_1_54' title="bbox 1654 4380 2645 4489; baseline -0.004 -28"><span class='ocrx_word' id='word_1_474' title='bbox 1654 4392 1772 4475; x_wconf 89' lang='lat' dir='ltr'>tione,</span> <span class='ocrx_word' id='word_1_475' title='bbox 1799 4400 1833 4457; x_wconf 90' lang='lat' dir='ltr'>et</span> <span class='ocrx_word' id='word_1_476' title='bbox 1851 4387 2035 4479; x_wconf 87' lang='lat' dir='ltr'>repudiata</span> <span class='ocrx_word' id='word_1_477' title='bbox 2058 4387 2121 4456; x_wconf 90' lang='lat' dir='ltr'>illa</span> <span class='ocrx_word' id='word_1_478' title='bbox 2141 4388 2238 4460; x_wconf 90' lang='lat' dir='ltr'>futili</span> <span class='ocrx_word' id='word_1_479' title='bbox 2257 4384 2485 4489; x_wconf 78' lang='lat' dir='ltr'>oxtoypoqu&#39;u</span> <span class='ocrx_word' id='word_1_480' title='bbox 2499 4380 2645 4458; x_wconf 87' lang='lat' dir='ltr'>Mathe-</span> 
     </span>
     <span class='ocr_line' id='line_1_55' title="bbox 1656 4488 2645 4584; baseline -0.005 -21"><span class='ocrx_word' id='word_1_481' title='bbox 1656 4515 1752 4573; x_wconf 92' lang='lat' dir='ltr'>seos,</span> <span class='ocrx_word' id='word_1_482' title='bbox 1779 4513 1884 4584; x_wconf 91' lang='lat' dir='ltr'>quam</span> <span class='ocrx_word' id='word_1_483' title='bbox 1900 4488 2019 4558; x_wconf 90' lang='lat' dir='ltr'>nescio</span> <span class='ocrx_word' id='word_1_484' title='bbox 2036 4489 2166 4582; x_wconf 92' lang='lat' dir='ltr'>quibus</span> <span class='ocrx_word' id='word_1_485' title='bbox 2189 4491 2374 4562; x_wconf 85' lang='lat' dir='ltr'>autoribus</span> <span class='ocrx_word' id='word_1_486' title='bbox 2398 4491 2437 4560; x_wconf 92' lang='lat' dir='ltr'>in</span> <span class='ocrx_word' id='word_1_487' title='bbox 2459 4489 2645 4582; x_wconf 87' lang='lat' dir='ltr'>pervulga-</span> 
     </span>
    </p>
   </div>
   <div class='ocr_carea' id='block_1_5' title="bbox 614 4488 2648 5903">
    <p class='ocr_par' dir='ltr' id='par_1_7' title="bbox 614 4488 2648 5903">
     <span class='ocr_line' id='line_1_56' title="bbox 617 4488 1605 4588; baseline 0.006 -30"><span class='ocrx_word' id='word_1_488' title='bbox 617 4493 801 4582; x_wconf 87' lang='lat' dir='ltr'>integritas</span> <span class='ocrx_word' id='word_1_489' title='bbox 823 4493 860 4559; x_wconf 91' lang='lat' dir='ltr'>in</span> <span class='ocrx_word' id='word_1_490' title='bbox 882 4489 981 4559; x_wconf 93' lang='lat' dir='ltr'>omni</span> <span class='ocrx_word' id='word_1_491' title='bbox 1002 4489 1094 4571; x_wconf 91' lang='lat' dir='ltr'>vita,</span> <span class='ocrx_word' id='word_1_492' title='bbox 1118 4488 1285 4558; x_wconf 77' lang='lat' dir='ltr'>sedulitas</span> <span class='ocrx_word' id='word_1_493' title='bbox 1308 4516 1391 4560; x_wconf 86' lang='lat' dir='ltr'>vero</span> <span class='ocrx_word' id='word_1_494' title='bbox 1412 4508 1517 4588; x_wconf 88' lang='lat' dir='ltr'>atquc</span> <span class='ocrx_word' id='word_1_495' title='bbox 1540 4497 1605 4564; x_wconf 90' lang='lat' dir='ltr'>ad-</span> 
     </span>
     <span class='ocr_line' id='line_1_57' title="bbox 619 4585 2646 4683; baseline -0 -24"><span class='ocrx_word' id='word_1_496' title='bbox 619 4593 767 4662; x_wconf 86' lang='lat' dir='ltr'>siduitas</span> <span class='ocrx_word' id='word_1_497' title='bbox 792 4593 832 4660; x_wconf 92' lang='lat' dir='ltr'>in</span> <span class='ocrx_word' id='word_1_498' title='bbox 854 4592 970 4683; x_wconf 89' lang='lat' dir='ltr'>operis</span> <span class='ocrx_word' id='word_1_499' title='bbox 991 4585 1210 4662; x_wconf 86' lang='lat' dir='ltr'>scholasticis</span> <span class='ocrx_word' id='word_1_500' title='bbox 1231 4591 1423 4662; x_wconf 87' lang='lat' dir='ltr'>multorum</span> <span class='ocrx_word' id='word_1_501' title='bbox 1447 4596 1603 4666; x_wconf 87' lang='lat' dir='ltr'>celebra·</span> <span class='ocrx_word' id='word_1_502' title='bbox 1655 4597 1700 4665; x_wconf 89' lang='lat' dir='ltr'>tis</span> <span class='ocrx_word' id='word_1_503' title='bbox 1715 4594 1823 4662; x_wconf 91' lang='lat' dir='ltr'>nimis</span> <span class='ocrx_word' id='word_1_504' title='bbox 1835 4591 1970 4661; x_wconf 93' lang='lat' dir='ltr'>libellis</span> <span class='ocrx_word' id='word_1_505' title='bbox 1987 4591 2199 4683; x_wconf 91' lang='lat' dir='ltr'>quibusdam</span> <span class='ocrx_word' id='word_1_506' title='bbox 2214 4593 2419 4678; x_wconf 88' lang='lat' dir='ltr'>sectamini,</span> <span class='ocrx_word' id='word_1_507' title='bbox 2440 4592 2540 4662; x_wconf 91' lang='lat' dir='ltr'>irrita</span> <span class='ocrx_word' id='word_1_508' title='bbox 2555 4614 2646 4683; x_wconf 85' lang='lat' dir='ltr'>pene</span> 
     </span>
     <span class='ocr_line' id='line_1_58' title="bbox 618 4690 2645 4792; baseline -0.001 -29"><span class='ocrx_word' id='word_1_509' title='bbox 618 4705 679 4763; x_wconf 89' lang='lat' dir='ltr'>tur</span> <span class='ocrx_word' id='word_1_510' title='bbox 707 4693 949 4771; x_wconf 84' lang='lat' dir='ltr'>sermonibus,</span> <span class='ocrx_word' id='word_1_511' title='bbox 990 4692 1120 4785; x_wconf 92' lang='lat' dir='ltr'>quibus</span> <span class='ocrx_word' id='word_1_512' title='bbox 1147 4690 1243 4761; x_wconf 89' lang='lat' dir='ltr'>notis</span> <span class='ocrx_word' id='word_1_513' title='bbox 1270 4691 1357 4777; x_wconf 91' lang='lat' dir='ltr'>fuit,</span> <span class='ocrx_word' id='word_1_514' title='bbox 1397 4696 1500 4765; x_wconf 92' lang='lat' dir='ltr'>illum</span> <span class='ocrx_word' id='word_1_515' title='bbox 1523 4695 1603 4792; x_wconf 90' lang='lat' dir='ltr'>(in·</span> <span class='ocrx_word' id='word_1_516' title='bbox 1655 4694 1839 4782; x_wconf 85' lang='lat' dir='ltr'>diligentia</span> <span class='ocrx_word' id='word_1_517' title='bbox 1871 4716 2001 4781; x_wconf 88' lang='lat' dir='ltr'>magno</span> <span class='ocrx_word' id='word_1_518' title='bbox 2024 4716 2105 4786; x_wconf 82' lang='lat' dir='ltr'>cum</span> <span class='ocrx_word' id='word_1_519' title='bbox 2129 4692 2329 4764; x_wconf 87' lang='lat' dir='ltr'>studiorum</span> <span class='ocrx_word' id='word_1_520' title='bbox 2353 4707 2547 4765; x_wconf 86' lang='lat' dir='ltr'>vestrorum</span> <span class='ocrx_word' id='word_1_521' title='bbox 2571 4691 2645 4761; x_wconf 87' lang='lat' dir='ltr'>dis·</span> 
     </span>
     <span class='ocr_line' id='line_1_59' title="bbox 618 4786 2631 4892; baseline -0.001 -29"><span class='ocrx_word' id='word_1_522' title='bbox 618 4790 744 4888; x_wconf 71' lang='grc' dir='ltr'><strong><em>φοοιο)</em></strong></span> <span class='ocrx_word' id='word_1_523' title='bbox 768 4792 857 4861; x_wconf 89' lang='lat' dir='ltr'>salse</span> <span class='ocrx_word' id='word_1_524' title='bbox 881 4786 1196 4883; x_wconf 87' lang='lat' dir='ltr'>reprehendentem</span> <span class='ocrx_word' id='word_1_525' title='bbox 1220 4791 1258 4861; x_wconf 92' lang='lat' dir='ltr'>in</span> <span class='ocrx_word' id='word_1_526' title='bbox 1282 4795 1505 4868; x_wconf 88' lang='lat' dir='ltr'>auditoribus</span> <span class='ocrx_word' id='word_1_527' title='bbox 1530 4799 1602 4870; x_wconf 86' lang='lat' dir='ltr'>suis</span> <span class='ocrx_word' id='word_1_528' title='bbox 1654 4797 1786 4892; x_wconf 92' lang='lat' dir='ltr'>pendio</span> <span class='ocrx_word' id='word_1_529' title='bbox 1807 4817 1848 4863; x_wconf 88' lang='lat' dir='ltr'>ac</span> <span class='ocrx_word' id='word_1_530' title='bbox 1871 4795 2106 4872; x_wconf 90' lang='lat' dir='ltr'>detrimento,</span> <span class='ocrx_word' id='word_1_531' title='bbox 2131 4797 2230 4888; x_wconf 93' lang='lat' dir='ltr'>quod</span> <span class='ocrx_word' id='word_1_532' title='bbox 2251 4795 2452 4889; x_wconf 84' lang='lat' dir='ltr'>experimur</span> <span class='ocrx_word' id='word_1_533' title='bbox 2470 4792 2631 4887; x_wconf 89' lang='lat' dir='ltr'>quotidie</span> 
     </span>
     <span class='ocr_line' id='line_1_60' title="bbox 618 4886 2644 4993; baseline -0.003 -25"><span class='ocrx_word' id='word_1_534' title='bbox 618 4892 661 4968; x_wconf 82' lang='lat' dir='ltr'>sd</span> <span class='ocrx_word' id='word_1_535' title='bbox 677 4886 895 4993; x_wconf 79' lang='grc' dir='ltr'><strong><em>φιλόκαινον</em></strong></span> <span class='ocrx_word' id='word_1_536' title='bbox 907 4888 972 4965; x_wconf 80' lang='grc' dir='ltr'>καὶ</span> <span class='ocrx_word' id='word_1_537' title='bbox 986 4888 1030 4966; x_wconf 84' lang='grc' dir='ltr'>τὸ</span> <span class='ocrx_word' id='word_1_538' title='bbox 1044 4887 1249 4991; x_wconf 76' lang='grc' dir='ltr'><strong><em>ἁψίκορον,</em></strong></span> <span class='ocrx_word' id='word_1_539' title='bbox 1276 4898 1472 4989; x_wconf 86' lang='lat' dir='ltr'>accepimus</span> <span class='ocrx_word' id='word_1_540' title='bbox 1486 4901 1602 4971; x_wconf 88' lang='lat' dir='ltr'>dicere</span> <span class='ocrx_word' id='word_1_541' title='bbox 1654 4898 1805 4972; x_wconf 84' lang='lat' dir='ltr'>redeatis</span> <span class='ocrx_word' id='word_1_542' title='bbox 1821 4898 1866 4965; x_wconf 94' lang='lat' dir='ltr'>ad</span> <span class='ocrx_word' id='word_1_543' title='bbox 1885 4918 1986 4993; x_wconf 87' lang='lat' dir='ltr'>veros</span> <span class='ocrx_word' id='word_1_544' title='bbox 2003 4895 2195 4984; x_wconf 89' lang='lat' dir='ltr'>explicatos</span> <span class='ocrx_word' id='word_1_545' title='bbox 2216 4921 2256 4966; x_wconf 85' lang='lat' dir='ltr'>ac</span> <span class='ocrx_word' id='word_1_546' title='bbox 2271 4911 2502 4989; x_wconf 83' lang='lat' dir='ltr'>perpurgatus</span> <span class='ocrx_word' id='word_1_547' title='bbox 2517 4896 2644 4985; x_wconf 86' lang='lat' dir='ltr'>fontes,</span> 
     </span>
     <span class='ocr_line' id='line_1_61' title="bbox 619 4991 2646 5098; baseline -0.001 -30"><span class='ocrx_word' id='word_1_548' title='bbox 619 4998 782 5084; x_wconf 90' lang='lat' dir='ltr'>solitum,</span> <span class='ocrx_word' id='word_1_549' title='bbox 822 5019 860 5066; x_wconf 91' lang='lat' dir='ltr'>se</span> <span class='ocrx_word' id='word_1_550' title='bbox 885 4995 914 5067; x_wconf 91' lang='lat' dir='ltr'>si</span> <span class='ocrx_word' id='word_1_551' title='bbox 936 4992 1359 5083; x_wconf 88' lang='lat' dir='ltr'>Mathesinuniversam,</span> <span class='ocrx_word' id='word_1_552' title='bbox 1393 5002 1448 5070; x_wconf 91' lang='lat' dir='ltr'>vel</span> <span class='ocrx_word' id='word_1_553' title='bbox 1473 4996 1602 5074; x_wconf 87' lang='lat' dir='ltr'>haustu</span> <span class='ocrx_word' id='word_1_554' title='bbox 1655 5026 1744 5098; x_wconf 89' lang='lat' dir='ltr'>quos</span> <span class='ocrx_word' id='word_1_555' title='bbox 1777 4999 1808 5068; x_wconf 87' lang='lat' dir='ltr'>si</span> <span class='ocrx_word' id='word_1_556' title='bbox 1843 4996 2055 5065; x_wconf 88' lang='lat' dir='ltr'>mediocrem</span> <span class='ocrx_word' id='word_1_557' title='bbox 2090 4991 2325 5068; x_wconf 86' lang='lat' dir='ltr'>adhibueritis</span> <span class='ocrx_word' id='word_1_558' title='bbox 2357 4997 2577 5090; x_wconf 83' lang='lat' dir='ltr'>diligentiam</span> <span class='ocrx_word' id='word_1_559' title='bbox 2611 5009 2646 5066; x_wconf 89' lang='lat' dir='ltr'>ct</span> 
     </span>
     <span class='ocr_line' id='line_1_62' title="bbox 617 5096 2648 5199; baseline -0.003 -28"><span class='ocrx_word' id='word_1_560' title='bbox 617 5125 691 5171; x_wconf 91' lang='lat' dir='ltr'>nno</span> <span class='ocrx_word' id='word_1_561' title='bbox 716 5099 921 5192; x_wconf 87' lang='lat' dir='ltr'>complecti,</span> <span class='ocrx_word' id='word_1_562' title='bbox 951 5100 1008 5171; x_wconf 87' lang='lat' dir='ltr'>vel</span> <span class='ocrx_word' id='word_1_563' title='bbox 1028 5101 1067 5171; x_wconf 90' lang='lat' dir='ltr'>in</span> <span class='ocrx_word' id='word_1_564' title='bbox 1092 5102 1283 5191; x_wconf 91' lang='lat' dir='ltr'>pulticulae</span> <span class='ocrx_word' id='word_1_565' title='bbox 1304 5103 1509 5197; x_wconf 90' lang='lat' dir='ltr'>liquidioris</span> <span class='ocrx_word' id='word_1_566' title='bbox 1529 5106 1602 5176; x_wconf 85' lang='lat' dir='ltr'>for·</span> <span class='ocrx_word' id='word_1_567' title='bbox 1654 5099 1900 5199; x_wconf 88' lang='lat' dir='ltr'>praestiteritis</span> <span class='ocrx_word' id='word_1_568' title='bbox 1922 5096 2186 5180; x_wconf 89' lang='lat' dir='ltr'>assiduitatem,</span> <span class='ocrx_word' id='word_1_569' title='bbox 2211 5122 2281 5190; x_wconf 85' lang='lat' dir='ltr'>qua</span> <span class='ocrx_word' id='word_1_570' title='bbox 2303 5099 2469 5171; x_wconf 90' lang='lat' dir='ltr'>vincetur</span> <span class='ocrx_word' id='word_1_571' title='bbox 2490 5097 2648 5166; x_wconf 83' lang='lat' dir='ltr'>difficul-</span> 
     </span>
     <span class='ocr_line' id='line_1_63' title="bbox 617 5197 2648 5298; baseline -0.001 -27"><span class='ocrx_word' id='word_1_572' title='bbox 617 5226 710 5272; x_wconf 91' lang='lat' dir='ltr'>mam</span> <span class='ocrx_word' id='word_1_573' title='bbox 728 5225 919 5296; x_wconf 87' lang='lat' dir='ltr'>excoquere</span> <span class='ocrx_word' id='word_1_574' title='bbox 931 5216 1059 5296; x_wconf 91' lang='lat' dir='ltr'>posset,</span> <span class='ocrx_word' id='word_1_575' title='bbox 1084 5203 1143 5272; x_wconf 88' lang='lat' dir='ltr'>vix</span> <span class='ocrx_word' id='word_1_576' title='bbox 1156 5206 1385 5276; x_wconf 89' lang='lat' dir='ltr'>obtenturum</span> <span class='ocrx_word' id='word_1_577' title='bbox 1399 5209 1491 5298; x_wconf 92' lang='lat' dir='ltr'>apud</span> <span class='ocrx_word' id='word_1_578' title='bbox 1510 5231 1603 5292; x_wconf 90' lang='lat' dir='ltr'>suos,</span> <span class='ocrx_word' id='word_1_579' title='bbox 1655 5225 1707 5280; x_wconf 88' lang='lat' dir='ltr'>tas</span> <span class='ocrx_word' id='word_1_580' title='bbox 1737 5202 1873 5282; x_wconf 89' lang='lat' dir='ltr'>omnis,</span> <span class='ocrx_word' id='word_1_581' title='bbox 1914 5200 1943 5268; x_wconf 91' lang='lat' dir='ltr'>si</span> <span class='ocrx_word' id='word_1_582' title='bbox 1974 5222 2043 5291; x_wconf 92' lang='lat' dir='ltr'>qua</span> <span class='ocrx_word' id='word_1_583' title='bbox 2075 5197 2287 5284; x_wconf 88' lang='lat' dir='ltr'>occurrerit,</span> <span class='ocrx_word' id='word_1_584' title='bbox 2327 5197 2576 5291; x_wconf 81' lang='lat' dir='ltr'>experiemini,</span> <span class='ocrx_word' id='word_1_585' title='bbox 2612 5210 2648 5268; x_wconf 89' lang='lat' dir='ltr'>et</span> 
     </span>
     <span class='ocr_line' id='line_1_64' title="bbox 616 5293 2648 5398; baseline -0.003 -22"><span class='ocrx_word' id='word_1_586' title='bbox 616 5320 657 5378; x_wconf 91' lang='lat' dir='ltr'>ut</span> <span class='ocrx_word' id='word_1_587' title='bbox 677 5304 823 5373; x_wconf 89' lang='lat' dir='ltr'>redeant</span> <span class='ocrx_word' id='word_1_588' title='bbox 846 5305 967 5386; x_wconf 91' lang='lat' dir='ltr'>toties,</span> <span class='ocrx_word' id='word_1_589' title='bbox 1004 5319 1040 5373; x_wconf 90' lang='lat' dir='ltr'>ct</span> <span class='ocrx_word' id='word_1_590' title='bbox 1061 5317 1201 5393; x_wconf 89' lang='lat' dir='ltr'>recepto</span> <span class='ocrx_word' id='word_1_591' title='bbox 1232 5306 1269 5373; x_wconf 92' lang='lat' dir='ltr'>in</span> <span class='ocrx_word' id='word_1_592' title='bbox 1299 5330 1339 5375; x_wconf 91' lang='lat' dir='ltr'>os</span> <span class='ocrx_word' id='word_1_593' title='bbox 1369 5309 1602 5380; x_wconf 87' lang='lat' dir='ltr'>infundibulo</span> <span class='ocrx_word' id='word_1_594' title='bbox 1654 5313 1760 5398; x_wconf 87' lang='lat' dir='ltr'>longe</span> <span class='ocrx_word' id='word_1_595' title='bbox 1782 5301 1960 5373; x_wconf 87' lang='lat' dir='ltr'>dulciores</span> <span class='ocrx_word' id='word_1_596' title='bbox 1982 5300 2077 5383; x_wconf 87' lang='lat' dir='ltr'>fore,</span> <span class='ocrx_word' id='word_1_597' title='bbox 2110 5313 2144 5370; x_wconf 92' lang='lat' dir='ltr'>et</span> <span class='ocrx_word' id='word_1_598' title='bbox 2167 5293 2296 5371; x_wconf 89' lang='lat' dir='ltr'>haustu</span> <span class='ocrx_word' id='word_1_599' title='bbox 2324 5300 2518 5379; x_wconf 83' lang='lat' dir='ltr'>faciliores,</span> <span class='ocrx_word' id='word_1_600' title='bbox 2543 5298 2648 5369; x_wconf 93' lang='lat' dir='ltr'>lutu-</span> 
     </span>
     <span class='ocr_line' id='line_1_65' title="bbox 615 5400 2647 5500; baseline -0.003 -22"><span class='ocrx_word' id='word_1_601' title='bbox 615 5429 752 5478; x_wconf 88' lang='lat' dir='ltr'>moram</span> <span class='ocrx_word' id='word_1_602' title='bbox 777 5403 954 5494; x_wconf 85' lang='lat' dir='ltr'>perferant</span> <span class='ocrx_word' id='word_1_603' title='bbox 978 5404 1064 5473; x_wconf 90' lang='lat' dir='ltr'>citra</span> <span class='ocrx_word' id='word_1_604' title='bbox 1087 5404 1304 5486; x_wconf 86' lang='lat' dir='ltr'>molestiam,</span> <span class='ocrx_word' id='word_1_605' title='bbox 1339 5432 1513 5500; x_wconf 89' lang='lat' dir='ltr'>eousque,</span> <span class='ocrx_word' id='word_1_606' title='bbox 1537 5411 1602 5479; x_wconf 91' lang='lat' dir='ltr'>do·-</span> <span class='ocrx_word' id='word_1_607' title='bbox 1654 5410 1761 5482; x_wconf 89' lang='lat' dir='ltr'>lentis</span> <span class='ocrx_word' id='word_1_608' title='bbox 1778 5406 1855 5477; x_wconf 90' lang='lat' dir='ltr'>istis</span> <span class='ocrx_word' id='word_1_609' title='bbox 1868 5428 1909 5473; x_wconf 90' lang='lat' dir='ltr'>ac</span> <span class='ocrx_word' id='word_1_610' title='bbox 1926 5401 2081 5475; x_wconf 88' lang='lat' dir='ltr'>turbidis</span> <span class='ocrx_word' id='word_1_611' title='bbox 2095 5403 2253 5488; x_wconf 90' lang='lat' dir='ltr'>lacunis,</span> <span class='ocrx_word' id='word_1_612' title='bbox 2278 5416 2313 5474; x_wconf 92' lang='lat' dir='ltr'>et</span> <span class='ocrx_word' id='word_1_613' title='bbox 2330 5400 2438 5472; x_wconf 89' lang='lat' dir='ltr'>semel</span> <span class='ocrx_word' id='word_1_614' title='bbox 2458 5414 2647 5495; x_wconf 88' lang='lat' dir='ltr'>perceptos</span> 
     </span>
     <span class='ocr_line' id='line_1_66' title="bbox 615 5502 2647 5604; baseline -0.002 -26"><span class='ocrx_word' id='word_1_615' title='bbox 615 5534 681 5580; x_wconf 93' lang='lat' dir='ltr'>nec</span> <span class='ocrx_word' id='word_1_616' title='bbox 697 5507 899 5579; x_wconf 83' lang='lat' dir='ltr'>universam</span> <span class='ocrx_word' id='word_1_617' title='bbox 914 5504 1137 5585; x_wconf 89' lang='lat' dir='ltr'>instillasset,</span> <span class='ocrx_word' id='word_1_618' title='bbox 1163 5505 1220 5573; x_wconf 87' lang='lat' dir='ltr'>vel</span> <span class='ocrx_word' id='word_1_619' title='bbox 1234 5506 1395 5579; x_wconf 85' lang='lat' dir='ltr'>faucibus</span> <span class='ocrx_word' id='word_1_620' title='bbox 1418 5511 1532 5599; x_wconf 88' lang='lat' dir='ltr'>digito</span> <span class='ocrx_word' id='word_1_621' title='bbox 1555 5511 1602 5578; x_wconf 89' lang='lat' dir='ltr'>il·</span> <span class='ocrx_word' id='word_1_622' title='bbox 1653 5525 1825 5604; x_wconf 86' lang='lat' dir='ltr'>perpetuo</span> <span class='ocrx_word' id='word_1_623' title='bbox 1849 5502 2079 5596; x_wconf 88' lang='lat' dir='ltr'>inhaesuros,</span> <span class='ocrx_word' id='word_1_624' title='bbox 2114 5529 2154 5576; x_wconf 84' lang='lat' dir='ltr'>ac</span> <span class='ocrx_word' id='word_1_625' title='bbox 2176 5504 2341 5597; x_wconf 88' lang='lat' dir='ltr'>progredi</span> <span class='ocrx_word' id='word_1_626' title='bbox 2360 5503 2564 5575; x_wconf 88' lang='lat' dir='ltr'>volentibus</span> <span class='ocrx_word' id='word_1_627' title='bbox 2585 5527 2647 5573; x_wconf 87' lang='lat' dir='ltr'>ex-</span> 
     </span>
     <span class='ocr_line' id='line_1_67' title="bbox 615 5604 2647 5704; baseline -0.005 -21"><span class='ocrx_word' id='word_1_628' title='bbox 615 5614 766 5685; x_wconf 82' lang='lat' dir='ltr'>levisset.</span> <span class='ocrx_word' id='word_1_629' title='bbox 818 5605 918 5678; x_wconf 92' lang='lat' dir='ltr'>ldem</span> <span class='ocrx_word' id='word_1_630' title='bbox 935 5605 980 5676; x_wconf 90' lang='lat' dir='ltr'>de</span> <span class='ocrx_word' id='word_1_631' title='bbox 996 5606 1127 5676; x_wconf 92' lang='lat' dir='ltr'>nostris</span> <span class='ocrx_word' id='word_1_632' title='bbox 1147 5607 1504 5703; x_wconf 62' lang='lat' dir='ltr'>auditoribusssquaeri</span> <span class='ocrx_word' id='word_1_633' title='bbox 1524 5611 1602 5682; x_wconf 90' lang='lat' dir='ltr'>iure</span> <span class='ocrx_word' id='word_1_634' title='bbox 1653 5613 1844 5704; x_wconf 89' lang='lat' dir='ltr'>peditiores</span> <span class='ocrx_word' id='word_1_635' title='bbox 1869 5633 1910 5680; x_wconf 90' lang='lat' dir='ltr'>ac</span> <span class='ocrx_word' id='word_1_636' title='bbox 1932 5609 2113 5702; x_wconf 89' lang='lat' dir='ltr'>planiores</span> <span class='ocrx_word' id='word_1_637' title='bbox 2133 5609 2250 5678; x_wconf 89' lang='lat' dir='ltr'>aditus</span> <span class='ocrx_word' id='word_1_638' title='bbox 2270 5609 2313 5677; x_wconf 91' lang='lat' dir='ltr'>ad</span> <span class='ocrx_word' id='word_1_639' title='bbox 2348 5606 2485 5703; x_wconf 89' lang='lat' dir='ltr'>reliqua</span> <span class='ocrx_word' id='word_1_640' title='bbox 2513 5604 2647 5688; x_wconf 90' lang='lat' dir='ltr'>omnia,</span> 
     </span>
     <span class='ocr_line' id='line_1_68' title="bbox 614 5709 2646 5805; baseline -0.005 -19"><span class='ocrx_word' id='word_1_641' title='bbox 614 5735 818 5805; x_wconf 90' lang='lat' dir='ltr'>possumus,</span> <span class='ocrx_word' id='word_1_642' title='bbox 843 5709 905 5804; x_wconf 93' lang='lat' dir='ltr'>qui</span> <span class='ocrx_word' id='word_1_643' title='bbox 928 5734 1009 5781; x_wconf 89' lang='lat' dir='ltr'>eum</span> <span class='ocrx_word' id='word_1_644' title='bbox 1035 5709 1199 5780; x_wconf 90' lang='lat' dir='ltr'>ordimur</span> <span class='ocrx_word' id='word_1_645' title='bbox 1218 5723 1381 5781; x_wconf 88' lang='lat' dir='ltr'>autorum</span> <span class='ocrx_word' id='word_1_646' title='bbox 1405 5713 1603 5783; x_wconf 89' lang='lat' dir='ltr'>enarratio·</span> <span class='ocrx_word' id='word_1_647' title='bbox 1653 5719 1764 5787; x_wconf 90' lang='lat' dir='ltr'>ductu</span> <span class='ocrx_word' id='word_1_648' title='bbox 1787 5710 2031 5783; x_wconf 80' lang='lat' dir='ltr'>derivatorum</span> <span class='ocrx_word' id='word_1_649' title='bbox 2055 5711 2140 5779; x_wconf 89' lang='lat' dir='ltr'>inde</span> <span class='ocrx_word' id='word_1_650' title='bbox 2161 5709 2363 5780; x_wconf 87' lang='lat' dir='ltr'>rivulorum</span> <span class='ocrx_word' id='word_1_651' title='bbox 2389 5721 2646 5780; x_wconf 88' lang='lat' dir='ltr'>commonstra-</span> 
     </span>
     <span class='ocr_line' id='line_1_69' title="bbox 615 5813 1855 5903; baseline 0.002 -16"><span class='ocrx_word' id='word_1_652' title='bbox 615 5839 716 5903; x_wconf 87' lang='lat' dir='ltr'>nem,</span> <span class='ocrx_word' id='word_1_653' title='bbox 749 5814 908 5887; x_wconf 87' lang='lat' dir='ltr'>novitate</span> <span class='ocrx_word' id='word_1_654' title='bbox 931 5813 1047 5885; x_wconf 89' lang='lat' dir='ltr'>allecti</span> <span class='ocrx_word' id='word_1_655' title='bbox 1071 5825 1259 5885; x_wconf 87' lang='lat' dir='ltr'>accurrunt</span> <span class='ocrx_word' id='word_1_656' title='bbox 1282 5813 1501 5903; x_wconf 87' lang='lat' dir='ltr'>frequentes,</span> <span class='ocrx_word' id='word_1_657' title='bbox 1539 5815 1600 5886; x_wconf 86' lang='lat' dir='ltr'>sed</span> <span class='ocrx_word' id='word_1_658' title='bbox 1624 5846 1628 5885; x_wconf 78' lang='grc' dir='ltr'><strong><em>ι</em></strong></span> <span class='ocrx_word' id='word_1_659' title='bbox 1653 5833 1752 5890; x_wconf 90' lang='lat' dir='ltr'>turos</span> <span class='ocrx_word' id='word_1_660' title='bbox 1772 5837 1855 5889; x_wconf 77' lang='lat' dir='ltr'>esse·</span> 
     </span>
    </p>
   </div>
   <div class='ocr_carea' id='block_1_6' title="bbox 0 0 3018 6775">
    <p class='ocr_par' dir='ltr' id='par_1_8' title="bbox 0 0 3018 6775">
     <span class='ocr_line' id='line_1_70' title="bbox 0 0 3018 6775; baseline 0 0"><span class='ocrx_word' id='word_1_661' title='bbox 0 0 3018 6775; x_wconf 95' lang='lat' dir='ltr'> </span> 
     </span>
    </p>
   </div>
  </div>
 </body>
</html>
