6025 6775
982 654 1081 747 53

980 787 1243 893 mentio
1284 821 1374 888 de
1416 827 1736 884 veterum
1773 800 2171 896 principum
2217 797 2429 867 rebus
2465 793 2673 885 gestis
2704 793 2782 862 in
2812 785 2946 862 hac

981 924 1304 1011 regione,
1348 911 1719 985 historiam
1751 904 2036 974 recitare
2064 900 2340 968 decrevi
2368 896 2534 967 iusti
2564 910 2632 966 et
2655 916 2975 996 magna-x

981 1024 1165 1092 mini
1220 1014 1567 1109 principis
1614 1003 1992 1088 friderici,
2044 1000 2244 1071 cuius
2287 998 2427 1068 fuit
2468 1008 2775 1066 amatre
2819 995 2946 1062 ad-

982 1136 1230 1191 morsa
1272 1139 1478 1205 gena,
1537 1108 1655 1201 qui
1701 1105 1878 1174 vixit
1916 1115 2075 1172 ante
2120 1120 2347 1170 annos
2391 1099 2535 1167 fere
2580 1106 2946 1177 trecentos,

990 1234 1063 1291 et
1103 1219 1335 1289 tenuit
1375 1212 1675 1307 primum
1725 1228 1888 1275 cum
1933 1204 2150 1272 fratre
2182 1198 2550 1292 Mysorum
2589 1197 2944 1285 regionem

997 1333 1068 1389 et
1110 1314 1453 1387 Lusatiam
1497 1308 1944 1389 inferiorem,
1992 1301 2250 1372 deinde
2294 1300 2484 1368 solus
2526 1297 2942 1385 Turingiam
2992 1359 3003 1367 Α,

1001 1433 1063 1488 ct
1087 1416 1451 1507 Mysorum
1498 1409 1879 1498 regionem.
1979 1402 2243 1490 Magna
2290 1401 2478 1469 enim
2520 1398 2815 1467 varietas
2845 1407 2947 1464 est

997 1537 1346 1587 causarum
1395 1525 1467 1581 et
1510 1522 1890 1580 eventuum
1932 1504 2011 1573 in
2055 1497 2188 1571 hac
2230 1496 2564 1576 historia,
2615 1511 2686 1567 et
2727 1496 2947 1565 multa

987 1615 1288 1686 illustria
1331 1608 1733 1683 testimonia
1777 1619 1944 1676 sunt
1985 1601 2470 1695 providentiae
2500 1598 2783 1667 divinae
2813 1620 2948 1687 pu-

984 1715 1246 1784 nientis
1274 1712 1613 1782 libidines
1639 1722 1706 1778 et
1734 1707 1871 1776 alia
1900 1706 2193 1787 scelera,
2242 1715 2312 1771 et
2338 1699 2758 1769 mirabiliter
2783 1721 2951 1788 pro-

984 1814 1282 1904 tegentis
1321 1813 1823 1900 gubernatores
1865 1804 2210 1876 iusticiam
2247 1815 2314 1872 et
2346 1824 2583 1891 pacem
2620 1813 2953 1878 amantes,

994 1917 1174 1985 sicut
1199 1915 1543 2003 scriptum
1574 1923 1710 1980 est:
1764 1906 2042 1977 lusticia
2073 1903 2340 1973 stabilit
2369 1897 2728 1971 thronum.
2790 1894 2950 1968 Etsi

989 2029 1220 2086 autem
1263 2034 1509 2084 omnes
1553 2006 1885 2081 historiae
1917 2006 2160 2077 talium
2200 2002 2673 2092 exemplorum
2706 2000 2953 2090 plenae

991 2130 1194 2196 sunt,
1247 2127 1319 2184 et
1357 2135 1562 2182 nosse
1608 2108 1948 2200 plurimas
1991 2108 2077 2175 ad
2117 2103 2668 2173 confirmandam
2702 2100 2954 2168 adsen-

990 2217 1264 2286 sionem
1303 2217 1391 2284 de
1433 2209 1872 2304 providentia
1915 2207 2089 2278 utile
2131 2216 2275 2287 cst,
2326 2216 2561 2273 tamen
2589 2199 2954 2287 diligentia

989 2318 1365 2408 praecipue
1404 2314 1618 2403 digna
1666 2322 1769 2382 est
1811 2306 2176 2391 studiosis,
2226 2327 2430 2374 nosse
2462 2323 2573 2371 res
2605 2298 2861 2389 patrias
2889 2310 2958 2368 et

991 2417 1424 2487 domesticas.
1787 2448 1791 2452 ·

1199 2547 1417 2621 Extat
1457 2559 1688 2616 autem
1731 2545 1868 2615 alia
1912 2540 2139 2613 oratio
2183 2537 2324 2605 viri
2368 2532 2754 2604 doctissimi
2801 2530 2954 2603 Ho-

993 2650 1177 2719 milii
1226 2648 1429 2717 amici
1459 2648 1635 2726 mei,
1690 2647 1765 2714 in
1800 2667 1936 2736 qua
1971 2631 2301 2728 descripti
2334 2648 2497 2706 sunt
2526 2636 2694 2705 fines
2726 2635 2956 2723 regio-

994 2751 1109 2819 nis
1151 2748 1522 2843 Mysorum
1575 2746 1833 2815 inclusi
1891 2738 2284 2828 triangulo,
2345 2749 2415 2808 et
2453 2759 2634 2828 pene
2679 2734 2957 2806 Scaleni

992 2852 1254 2939 figurae
1300 2850 1486 2920 inter
1516 2842 1764 2915 Albim
1797 2856 1867 2913 et
1894 2842 2159 2911 flumen
2192 2838 2429 2908 Picam
2450 2891 2471 2921 ,
2520 2859 2823 2929 quorum
2852 2835 2960 2902 la-

991 2967 1218 3022 terum
1264 2952 1454 3019 basis
1497 2959 1601 3014 est
1656 2944 1818 3033 iuga
1859 2940 2209 3013 montium
2260 2939 2634 3010 Sudetum.
2754 2932 2841 3003 In
2881 2955 2958 3001 ea

989 3052 1277 3140 regione
1310 3045 1672 3136 Principes
1709 3057 1874 3115 sunt
1901 3043 2043 3113 iam
2083 3041 2230 3111 fere
2277 3040 2699 3132 quingentos
2733 3056 2961 3104 annos

988 3150 1202 3222 titulo
1257 3143 1761 3217 Marchionum
1820 3143 2130 3236 Mysiae,
2193 3140 2330 3210 orti
2385 3163 2426 3207 a
2476 3136 2961 3219 widekindo,

990 3250 1123 3339 qui
1149 3246 1325 3314 belli
1352 3243 1681 3311 Saxonici
1706 3244 2039 3307 adversus
2063 3238 2401 3307 Carolum
2428 3234 2782 3302 Francum
2797 3234 2962 3302 Dux

990 3344 1173 3426 fuit,
1223 3354 1295 3411 et
1336 3337 1575 3430 agnati
1616 3335 2164 3406 clarissimorum
2206 3332 2718 3423 Imperatorum
2757 3329 2962 3400 Hen-

987 3443 1128 3514 rici
1157 3437 1474 3530 Aucupis
1507 3451 1577 3508 et
1605 3437 1822 3508 trium
1852 3432 2232 3506 Ottonum.

1193 3566 1306 3641 Ex
1353 3594 1433 3640 ea
1479 3570 1694 3661 stirpe
1745 3581 1950 3636 natus
1995 3575 2099 3630 est
2141 3572 2306 3627 ante
2346 3572 2571 3624 an'nos
2614 3568 2960 3624 trecentos
3004 3618 3020 3630 ,,

987 3672 1383 3755 Henricus,
1450 3670 1674 3738 iustus
1713 3677 1779 3734 et
1825 3673 2075 3754 potens
2102 3656 2479 3746 Princeps,
2540 3652 2664 3747 qui
2708 3652 2958 3748 Myso-

992 3799 1154 3846 rum
1215 3772 1570 3861 regionem
1591 3819 1614 3850 ,
1674 3761 2035 3834 Lusatiam
2101 3757 2506 3826 inferiorem
2571 3766 2641 3823 et
2688 3751 2960 3823 Turin-

993 3876 1178 3968 giam
1218 3870 1468 3945 tenuit.
1567 3864 1783 3935 Hunc
1808 3860 1989 3933 tanti
2031 3857 2194 3929 fecit
2223 3855 2616 3947 Imperator
2641 3851 2962 3924 Frideri-

950 4037 955 4040 .
995 4000 1120 4048 cus
1177 3972 1578 4053 Secundus,
1637 3979 1720 4036 ut
1778 3962 1926 4033 eius
1979 3958 2129 4029 filio
2177 3954 2473 4027 Alberto
2513 3952 2959 4043 Landgravio

993 4074 1383 4164 Turingiae
1414 4067 1691 4141 dederit
1716 4063 1932 4133 filiam
1958 4057 2445 4146 Margaritam.
2544 4052 2680 4125 Sed
2705 4051 2964 4125 Alber-

995 4192 1111 4250 tus
1154 4199 1304 4246 non
1342 4187 1446 4244 est
1485 4169 1802 4239 imitatus
1844 4175 2208 4254 paternam
2249 4157 2606 4226 virtutem.
2713 4152 2965 4243 Quan-

997 4301 1212 4373 quam
1268 4274 1456 4344 enim
1502 4270 1802 4341 Alberto
1859 4287 1944 4333 ex
1998 4258 2438 4329 nobilissima
2481 4255 2778 4344 coniuge
2819 4257 2965 4325 duo

998 4378 1131 4450 filii
1170 4376 1322 4448 nati
1361 4385 1596 4456 erant,
1641 4363 2050 4438 Fridericus
2082 4373 2153 4432 et
2176 4359 2680 4440 Dietmannus,
2729 4369 2966 4427 tamen

999 4493 1231 4573 spreta
1286 4474 1583 4562 coniuge
1640 4469 1898 4561 pudica
1957 4476 2027 4533 et
2064 4475 2285 4530 matre
2325 4453 2965 4551 pulcherrimorum

997 4581 1352 4663 filiorum,
1415 4569 1674 4645 exarsit
1729 4588 1970 4638 amore
2019 4574 2216 4633 tanto
2261 4559 2567 4651 pellicis,
2626 4572 2710 4629 ut
2755 4559 2965 4628 etiam

1001 4683 1262 4754 odisset
1302 4677 1712 4765 coniugem,
1775 4681 1843 4738 et
1886 4666 2037 4736 eius
2081 4663 2264 4732 vitae
2308 4661 2604 4730 insidias
2649 4672 2967 4732 strueret.

1001 4781 1111 4854 Ac
1153 4781 1435 4855 tandem
1471 4777 1761 4846 adortus
1791 4767 2191 4839 Mulionem
2216 4816 2238 4848 ,
2287 4761 2411 4856 qui
2456 4761 2809 4831 mularum
2844 4783 2981 4849 cu-¹

1011 4896 1156 4950 stos
1206 4894 1352 4951 erat
1390 4872 1803 4947 vehentium
1850 4890 2101 4962 aquam
2147 4865 2227 4933 in
2271 4886 2500 4931 arcem
2548 4861 2970 4931 lsennacen-

1009 5002 1162 5051 sem
1184 5031 1206 5062 ‚
1247 4980 1422 5067 petit
1445 4980 1534 5048 ab
1563 5002 1643 5047 eo
1670 4987 1750 5046 ut
1779 4966 2154 5041 interficiat
2181 4963 2546 5053 coniugem
2578 4962 2797 5030 filiam'
2824 4959 2970 5030 Im·-

1002 5077 1381 5176 peratoris.
1469 5077 1803 5147 Nondum
1839 5071 2030 5143 enim
2063 5065 2440 5137 Germanis
2470 5087 2739 5132 venena
2774 5076 2973 5133 erant
3016 5069 3019 5112 ἰ

1004 5194 1209 5255 nota.
1314 5174 1545 5246 Mulio
1583 5191 1899 5246 metuens
1939 5194 2032 5241 ne
2074 5167 2133 5238 si
2168 5177 2567 5250 recusaret,
2623 5163 2973 5234 interfice-

1004 5296 1208 5356 retur
1250 5279 1446 5371 ipse,
1496 5297 1585 5342 ne
1619 5269 1828 5346 buius
1858 5269 2136 5345 consilii
2168 5268 2353 5336 fama
2388 5279 2865 5358 spargeretur,
2912 5262 2975 5334 si

1008 5383 1239 5454 mulat
1265 5403 1338 5450 se
1367 5373 1694 5466 Principi
1722 5376 2355 5465 obtemperaturum
2383 5391 2554 5441 esse.

1210 5515 1490 5590 Deinde
1535 5535 1613 5582 re
1648 5506 1998 5600 sapienter
2034 5503 2331 5592 cogitata
2373 5501 2567 5573 venit
2600 5499 2687 5570 ad
2725 5497 2978 5569 Domi-

1013 5643 1179 5691 nam
1196 5671 1220 5705 ,
1266 5641 1347 5687 ac
1383 5612 1632 5706 petivit
1677 5609 1741 5680 si
1784 5603 2021 5678 audiri
2048 5604 2315 5695 abipsa
2332 5656 2354 5689 ,
2401 5616 2472 5673 et
2502 5600 2744 5695 paucis
2777 5623 2980 5692 prae-

1013 5722 1225 5813 cipue
1287 5713 1685 5788 nobilitatis
1748 5705 1969 5796 viris,
2037 5726 2341 5799 quorum
2396 5705 2568 5777 fides
2627 5699 2980 5776 Dominae

1862 625 2190 705 DECL.
2266 620 2416 698 DE
2481 615 3144 698 FRIDERICO
3210 613 3721 696 LANDGR.
3780 546 4125 699 THUR.

4909 626 5010 704 54

3049 791 3488 883 probaretur.
3584 784 3898 882 Exponit
3920 806 4118 883 pacta
4148 818 4309 865 cum
4341 792 4690 883 Domine,
4736 821 4816 869 ac
4839 824 5012 870 nar-

3049 905 3158 961 rat
3200 914 3273 961 se
3308 915 3389 960 eo
3424 891 3824 982 promisisse
3866 892 4212 964 facturum
4245 890 4431 966 hanc
4459 900 4740 967 caedem
4762 951 4783 983 ,
4831 914 4913 971 ut
4944 914 5014 971 et

3049 989 3396 1062 Dominae
3446 1003 3513 1060 et
3564 1012 3726 1059 suae
3766 992 3949 1060 vitae
3990 996 4419 1081 consuleret,
4488 1000 4653 1091 quia
4703 1000 4762 1068 si
4806 1024 5011 1071 recu-

3053 1106 3300 1177 sasset,
3348 1091 3701 1185 quaesitus
3733 1105 3906 1159 esset
3940 1095 4118 1164 alius
4143 1097 4507 1186 parricidii
4540 1100 4892 1186 minister,
4941 1114 5011 1171 et

3053 1197 3198 1286 ipse
3231 1204 3517 1283 necatus
3552 1204 3746 1261 essct.
3844 1189 4097 1263 Narrat
4134 1208 4204 1265 et
4234 1197 4371 1267 alia
4400 1222 4578 1290 quae
4611 1201 4820 1269 fidem
4849 1225 5013 1271 ora-
5053 1266 5062 1278 ,

3053 1295 3232 1365 tioni
3277 1293 3583 1371 faciunt,
3637 1316 3715 1360 ac
3760 1290 3954 1360 iubet
4002 1293 4387 1365 deliberare
4426 1296 4807 1370 Dominam
4850 1324 5012 1371 cum

3053 1398 3237 1481 suis,
3304 1393 3664 1486 quomodo
3722 1415 3889 1460 suae
3943 1391 4129 1461 vitae
4190 1398 4694 1469 consulendum
4749 1403 4873 1486 sit,
4936 1425 5012 1471 se

3053 1497 3192 1565 iam
3222 1497 3384 1583 fuga
3417 1493 3621 1562 facile
3651 1515 4021 1563 evasurum
4042 1497 4198 1562 'esse
4228 1497 4642 1582 periculum.

3255 1641 3365 1713 Re
3406 1642 3788 1711 deliberata
3823 1641 4204 1730 prudentes
4234 1654 4304 1712 et
4332 1640 4568 1713 fideles
4602 1647 4846 1733 amici,
4890 1651 5016 1742 qui

3057 1743 3458 1834 Principem
3484 1744 3718 1811 furere
3747 1743 3911 1811 odio
3938 1754 4006 1810 et
4033 1742 4289 1809 scelere
4317 1741 4671 1829 videbant,
4719 1752 5018 1820 suadent

3057 1859 3134 1915 ut
3174 1842 3483 1914 Domina
3543 1841 3802 1931 fugiat,
3865 1841 4217 1910 adiunctis
4270 1841 4508 1932 paucis
4566 1850 4902 1917 matronis
4950 1864 5020 1918 et

3057 1943 3357 2015 ancillis.
3458 1939 3616 2011 Etsi
3658 1942 3783 2011 diu
3827 1941 4306 2030 refragabatur
4332 1940 4677 2029 Domina,
4729 1972 4905 2039 quae
4943 1949 5021 2018 in

3061 2044 3428 2134 complexu
3481 2041 3789 2110 filiorum
3840 2042 4021 2109 mori
4066 2043 4407 2126 malebat,
4473 2069 4681 2135 quam
4732 2050 5021 2117 desertis

3061 2146 3230 2237 ipsis
3274 2143 3542 2212 diutius
3586 2164 3733 2210 esse
3780 2154 4161 2230 superstes,
4211 2156 4447 2212 tamen
4494 2144 4817 2216 fidelibus
4852 2173 5023 2217 con-

3061 2246 3237 2315 siliis
3281 2244 3565 2315 tandem
3607 2243 4071 2332 obtemperat.
4166 2238 4399 2310 Locus
4437 2240 4669 2315 adhuc
4710 2249 5025 2318 ostendi-

3065 2361 3179 2416 tur
3215 2345 3291 2414 in
3339 2366 3497 2414 arce
3528 2341 4016 2425 Isennacensi,
4066 2342 4192 2410 ubi
4233 2365 4378 2410 non
4424 2358 4525 2415 est
4567 2370 4820 2436 magna
4858 2348 5026 2419 alti-

3061 2449 3231 2519 tudo
3278 2469 3318 2515 a
3361 2444 3650 2535 scopulo
3692 2454 3883 2511 extra
3928 2455 4156 2511 arcem
4191 2443 4279 2510 ad
4312 2444 4722 2532 fenestram,
4772 2473 4852 2518 ex
4885 2473 5027 2542 qua

3061 2549 3349 2617 funibus
3381 2542 3693 2613 Domina
3738 2566 3899 2611 cum
3948 2541 4262 2635 quinque
4307 2545 4680 2614 comitibus
4726 2550 5027 2619 demissa

3063 2663 3184 2722 est.
3277 2644 3499 2716 Nocte
3526 2657 3757 2714 autem
3787 2665 3947 2711 cum
3973 2642 4113 2711 iam
4141 2644 4522 2733 migratura
4552 2661 4748 2729 esset,
4795 2650 5029 2741 prius-

3004 2797 3005 2817 1
3065 2772 3273 2841 quam
3301 2770 3339 2815 a
3372 2746 3537 2815 filiis
3568 2744 3987 2828 discederet,
4038 2744 4364 2814 adsidens
4394 2747 4482 2814 ad
4518 2748 4807 2819 lectulos
4842 2749 5029 2819 fitio-

3041 2871 3262 2927 ,rum,
3312 2858 3379 2914 et
3426 2845 3887 2916 calamitatem
3935 2866 4132 2913 suam
4177 2848 4591 2936 deplorans,
4640 2874 4799 2919 cum
4836 2850 5032 2920 Con-

3065 2943 3371 3015 siliarius
3405 2964 3615 3011 senex
3647 2956 3715 3009 et
3741 2957 4100 3012 matronae
4126 2947 4580 3015 comitaturae
4615 2972 4807 3033 eam,
4855 2944 5030 3019 hor-

3069 3056 3425 3127 tarentur,
3475 3051 3556 3111 ut
3585 3053 4024 3129 properaret,
4072 3044 4358 3110 tandem
4390 3046 4814 3117 valedictura
4845 3050 5033 3132 filiis,

3069 3145 3505 3217 Fridericum
3552 3151 3726 3209 natu
3771 3135 4147 3214 maiorem,
4198 3137 4578 3230 lachrymis
4626 3158 4692 3210 et
4740 3147 5033 3230 eiulatu,

3069 3243 3369 3315 materni
3427 3237 3695 3308 doloris
3750 3235 4308 3323 magnitudinem
4366 3240 4776 3327 ostendens,
4838 3267 5035 3312 com-

3069 3341 3432 3433 plectitur,
3483 3359 3687 3428 saepe
3712 3336 3929 3425 figens
3958 3336 4193 3404 oscula
4223 3336 4299 3404 in
4330 3338 4529 3426 genis
4553 3355 4620 3412 et
4647 3341 4724 3410 in
4755 3355 5033 3434 pectore

3069 3443 3222 3514 filii.
3354 3439 3718 3508 Postremo
3788 3435 4102 3506 mirabili
4163 3436 4644 3512 animi-motu
4704 3443 5035 3517 dentibus

3065 3540 3344 3608 mordet
3372 3559 3619 3628 genam
3646 3535 3801 3610 filii.

3267 3686 3456 3758 Puer
3498 3687 3791 3757 vulnere
3834 3687 4018 3758 facto
4061 3688 4326 3759 eiulare
4371 3689 4642 3782 incipit.
4763 3690 5036 3767 Accur-

3069 3803 3235 3861 runt
3278 3789 3495 3878 igitur
3536 3801 3935 3873 matronae,
3988 3801 4056 3858 et
4096 3812 4396 3879 puerum
4446 3793 4653 3861 matri
4691 3818 4770 3863 ex
4802 3797 5035 3866 mani-

3069 3892 3201 3961 bus
3260 3889 3609 3980 eripiunt,
3673 3903 4062 3961 metuentes
4116 3913 4208 3958 ne
4258 3891 4468 3960 dolor
4516 3915 4668 3962 eam
4716 3895 5037 3986 impellat

3069 3994 3157 4062 ad
3202 3991 3516 4062 sobolem
3560 3989 4154 4071 interficiendam,
4202 4002 4270 4060 et
4307 4016 4594 4085 quoquo
4628 3997 4841 4065 modo
4871 4021 5037 4088 pos-

3069 4106 3274 4175 sunt,
3323 4114 3360 4158 e
3405 4088 3732 4159 cubiculo
3769 4114 3922 4159 eam
3955 4090 4342 4160 abducunt.
4445 4091 4574 4162 Illa
4611 4119 4758 4165 non
4792 4097 5035 4186 ignara

3069 4192 3240 4284 quid
3272 4191 3581 4270 fecisset,
3628 4189 3893 4279 inquit:
3946 4186 4072 4256 Me
4106 4213 4194 4256 ne
4227 4191 4400 4259 adeo
4433 4192 4725 4263 ferream
4756 4199 5037 4287 putatis,

3071 4305 3152 4362 ut
3192 4314 3233 4359 a
3278 4284 3778 4380 pulcherrimis
3822 4301 3890 4359 et
3932 4288 4310 4358 carissimis
4357 4290 4519 4360 filiis
4564 4294 4719 4361 sine
4763 4296 5037 4385 ingenti

3070 4393 3317 4463 dolore
3374 4390 3454 4457 in
3507 4387 3796 4457 exilium
3855 4389 4051 4458 abire
4112 4389 4397 4480 possim.
4495 4390 4789 4461 Nullum
4853 4397 5037 4466 vitae

3070 4491 3465 4584 periculum
3511 4500 3615 4557 est
3654 4511 3813 4557 meo
3858 4489 4003 4558 filio
4050 4513 4133 4558 ex
4178 4484 4313 4560 hoc
4356 4490 4685 4571 vulnere,
4736 4497 4856 4564 sed
4900 4497 5035 4587 ipsi

3021 4650 3024 4656 y
3071 4607 3313 4664 notam
3368 4588 3507 4658 mei
3564 4589 3822 4657 summi
3864 4590 4129 4658 doloris
4178 4590 4533 4680 impressi,
4600 4594 4792 4663 utin
4841 4598 5038 4666 omni

3073 4695 3217 4765 vita
3251 4715 3526 4760 memor
3552 4690 3644 4760 sit
3679 4703 3748 4760 et
3776 4690 3917 4758 mei
3945 4713 4105 4780 erga
4142 4690 4372 4780 ipsum
4403 4693 4700 4777 amoris,
4751 4708 4820 4764 et
4851 4698 5037 4765 cala-

3074 4795 3338 4865 mitatis
3376 4814 3594 4864 meae.
3695 4787 4081 4861 Discedens
4122 4806 4355 4860 autem
4400 4815 4649 4882 precor
4684 4789 4914 4865 Deum
4957 4799 5036 4866 in

3076 4892 3210 4965 boc
3250 4917 3527 4965 summo
3570 4890 3855 4975 dolore,
3908 4892 4029 4983 qui
4083 4903 4152 4960 et
4187 4886 4313 4959 has
4361 4889 4680 4990 στοργὰς
4724 4891 5039 4968 honestis

3077 4996 3485 5088 parentibus
3532 4991 3836 5073 indidit,
3880 5004 3950 5059 et
3994 4992 4318 5062 adfirmat
4361 5015 4432 5062 se
4474 4994 4772 5081 gemitus
4815 5011 4884 5067 et
4929 4998 5040 5068 la-

3075 5092 3400 5190 chrymas
3444 5094 3792 5162 iustorum
3842 5092 4208 5172 exaudire,
4258 5105 4326 5162 et
4362 5105 4591 5161 custos
4634 5107 4735 5164 est
4779 5093 5040 5190 orpha-

3076 5220 3372 5275 norum,
3417 5206 3502 5263 ut
3540 5186 3672 5261 hos
3718 5212 3910 5259 meos
3956 5187 4317 5282 orphanos
4362 5206 4588 5262 servet
4634 5194 5044 5283 incolumes,

3078 5312 3148 5369 et
3191 5298 3574 5386 gubernet,
3622 5314 3928 5385 quorum
3967 5291 4279 5382 pericula
4313 5293 4538 5384 cogito
4572 5317 4719 5364 non
4754 5298 4905 5368 fore
4936 5300 5043 5368 le-

3076 5399 3276 5469 viora
3344 5395 3570 5468 meis..
3672 5389 4069 5462 Malueram
4126 5391 4361 5488 itaque
4422 5388 4538 5462 hic
4595 5396 4683 5465 ad
4749 5398 5043 5468 lectulos

3078 5524 3322 5570 eorum
3392 5491 3767 5577 trucidari,
3849 5517 4063 5585 quam
4134 5493 4226 5564 ab
4285 5492 4385 5562 eis
4437 5492 4599 5563 viva
4660 5496 5039 5565 discedere.

3078 5599 3274 5671 Haec
3325 5596 3860 5679 vociferantem,
3931 5593 4004 5664 vi
4050 5586 4470 5665 abstrahunt
4519 5608 4875 5665 matronae
4918 5615 5040 5660 co-

3057 5686 3288 5777 ‘mites
3306 5753 3333 5788 ,
3376 5712 3448 5774 et
3476 5720 3561 5772 ex
3588 5693 4326 5863 fenestra4d5mittunt.
