6025 6775
491 658 568 741 oss
1138 642 1399 722 errrorem
1431 636 1879 719 uuuonruoots.
2336 601 2341 612 '
2451 661 2533 740 ὅ...

494 827 676 933 (LXIX.)
720 831 782 903 Do
804 824 868 902 lois
888 817 1205 921 propositionibus
1223 820 1305 894 Deo
1326 814 1513 948 insonte!
1586 812 1729 888 Psalmo
1751 814 1827 890 dt:
1868 814 1969 890 Deati
1996 818 2059 917 qui
2080 814 2244 897 habitant
2271 803 2439 922 in'domo
2460 844 2521 907 tna

477 917 1080 1030 ¹respondebuntitenereodiviri
1105 920 1485 997 Poolusldbersss
1532 913 1698 990 Domine.
1819 981 1821 986 .
2257 955 2260 962 ·
2407 925 2421 962 ⁵

492 1035 775 1134 Kittingensis,
808 1039 943 1108 Pastor
963 1028 1154 1100 Ecclesiae
1175 1027 1253 1098 Dei
1279 1029 1321 1097 io
1347 1023 1482 1118 oppido
1581 1015 1713 1096 Psalm.
1742 1019 1823 1095 DL:
1878 1018 2033 1094 Plantati
2069 1024 2108 1095 in
2123 1024 2131 1111 Τ
2146 1028 2254 1099 domo
2291 1029 2447 1105 Domini
2481 1034 2520 1105 in

498 1138 733 1234 'mewa’
759 1126 1013 1215 emmim,
1040 1134 1266 1201 gramm
1291 1131 1482 1216 Lautus,
1532 1119 1631 1191 atriis
1645 1122 1772 1194 domus
1788 1122 1858 1193 Dei
1875 1125 1986 1195 nostri
2003 1125 2194 1205 florebunt.

494 1221 554 1316 Μ.
576 1238 813 1313 lolsnaoes
844 1236 897 1306 Co
904 1233 1099 1330 geleatos
1132 1226 1481 1324 Qrsedeldurgensis,
1582 1225 1619 1294 2·
1636 1218 1800 1299 Corinth.
1823 1224 1876 1299 6.:
1924 1224 1978 1297 Ne
2016 1224 2264 1304 distrahamini
2301 1234 2520 1315 indiverso

495 1349 532 1416 n
561 1345 615 1416 or.
641 1338 816 1412 raetos
840 1336 1046 1409 cretosus
1069 1329 1306 1418 ruossano,
1331 1333 1407 1402 nto
1424 1334 1482 1402 os·
1531 1322 1611 1415 toga
1628 1327 1923 1416 saugonnae·

581 1447 710 1515 maimo
728 1446 856 1511 oesooo
872 1432 1105 1509 Novembris.
1154 1435 1260 1506 Anao
1279 1429 1393 1508 1559.
1585 1422 1784 1502 100rlnlh·
1800 1428 1875 1498 1⁰*
1903 1425 2028 1518 Fugite
2042 1429 2149 1504 3⁶⁰¹&

1031 1600 1041 1621 ⁸
1072 1599 1082 1621 ·
1634 1523 1671 1601 5.
1710 1527 1784 1600 Nec
1809 1530 1997 1623 ¹loquimur
2027 1535 2072 1604 de
2093 1531 2271 1628 Ecclesia,
2304 1544 2412 1616 utde
2436 1547 2517 1620 idea

847 1603 1125 1701 Propoetilo·
1530 1624 1734 1715 Platonica,
1766 1633 1827 1701 sed
1854 1632 2032 1704 visibilem
2054 1630 2248 1710 Ecclesiam
2271 1646 2395 1738 quaeri
2413 1651 2519 1722 volu-

493 1731 695 1832 Ρωιρεείο,
723 1764 813 1835 qnae
834 1737 1043 1808 nominatur
1060 1729 1306 1825 Apostolicum
1323 1727 1481 1825 Symbo-
1531 1750 1630 1818 mus,
1662 1729 1821 1823 quaein
1853 1726 1919 1814 hac
1946 1735 2017 1805 vita
2043 1751 2095 1810 est
2120 1739 2270 1814 visibilis
2293 1751 2517 1841 congregatio

492 1848 587 1925 lum,
611 1839 904 1914 commonefactio
927 1850 979 1907 εει
1000 1837 1046 1907 ad
1068 1833 1326 1905 confirmandas
1343 1845 1378 1902 et
1393 1855 1479 1900 con·
1531 1829 1694 1900 omnium
1720 1830 2007 1922 amplectentium
2026 1833 2214 1931 Evangelii
2237 1844 2436 1920 doctrinam
2459 1851 2518 1923 in-

493 1946 658 2018 solandas
674 1943 749 2034 pias
764 1937 1111 2011 mentesntilissima.
1163 1934 1212 2007 Ut
1222 1947 1339 2005 autem
1352 1934 1390 2002 in
1401 1933 1481 2003 aliis
1532 1944 1754 2023 corruptam,
1786 1946 1822 2003 et
1847 1933 2044 2020 legitimum
2065 1963 2169 2011 usum
2194 1941 2516 2039 sacramentorum,

492 2045 653 2126 articulis
677 2043 767 2112 aliae
787 2038 1143 2111 commonefactiones
1163 2036 1365 2128 propositae
1388 2047 1481 2117 sunt,
1531 2033 1572 2102 in
1601 2056 1670 2126 qua
1697 2032 1966 2124 congregatione
1993 2036 2087 2107 filius
2108 2036 2177 2111 Dei
2207 2057 2258 2115 est
2288 2047 2409 2121 efficax
2432 2077 2517 2124 voce

493 2151 544 2221 ita
574 2145 613 2216 in
643 2139 712 2215 hoc
739 2143 905 2214 articulo:
943 2138 1060 2211 Credo
1086 2161 1160 2209 esse
1181 2134 1376 2208 Ecclesiam
1398 2158 1480 2204 san·
1531 2133 1734 2224 Evangelii,
1759 2148 1794 2205 et
1806 2133 1937 2205 multos
1951 2153 2150 2227 regenerat,
2175 2155 2211 2213 et
2222 2139 2391 2220 haeredes
2405 2167 2519 2225 aeter·

494 2264 586 2321 ctam
607 2242 836 2330 catholicam,
867 2238 1078 2313 asseveratio
1102 2254 1153 2311 est
1175 2237 1335 2330 opposita
1357 2235 1480 2308 multis
1532 2256 1599 2305 nae
1622 2235 1745 2307 salutis
1767 2235 1891 2320 elficit,
1916 2236 1980 2308 etsi
2000 2238 2107 2310 simul
2128 2240 2167 2311 in
2189 2236 2255 2317 hac
2274 2249 2408 2321 visibili
2431 2279 2519 2327 con·

494 2347 730 2422 horribilibus
751 2343 942 2430 scandalis,
965 2365 1054 2437 quae
1074 2336 1221 2412 turhant
1234 2334 1415 2418 homines,
1440 2352 1481 2408 nt
1531 2336 1731 2425 gregatione
1754 2337 1963 2407 multisunt
1986 2362 2061 2409 non
2082 2343 2213 2430 sancti,
2239 2349 2301 2417 sed
2317 2362 2434 2423 umen
2453 2358 2521 2429 do-

494 2431 679 2529 dnbitent,
709 2470 755 2518 an
777 2446 824 2517 sit
845 2442 974 2539 aliquis
996 2455 1117 2512 coetus
1137 2441 1213 2512 Deo
1236 2439 1395 2531 placens,
1423 2438 1480 2508 di·
1532 2438 1683 2509 ctrinam
1697 2440 1843 2508 eandem
1856 2439 2073 2530 prolitentes.
2124 2440 2222 2516 Haec
2230 2449 2421 2545 descriptio
2432 2481 2521 2530 con-

495 2553 646 2625 sanctus
674 2571 694 2618 a
720 2546 864 2618 caeteris
895 2541 1119 2627 hominibus,
1151 2555 1185 2612 et
1209 2539 1272 2611 ubi
1293 2553 1327 2610 et
1349 2540 1388 2608 in
1410 2560 1479 2632 qna
1532 2537 1627 2627 groit
1661 2541 1707 2609 ad
1744 2538 2014 2623 similitudines,
2064 2539 2193 2618 Matth.
2216 2548 2277 2627 18.
2310 2554 2355 2625 de
2390 2576 2519 2649 sagena

494 2664 600 2745 porte
619 2648 755 2744 generis
776 2643 925 2720 humani
947 2646 994 2717 sit
1013 2643 1106 2716 illud
1125 2664 1250 2733 agmen
1272 2637 1385 2713 aDeo
1407 2641 1480 2711 ele·
1531 2638 1638 2710 missa
1652 2639 1691 2709 in
1705 2664 1803 2713 mare
1818 2653 1884 2717 etc.

493 2766 603 2827 cmm‘
1357 2797 1362 2812 ,
1630 2740 1668 2813 6.
1700 2740 1795 2813 Sunt
1818 2755 1852 2813 et
1873 2744 1977 2814 valde
1999 2745 2102 2817 multi
2126 2747 2278 2839 infirmi,
2303 2758 2366 2850 qni
2384 2754 2519 2837 hahent

594 2855 633 2928 2.
668 2849 712 2923 Io
734 2847 843 2925 tantis
863 2845 1133 2930 confusionibus
1147 2840 1334 2916 homiuum
1350 2854 1385 2914 ct
1399 2840 1503 2932 opi·‘
1531 2843 1693 2932 contagia
1720 2865 1899 2928 errorum,
1931 2846 1992 2915 sed
2024 2861 2143 2918 tamen
2167 2867 2249 2923 sunt
2272 2856 2421 2944 dociles,
2453 2887 2518 2932 nec

495 2941 665 3040 uionuni,
692 2968 727 3026 et
750 2978 832 3024 cum
852 2951 985 3044 ubique
1007 2947 1139 3018 similia
1161 2945 1272 3026 vicia,
1298 2957 1334 3016 et
1353 2943 1480 3013 similis
1532 2940 1758 3034 pertinaciter
1779 2944 1976 3018 defendunt
1991 2946 2088 3018 idola
2102 2961 2164 3020 ant
2179 2974 2305 3041 pravas
2320 2958 2519 3050 opiniones,

495 3059 658 3140 somme
689 3055 840 3140 varietus
869 3052 933 3136 sit,
964 3049 1147 3142 disputant
1171 3045 1292 3132 multi,
1324 3044 1481 3115 fortassis
1532 3055 1726 3116 evertentes
1740 3044 2023 3120 fundamentum.
2061 3045 2146 3119 Ideo
2161 3052 2308 3125 dicitur:
2332 3057 2518 3133 Infirmum

496 3178 618 3229 omnes
636 3156 769 3252 pariter
786 3178 868 3225 casu
883 3149 980 3222 nasci
996 3164 1030 3222 et
1044 3150 1220 3236 occidere,
1243 3163 1279 3222 et
1294 3146 1480 3241 opiniones
1532 3147 1570 3215 in
1590 3146 1659 3216 lide
1681 3144 1874 3232 adsumite,
1905 3171 1952 3220 ne
1977 3148 2139 3223 turbatus
2159 3151 2332 3228 obruatur
2353 3159 2520 3237 fluctibus

495 3271 732 3342 summussos
745 3271 780 3331 et
794 3268 951 3348 receptas
967 3275 1050 3324 esse.
1533 3247 1808 3323 dubitationum.

599 3357 637 3438 d.
666 3355 805 3451 Deinde
826 3358 864 3428 in
887 3380 929 3427 eo
944 3355 1021 3449 ipso
1036 3365 1157 3442 coetu,
1181 3344 1481 3449 quiChristianus
1635 3346 1671 3423 7.
1702 3346 2005 3424 Hac-definitione
2016 3346 2196 3430 Ecclesiae
2211 3360 2419 3454 constituta,
2442 3392 2520 3441 ma-

496 3458 722 3548 nominatur,
752 3472 926 3557 qnantum
960 3481 1099 3552 semper
1130 3456 1217 3539 luit,
1247 3467 1318 3538 est,
1349 3464 1384 3523 et
1415 3450 1483 3522 erit
1534 3451 1700 3524 nisestum
1732 3464 1804 3535 est,
1836 3454 1975 3525 excludi
2004 3479 2128 3530 omnes
2151 3454 2315 3535 homines
2335 3480 2371 3539 et
2394 3493 2519 3542 omnes

494 3558 729 3635 horribilium
750 3559 1037 3640 distractionum,
1060 3557 1225 3629 odiorum
1247 3569 1281 3629 et
1296 3551 1483 3625 surorum?
1535 3567 1671 3637 coetus,
1703 3553 1908 3649 ubicunque
1934 3572 2038 3642 sunt,
2070 3559 2134 3652 qui
2154 3564 2366 3653 profitentur
2385 3570 2522 3643 doctri·

498 3662 628 3737 Smin,
648 3669 727 3755 pust
741 3657 950 3753 Apostolos,
976 3684 1081 3755 quam
1105 3668 1326 3750 portentosae
1342 3653 1483 3745 opinio·
1534 3678 1618 3725 nam
1645 3667 1861 3747 pugnantem
1891 3680 1971 3727 cum
2000 3657 2252 3752 fundamento,
2288 3669 2327 3738 id
2353 3684 2423 3765 est,
2455 3674 2521 3768 qui

499 3785 563 3834 nes
587 3775 730 3855 vagatae
752 3760 859 3833 sunt?
918 3760 1062 3833 Praeter
1083 3756 1256 3834 Ethnicos
1278 3771 1312 3828 et
1335 3754 1483 3827 ludaeos
1534 3770 1597 3828 aut
1614 3756 1730 3851 palam
1755 3756 1929 3830 abiiciunt
1949 3760 2078 3851 scripta
2101 3758 2309 3857 prophetica
2328 3783 2364 3842 et
2378 3789 2522 3867 aposto-

496 3850 863 3954 lueruntEbionitae,
887 3861 1083 3934 Marcionis
1097 3862 1286 3945 colluvies,
1310 3858 1483 3929 obscoena
1536 3859 1625 3944 lica,
1647 3872 1682 3931 et
1694 3858 1876 3952 symbola,
1902 3874 1964 3932 ant
1978 3857 2145 3948 Ethnici,
2171 3864 2368 3962 blasphemi
2387 3872 2523 3959 Iudaei,

497 3966 603 4038 lartio
623 3962 865 4061 carpocratis,
894 3977 930 4036 et
959 3965 1020 4035 alii
1040 3964 1158 4035 multi.
1223 3960 1351 4032 Postea
1372 3958 1484 4049 magis
1536 3954 1825 4046 Mahometistae,
1850 3973 1884 4031 et
1907 3960 2060 4048 similes,
2083 3980 2145 4038 aut
2167 3990 2248 4039 cum
2264 3970 2379 4044 videri
2395 3977 2521 4048 volunt

499 4068 706 4141 distructum
733 4079 786 4141 est
816 4087 927 4159 genus
956 4060 1154 4137 humanum
1183 4060 1222 4132 in
1251 4060 1485 4145 samosateni,
1536 4061 1700 4152 amplecti
1720 4060 1850 4153 scripta
1871 4055 2075 4152 prophetica
2097 4078 2133 4135 et
2154 4071 2346 4159 apostolica
2369 4088 2404 4145 et
2425 4099 2523 4172 sym-

498 4164 792 4257 Manichuomm,
816 4165 917 4251 Arii,
941 4164 1214 4257 Pelagianorom
1234 4178 1353 4236 sectas.
1406 4158 1486 4232 Hoc
1537 4163 1642 4247 bola,
1665 4175 1784 4233 tamen
1806 4161 1972 4233 sanciunt
1990 4173 2024 4232 et
2046 4162 2243 4242 defendunt
2260 4175 2457 4262 contraria,
2481 4191 2523 4250 ut

498 4284 656 4365 conpore
673 4296 781 4369 quom
798 4268 969 4344 terribilis
986 4284 1037 4341 est
1052 4260 1339 4367 γιγαντομαχία.
1388 4263 1486 4335 Haec
1535 4261 1733 4341 Haeretici,
1782 4258 1983 4348 Pontifieii,
2029 4260 2301 4360 Anabaptistae,
2345 4273 2522 4365 Servetus,

500 4374 663 4443 scandala
685 4374 831 4448 intuens
852 4368 963 4442 homo
982 4392 1057 4439 non
1072 4369 1227 4450 lerreus,
1252 4367 1302 4438 ita
1319 4358 1487 4437 cohorte·
1537 4362 1817 4449 Stenclrleldius,
1841 4362 1953 4436 etalii
1970 4366 2088 4456 angeli
2104 4364 2358 4450 enthusiastici.

501 4469 588 4555 scit,
611 4470 672 4538 vix
685 4487 725 4544 nt
740 4475 873 4567 erigere
888 4496 926 4545 se
938 4469 1060 4564 possit.
1506 4508 1508 4515 ·
1638 4464 1675 4540 8.
1714 4463 1848 4537 Noruta
1876 4464 1921 4537 sit
1948 4466 2074 4539 iudicii
2103 4470 2231 4565 scripta
2255 4472 2459 4570 prophetica
2488 4496 2525 4553 et

604 4563 640 4640 4.
689 4569 759 4642 Sed
792 4588 911 4648 nmen
942 4574 1111 4644 adversus
1140 4592 1182 4641 ea
1209 4565 1487 4658 consolationem
1538 4566 1750 4662 apostolica,
1776 4580 1811 4638 et
1830 4567 2010 4662 symbola,
2035 4593 2126 4665 quae
2145 4596 2183 4643 re
2200 4574 2275 4670 ipsa
2296 4593 2381 4652 sunt
2398 4583 2523 4654 breves

502 4692 733 4765 quaeramus,
763 4684 797 4743 et
818 4675 923 4765 fides,
953 4690 995 4749 ut
1014 4672 1161 4746 immota
1181 4694 1287 4764 rupes
1310 4669 1498 4750 consistat,
1539 4674 1744 4760 dogmatum
1767 4668 2007 4762 recitationes,
2039 4674 2189 4768 quaein
2209 4674 2349 4774 scriptis
2371 4677 2525 4779 prophe·

501 4774 685 4866 inquiens:
711 4769 828 4845 Credo
855 4798 927 4848 esse
941 4772 1134 4851 Ecclesiam
1160 4787 1317 4844 sanctam
1338 4766 1490 4843 catholi-
1540 4773 1619 4846 ticis
1642 4784 1678 4842 et
1698 4772 1899 4861 apostolicis
1921 4795 2038 4864 sparsa
2061 4788 2146 4848 sunt
2164 4776 2313 4851 diversis
2330 4781 2434 4870 locis,
2460 4810 2525 4856 nec

502 4896 601 4956 cum,
624 4887 659 4944 ot
680 4873 775 4943 voris
794 4874 982 4966 mitibus
1001 4881 1194 4950 clamemus
1214 4877 1259 4945 ad
1276 4874 1388 4946 filium
1403 4870 1489 4944 Dei:
1540 4886 1625 4947 sunt
1640 4873 1709 4957 alia
1723 4874 1884 4944 doctrina
1900 4887 1998 4945 extra
2013 4873 2097 4948 illos
2109 4878 2236 4954 fontes.

501 4970 621 5046 Credo
641 4970 817 5062 Domine,
847 5000 952 5071 opem
969 4979 1023 5051 ier
1044 4976 1281 5052 imbecillitati
1302 4997 1416 5058 meae,
1441 4972 1492 5043 si·
1644 4972 1680 5046 9.
1712 4972 1888 5046 Pontifieii
1908 4999 2069 5048 normam
2087 4979 2222 5051 iaciunt
2241 4980 2363 5055 iudicii
2377 5012 2528 5061 consuc-

502 5074 580 5145 mul
598 5073 704 5145 etiam
720 5099 951 5169 quaeramus,
974 5104 1063 5174 quae
1080 5068 1116 5154 et
1130 5080 1193 5152 ubi
1209 5079 1254 5151 sit
1269 5100 1351 5148 vera
1367 5069 1493 5145 Eccle-
1542 5073 1705 5148 tudinem
1732 5096 1853 5158 suam,
1884 5089 1925 5146 ut
1945 5069 2095 5149 Ethnici
2116 5087 2409 5157 consuetudinem
2434 5092 2528 5162 mul-

504 5178 579 5258 sia,
605 5176 643 5245 in
666 5199 737 5270 qua
758 5192 896 5251 certum
918 5190 969 5250 est
985 5203 1058 5252 esse
1072 5182 1219 5268 electos,
1243 5179 1305 5274 qni
1321 5177 1394 5249 sint
1409 5171 1494 5246 hae-
1544 5190 1664 5249 torum
1688 5176 1889 5244 seculorum
1918 5178 2145 5268 opponebant
2175 5178 2409 5269 Christianis,
2445 5194 2528 5285 quia

505 5277 607 5348 „odeo
627 5288 791 5351 aeternae
814 5279 958 5366 solutis,
982 5292 1017 5352 et
1030 5304 1096 5353 nos
1109 5285 1148 5353 in
1163 5305 1284 5355 veram
1298 5274 1494 5351 Ecclesiam
1545 5277 1770 5350 confirmatae
1782 5276 2002 5366 temporibus
2016 5277 2122 5351 falsae
2138 5282 2326 5375 opiniones
2340 5292 2530 5361 difficulter

508 5377 751 5466 includamus,
781 5382 880 5455 iuxta
900 5377 988 5453 baec
1009 5381 1124 5466 dicta,
1153 5379 1320 5455 stohao.
1336 5386 1387 5455 1.=
1422 5376 1497 5468 Qui
1548 5379 1748 5451 evelluntur
1771 5377 1980 5461 exanimis,
2004 5380 2095 5453 sicut
2115 5408 2197 5454 vere
2219 5387 2337 5484 inquit
2355 5389 2530 5463 Aristote-

510 5502 583 5549 noo
603 5497 723 5552 manet
739 5484 779 5552 in
795 5485 957 5555 doctrina
974 5477 1126 5563 Christi,
1149 5482 1265 5555 Deum
1279 5478 1487 5555 nonhabet.
1549 5483 1615 5552 les:
1643 5475 1693 5560 ὥς
1715 5477 1905 5573 ἐώθαμεν
1927 5476 2045 5564 οὕτως
2058 5478 2234 5580 ἀξιοῦμεν
2250 5488 2441 5591 λέγεσθαι·
2469 5488 2532 5562 καὶ

518 5628 522 5635 -
559 5579 786 5659 Poimen:
821 5586 945 5659 Unum
969 5580 1037 5654 hoc
1060 5578 1203 5674 requiro
1222 5608 1242 5654 a
1259 5586 1436 5669 Domino,
1459 5599 1501 5654 ut
1550 5579 1597 5655 ed
1612 5576 1713 5674 παρὰ
1727 5585 1846 5654 ταῦτα
1860 5579 1930 5676 οὐχ
1944 5579 2055 5676 ὅμοια
2069 5582 2253 5682 φαίνεται.

509 5675 668 5754 habitem
698 5685 738 5757 in
770 5692 878 5762 dumo
899 5682 1051 5760 Domini
1073 5680 1240 5754 omnibns
1262 5685 1387 5759 diebus
1411 5686 1502 5759 vitae
1658 5684 1716 5756 10.
1748 5682 1818 5755 Sed
1840 5677 1907 5756 no's
1927 5685 1966 5755 in
1977 5680 2135 5760 Ecclesia
2156 5692 2245 5764 scire
2263 5706 2418 5785 oportet,
2444 5693 2535 5767 hauc

508 5804 621 5861 mm,
734 5867 747 5877 -
1313 5830 1327 5849 .
1557 5810 1678 5858 vocem
1696 5785 1855 5858 divinam
1874 5786 2138 5863 anteferendam
2148 5806 2227 5865 'este
2244 5792 2406 5865 omnium
2423 5793 2541 5872 homi·

1857 5881 1937 5962 ll'
2003 5950 2007 5955 .
