6025 6775
401 593 474 669 m
1039 567 1197 659 unca.
1230 517 1494 656 ananan
1528 574 1772 658 uenies.
2339 598 2411 668 ua
2444 647 2446 652 ,

491 761 589 831 Haec
605 760 714 850 igitur
729 771 878 830 naturae
891 754 1061 846 aspectio,
1087 776 1207 824 revera
1223 768 1273 824 est
1288 777 1374 822 con·
1428 774 1526 833 ram,
1549 764 1582 821 et
1599 752 1699 841 panis
1715 754 1889 844 coquendi
1906 768 2027 825 artem.
2064 754 2117 828 Ac
2133 757 2305 831 Siracides
2320 780 2410 837 recte

392 863 558 933 sideratio
586 862 732 929 divinae
758 855 961 947 sapientiae,
993 855 1160 925 bonitatis
1185 869 1224 925 ει·
1242 855 1374 923 henefi-
1428 852 1591 932 adfirmat
1620 865 1829 945 utrumque,
1862 869 1895 924 et
1925 857 2076 926 remedia
2104 860 2177 951 ipsa
2208 859 2274 931 Dei
2305 888 2410 955 opera

392 965 527 1033 tentiae
550 983 634 1050 erga
654 983 738 1039 nos,
763 958 888 1027 deinde
911 970 945 1025 et
961 956 1084 1025 utilem
1103 977 1175 1023 esse
1192 954 1283 1024 vitae
1297 977 1372 1023 ma·
1426 974 1518 1036 esse,
1543 966 1578 1022 et
1599 967 1708 1021 artem
1729 976 1748 1019 a
1764 953 1838 1022 Deo
1854 970 2027 1025 ostensam
2044 982 2128 1030 esse.
2181 961 2240 1032 sie
2255 963 2348 1031 enim
2364 966 2408 1035 de

390 1065 563 1131 nilestum
588 1075 652 1130 est.
701 1058 817 1146 Quare
841 1071 874 1125 et
895 1071 1040 1147 propter
1061 1056 1211 1143 gloriam
1225 1053 1312 1137 Dei,
1340 1068 1372 1123 et
1423 1053 1590 1120 remediis
1607 1052 1740 1144 inquit:
1768 1050 1941 1124 Dominus
1961 1061 2119 1129 condidit
2135 1086 2175 1130 ex
2192 1076 2282 1133 terra
2299 1059 2406 1155 phar-

389 1180 542 1253 propter
562 1176 710 1230 nostram
733 1158 922 1226 utilitatem
946 1153 1036 1225 hanc
1051 1156 1288 1246 dulcissimam
1306 1157 1370 1222 du·
1422 1176 1539 1235 mara,
1565 1166 1599 1221 et
1622 1153 1677 1220 vir
1704 1156 1858 1242 prudens
1884 1181 1955 1224 non
1981 1159 2192 1244 fastiditea,
2219 1188 2308 1255 quae
2324 1187 2405 1233 sen-

390 1264 549 1332 ctrinam
569 1279 733 1341 amemus,
760 1270 794 1327 et
816 1258 906 1346 grati
927 1257 1105 1325 beneficiis
1119 1253 1186 1325 Dei
1201 1256 1371 1340 fruamur,
1422 1253 1532 1321 tentia
1550 1267 1585 1323 et
1602 1266 1758 1322 autorem
1777 1257 2008 1324 remediorum
2024 1263 2194 1347 ostendit,
2219 1277 2251 1332 et
2266 1259 2321 1334 his
2336 1265 2403 1334 Dei

392 1377 428 1431 et
461 1362 533 1429 eius
558 1358 759 1447 sapientiam
792 1372 826 1425 et
853 1359 1046 1427 bonitatem
1073 1356 1305 1439 celebremus,
1335 1369 1371 1425 et
1421 1353 1598 1422 beneficiis
1621 1356 1693 1437 uti,
1721 1367 1752 1422 et
1772 1355 1884 1443 ¹gratis
1905 1359 2082 1428 mentibus
2097 1358 2210 1431 Deum
2227 1365 2402 1435 celebrare

394 1462 540 1530 sciamus
559 1480 623 1524 nos
640 1459 671 1524 εἰ
686 1470 802 1525 tantae
817 1477 921 1525 curae
935 1479 1026 1538 esse,
1048 1479 1121 1524 non
1137 1469 1177 1524 ut
1192 1453 1298 1525 huius
1311 1456 1369 1524 fu·
1420 1453 1529 1524 iubet.
1581 1450 1634 1522 De
1657 1456 1793 1524 medico
1817 1468 1933 1524 autem
1955 1456 2088 1549 inquit:
2114 1460 2167 1530 Da
2189 1464 2304 1531 locerm
2324 1490 2400 1535 me-

393 1560 588 1648 gacissimae
625 1558 719 1625 vitae
757 1558 932 1626 curriculo
963 1559 1142 1639 conlecto,
1180 1569 1297 1646 postea
1328 1557 1367 1623 in
1419 1554 1521 1638 dico,
1547 1577 1629 1622 nam
1648 1568 1682 1624 et
1697 1554 1810 1646 ipsum
1821 1552 1916 1625 Deus
1929 1558 2069 1629 creavit.
2120 1559 2223 1631 ltem:
2250 1562 2396 1635 Honora

389 1658 484 1727 omni
506 1657 712 1726 aeternitate
734 1652 827 1723 nihil
852 1658 975 1741 simus,
1009 1660 1068 1725 sed
1091 1655 1190 1725 utin
1213 1656 1273 1724 illa
1296 1670 1367 1725 tota
1420 1655 1614 1746 medicum,
1647 1656 1730 1746 quia
1760 1669 1904 1746 propter
1924 1658 2176 1729 neccessitatem
2199 1658 2294 1731 Deus
2316 1688 2396 1733 erim

386 1759 591 1827 aeternitate
612 1757 867 1826 consuetudine
892 1758 967 1827 eius
989 1759 1166 1841 fruamur,
1191 1769 1365 1832 etveram
1419 1756 1567 1838 crearit,
1594 1756 1711 1824 idest:
1738 1780 1811 1824 non
1827 1758 1981 1826 remedia
1996 1759 2110 1827 solum
2125 1763 2281 1830 condidit
2290 1762 2396 1850 Deus,

387 1860 461 1928 eius
482 1857 689 1947 sapientiam
713 1857 903 1936 discamus,
930 1859 974 1927 ad
998 1880 1103 1950 quam
1119 1858 1186 1952 iter
1200 1858 1277 1953 ¹vult
1294 1879 1365 1926 esse
1416 1855 1477 1922 sed
1509 1854 1611 1924 etiam
1641 1855 1737 1923 llexit
1763 1870 1898 1924 mentes
1930 1870 2103 1928 certorum
2134 1854 2318 1930 hominum
2349 1868 2395 1933 ad

387 1974 421 2030 et
435 1957 649 2051 tyrocinium
665 1952 772 2025 huius
788 1958 906 2026 brevis
925 1958 1016 2027 vitae'
1030 1957 1199 2046 spacium.
1416 1975 1539 2022 eorum
1567 1954 1851 2047 inquisitionem,
1888 1958 2023 2027 adiuvit
2041 1960 2216 2045 studium,
2254 1974 2289 2031 et
2306 1965 2395 2050 regit
2450 2037 2452 2042 ,

485 2057 714 2149 Nequaquam
736 2058 830 2125 enim
850 2057 939 2127 liunt
954 2059 1046 2127 cives
1062 2053 1237 2126 Ecclesiae
1251 2058 1363 2127 coele·
1416 2054 1622 2137 consilium,
1644 2067 1678 2123 et
1698 2055 1854 2124 dextram
1877 2058 2101 2143 medicantis,
2126 2083 2207 2128 nam
2228 2059 2392 2132 sineDeo

386 2159 463 2240 stis,
489 2159 551 2251 qui
567 2159 606 2225 in
622 2154 773 2227 haesita
791 2157 987 2229 doctrinam
1003 2160 1047 2229 de
1062 2158 1134 2227 filio
1150 2158 1218 2229 Dei
1232 2159 1364 2227 discere
1416 2178 1489 2223 non
1512 2166 1563 2223 est
1579 2154 1685 2222 foelix
1701 2156 1898 2227 medicatio.
1950 2154 2028 2247 lpse
2044 2171 2095 2226 est
2110 2160 2226 2243 enim,
2250 2176 2289 2232 ut
2305 2162 2392 2230 scri-

385 2260 590 2330 noluerunt.
948 2251 950 2255 ’
1414 2265 1514 2342 ptum
1542 2256 1615 2337 est,
1645 2254 1715 2324 vita
1741 2270 1773 2324 ct
1798 2255 1981 2345 longitudo
2002 2257 2149 2326 dierum.
2211 2258 2313 2330 ltem:
2347 2260 2391 2330 lo

487 2358 591 2427 Tales
614 2371 713 2428 erant
734 2372 767 2429 et
782 2354 945 2452 physicae
959 2372 994 2429 et
1009 2353 1225 2445 theologicae
1240 2356 1362 2445 dispu-
1415 2354 1491 2443 ipso
1523 2354 1693 2435 vivimus,
1727 2377 1847 2425 sumus
1868 2363 1902 2425 et
1922 2377 2123 2430 movemur:
2180 2359 2270 2429 Vere
2293 2358 2389 2430 Deus

385 2458 534 2528 tationes
556 2481 772 2527 summorum
790 2453 996 2538 hominum,
1019 2458 1217 2548 primorum
1233 2463 1360 2546 paren·
1413 2468 1464 2523 cst
1487 2455 1579 2523 vitae
1599 2455 1679 2523 lons
1702 2468 1735 2544 et
1756 2456 1918 2545 largitor:
1945 2460 2003 2526 sed
2021 2459 2097 2527 vult
2111 2481 2176 2528 nos
2191 2475 2390 2532 reverenter

385 2571 474 2635 tum,
500 2572 532 2627 et
547 2554 804 2628 deindeNohae
819 2572 853 2626 et
866 2558 1033 2639 liliorum,
1058 2569 1093 2626 et
1106 2549 1359 2647 postealoseph
1411 2556 1463 2628 uti
1494 2556 1536 2623 iis
1569 2556 1692 2640 rebus,
1725 2549 1813 2648 quas
1839 2558 1916 2627 vult
1945 2581 2018 2627 esse
2047 2561 2137 2629 vitae
2163 2562 2389 2641 adminicula,

384 2658 422 2724 in
450 2657 622 2751 Aegypto·
662 2737 667 2746 ,
697 2658 821 2751 Neque
851 2659 949 2724 enim
977 2652 1068 2725 hanc
1101 2651 1358 2748 philosophiam
1411 2680 1499 2746 quae
1516 2656 1562 2723 ita
1582 2670 1664 2725 sunt
1680 2656 1850 2741 efficaces,
1876 2660 2041 2749 cumipse
2057 2682 2113 2729 eas
2129 2662 2281 2731 adiuvat.
2336 2660 2389 2730 lta

384 2759 427 2824 ab
442 2755 648 2848 Aesculapio
672 2759 826 2847 primum
844 2749 1001 2840 ‘lnchoo,
1023 2757 1084 2850 qui
1105 2780 1176 2825 non
1196 2759 1260 2826 diu
1279 2769 1359 2824 ante
1412 2756 1575 2824 volumus
1605 2758 1647 2823 ad
1672 2758 1940 2828 medicationem
1971 2761 2113 2850 adiungi
2141 2776 2174 2830 et
2194 2762 2390 2833 invocatio-

383 2857 513 2926 bellum
524 2857 720 2927 Troianum
734 2869 838 2924 natus
856 2845 921 2940 e’tt,
941 2855 1309 2926 cumfiliil'odalirius
1325 2868 1359 2924 et
1411 2877 1491 2920 nem
1522 2849 1608 2936 Dei,
1644 2869 1679 2924 et
1712 2859 1981 2928 celebrationem
2015 2861 2264 2931 beneficiorum
2302 2864 2389 2931 eius.¹

383 2953 558 3028 Machaon
588 2958 778 3027 exercitum
805 2953 979 3026 Graecum
998 2958 1052 3025 'ad
1077 2955 1224 3025 Troiam
1248 2955 1357 3024 secuti
1410 2949 1506 3022 Haec
1528 2952 1642 3020 officia
1664 2949 1740 3021 Deo
1763 2970 1858 3041 grata
1882 2973 1985 3042 sunt,
2018 2984 2092 3027 nou
2114 2960 2175 3028 illa
2198 2961 2388 3047 barbaries,

381 3056 460 3130 sint.
511 3056 708 3127 Antecedit·
718 3070 834 3129 autem
853 3058 956 3127 annis
969 3059 1043 3126 fe're
1058 3057 1156 3125 mille
1170 3078 1286 3124 annus
1302 3054 1359 3123 di·
1409 3075 1498 3146 quae
1521 3067 1555 3123 et
1569 3053 1686 3121 Deum
1709 3064 1743 3119 et
1763 3056 1907 3140 vestigia
1921 3054 1988 3123 Dei
2010 3058 2048 3122 in
2064 3071 2206 3141 natura,
2231 3072 2267 3127 ει
2281 3072 2387 3128 natu-

378 3153 487 3241 luvii,
518 3158 557 3224 in
580 3181 650 3246 quo
670 3157 804 3229 familia
821 3156 946 3227 Nohae
969 3170 1102 3226 servata
1127 3168 1195 3241 est,
1220 3169 1357 3245 tempus
1408 3175 1469 3221 rae
1498 3152 1832 3234 considerationem,
1865 3152 1936 3218 imo
1967 3165 2081 3220 totum
2109 3156 2200 3224 vitae
2223 3157 2387 3224 ordinem

375 3255 466 3324 belli
481 3255 644 3321 Troiani.
1409 3253 1614 3348 cqutemnit.
1666 3250 1783 3337 Quam
1796 3250 1843 3320 ob
1856 3251 2019 3319 causam?
2042 3252 2123 3343 quia
2136 3251 2284 3341 legibus,
2305 3254 2387 3324 lite-

481 3348 604 3419 Fuisse
617 3363 733 3421 autem
751 3352 789 3419 in
802 3348 905 3420 Noha
922 3352 1238 3421 considerationem
1252 3359 1358 3416 natu·
1409 3349 1460 3418 ris
1481 3363 1516 3419 et
1538 3348 1718 3419 doetrinae
1738 3349 1880 3418 inimica
1904 3363 1973 3436 est,
1999 3375 2039 3421 ac
2057 3353 2182 3423 metuit
2198 3354 2271 3424 suis
2285 3355 2387 3448 cupi-

373 3472 437 3521 rae
460 3450 624 3517 eximiam
650 3450 734 3519 inde
756 3451 932 3539 aestimari
955 3464 1088 3542 potest,
1122 3449 1204 3542 quia
1225 3460 1258 3514 et
1280 3446 1358 3514 ani·
1409 3449 1578 3519 ditatibus
1597 3450 1736 3518 frenum
1751 3450 1850 3518 iniici
1867 3451 1982 3539 legum
2000 3464 2033 3520 et
2048 3453 2288 3523 doctrinarum
2304 3455 2386 3525 vin-

377 3548 509 3619 mantia
540 3552 783 3640 congregavit,
815 3563 849 3618 et
876 3552 915 3619 in
936 3574 1016 3619 arca
1039 3564 1114 3619 toto
1134 3571 1227 3615 anno
1249 3547 1356 3634 pavit,
1390 3548 1509 3619 culis.
1558 3545 1613 3635 Ex
1641 3544 1706 3616 hoc
1735 3549 1833 3618 fonte
1856 3551 2094 3621 doctrinarum
2116 3553 2239 3622 odium
2261 3555 2386 3641 oritur,

381 3664 413 3719 ct
431 3659 552 3739 postea
573 3648 655 3717 filiis
677 3653 749 3718 suis
769 3649 857 3718 vites
879 3650 1049 3725 ostendit,
1078 3667 1163 3735 quas
1185 3666 1257 3710 non
1281 3644 1354 3711 exi·
1406 3670 1491 3715 uon·
1504 3669 1545 3714 ex
1565 3644 1754 3735 religione,
1779 3648 1843 3718 etsi
1866 3650 2008 3741 quidam
2026 3666 2230 3743 praetexunt
2242 3655 2385 3743 religio-

383 3749 481 3819 stimo
504 3760 590 3817 tunc
612 3749 764 3838 primum
779 3761 910 3815 creatas
923 3768 1015 3830 esse,
1041 3745 1101 3812 sed
1116 3743 1270 3833 primum
1285 3742 1352 3830 ipsi
1405 3769 1497 3814 nem.
1550 3743 1623 3814 Vos
1649 3771 1731 3816 vero
1752 3749 1815 3839 qui
1838 3750 1917 3819 ideo
1932 3752 2113 3821 doctrinae
2131 3751 2257 3824 studiis
2273 3756 2385 3828 dediti

383 3850 419 3916 in
444 3849 570 3917 ultima
597 3860 732 3917 senecta
763 3861 973 3917 monstratas
1001 3868 1075 3913 esse
1104 3867 1123 3912 a
1145 3843 1238 3924 Deo,
1270 3842 1352 3933 quia
1405 3846 1504 3930 estis,
1531 3859 1571 3915 ut
1587 3843 1701 3917 Deum
1723 3861 1757 3919 et
1774 3846 1841 3917 Dei
1862 3875 1966 3940 opera
1984 3874 2001 3919 a
2017 3854 2122 3923 rebus
2136 3855 2237 3922 malis
2252 3855 2385 3923 discer-

381 3945 472 4017 Deus
495 3948 606 4017 foveri
627 3949 883 4038 lang‘uelactum
899 3969 1025 4037 corpus
1041 3956 1169 4021 aetate,
1194 3941 1354 4030 pleniore
1405 3968 1508 4028 nere,
1532 3958 1566 4014 et
1579 3943 1693 4016 Deum
1717 3961 1809 4018 recte
1831 3950 1994 4020 iuvocare
2014 3953 2174 4038 discatis,
2199 3968 2233 4024 et
2250 3955 2385 4045 ample-

382 4048 448 4116 iam
466 4063 551 4139 potu
565 4050 689 4134 voluit,
712 4073 753 4118 ac
768 4048 875 4117 simul
890 4044 1098 4135 significavit
1113 4055 1279 4112 venturae
1289 4065 1352 4130 po·
1405 4045 1548 4113 ctamini
1579 4070 1633 4115 res
1658 4049 1786 4132 bonas,
1819 4053 1995 4139 agnoscite
2016 4047 2107 4122 hanc
2126 4065 2202 4124 'esse
2223 4077 2384 4124 normam

381 4149 545 4234 steritati,
570 4173 659 4243 quae
680 4164 755 4220 erat
775 4149 893 4220 futura
917 4145 1145 4229 imbecillior,
1170 4164 1259 4232 opus
1274 4141 1354 4209 'fore
1405 4145 1658 4218 doctrinarum.

380 4249 542 4341 deinceps
556 4250 616 4320 tali
632 4264 729 4342 potu.
833 4250 842 4265 “
1507 4242 1584 4311 Hae
1604 4245 1783 4314 doctrinae
1805 4251 2016 4338 expetendae
2038 4266 2137 4337 sunt,
2164 4277 2252 4347 quae
2276 4278 2383 4345 opera

479 4345 532 4420 Ac
551 4351 611 4421 diu
635 4352 674 4419 in
694 4348 837 4420 familiis
861 4345 966 4435 regiis
986 4342 1145 4413 doctrina
1168 4341 1302 4410 medica
1321 4353 1354 4410 et
1405 4342 1473 4414 Dei
1496 4357 1588 4413 recte
1608 4359 1823 4430 monstrant,
1848 4362 1882 4418 et
1904 4350 1941 4417 io
1958 4350 2008 4419 eis
2022 4354 2212 4423 ostendunt
2225 4356 2384 4423 testimo-

382 4464 580 4521 conservata
605 4465 638 4523 et
661 4462 849 4543 propagata
865 4461 933 4529 est,
957 4457 996 4514 ut
1013 4443 1183 4512 celeluata
1197 4456 1250 4512 est
1266 4437 1355 4512 Chi·
1407 4447 1466 4513 nia
1494 4445 1538 4512 de
1567 4467 1626 4529 eo,
1658 4446 1900 4519 confirmantia
1931 4453 2173 4521 adsensionem
2196 4455 2240 4521 de
2264 4454 2384 4544 provi-

380 4553 476 4620 ronis
491 4549 658 4622 Centauri
678 4549 816 4634 schola,
840 4546 903 4640 qui
918 4539 1093 4616 Achillem
1110 4544 1230 4612 docuit
1245 4555 1354 4612 artem
1406 4544 1544 4627 dantia,
1566 4558 1605 4614 ut
1626 4548 1820 4616 excitentur
1840 4563 1974 4620 mentes
1987 4554 2032 4621 ad
2050 4553 2294 4622 celebrandam
2310 4556 2385 4622 eius

379 4652 560 4725 medicam,
616 4644 861 4747 Et'Eurypyli
885 4648 1029 4716 vulnera
1055 4657 1153 4714 curat
1173 4641 1356 4713 Patroclus
1404 4644 1633 4736 sapientiam,
1659 4646 1852 4718 bonitatem
1876 4664 1910 4721 et
1930 4652 2194 4722 beneficentiam
2213 4674 2292 4742 erga
2307 4676 2385 4738 nos,

379 4753 556 4838 remediis,
580 4778 730 4849 quorum
745 4773 850 4822 usum
863 4740 1058 4828 abAchille
1070 4745 1251 4837 didicerat.
1302 4739 1356 4812 Ac
1406 4758 1441 4821 et
1463 4769 1613 4836 quarum
1635 4748 1876 4819 doctrinarum
1898 4774 2001 4820 usum
2023 4755 2185 4842 prodesse
2205 4750 2302 4823 Deus
2325 4777 2388 4842 ge·

376 4848 556 4923 Homerue
584 4851 720 4951 πικρὰν
747 4848 853 4947 ῥίζαν
875 4848 1054 4930 nominat,
1086 4866 1174 4939 quae
1198 4857 1355 4915 veterum
1405 4847 1483 4915 neri
1505 4840 1661 4916 humano
1683 4849 1816 4932 voluit,
1847 4875 1912 4921 nec
1932 4852 2079 4923 delectet
2099 4875 2162 4922 vos
2181 4854 2242 4943 illa
2264 4855 2386 4948 cynica
2506 4921 2509 4929 ,

375 4950 601 5038 Scriptorum
623 4958 754 5027 iudicio
775 4965 827 5022 est
849 4941 1112 5045 &praeelegitis
1144 4942 1215 5015 Sed
1229 4944 1354 5014 omitto
1406 4946 1595 5037 sapientia,
1619 4972 1708 5039 quae
1729 4948 1873 5038 plausus
1894 4954 1987 5042 apud
2009 4955 2133 5023 stultos
2155 4967 2272 5044 captat
2290 4955 2386 5024 vitu·

377 5050 582 5122 orationem
602 5054 644 5121 de
665 5057 747 5125 artis
761 5052 893 5131 initiis,
919 5049 1000 5141 quia
1018 5043 1110 5115 nihil
1127 5044 1274 5114 dubium
1292 5057 1356 5132 est,
1407 5046 1588 5138 peratioue
1610 5048 1850 5117 doctrinarum
1871 5063 1905 5119 et
1927 5052 2080 5137 ordinis,
2103 5076 2206 5144 quem
2228 5051 2324 5123 Deus
2348 5053 2386 5122 in
2460 5131 2462 5137 ¹

378 5154 582 5245 primorum
604 5165 737 5240 patrum
757 5142 1078 5245 sapientiam'hanc
1093 5146 1221 5229 luisse,
1247 5145 1358 5234 expli·
1407 5159 1478 5216 tota
1509 5160 1635 5217 natura
1663 5161 1698 5216 et
1728 5146 1767 5214 in
1795 5148 1866 5217 vita
1892 5145 2077 5219 hominum
2102 5152 2225 5223 sanxit.
2276 5151 2388 5223 Nobis

381 5254 557 5323 cntionem
580 5250 668 5344 legis
693 5252 828 5321 divinae
851 5264 887 5322 et
898 5247 1142 5343 promissionis
1158 5248 1202 5315 de
1218 5241 1359 5314 Media-
1409 5245 1572 5340 quidem,
1603 5246 1666 5339 qui
1687 5247 1858 5318 mediocri
1877 5250 2062 5321 sedulitate
2085 5251 2282 5322 doctrinam
2304 5278 2389 5346 pro-

380 5368 477 5437 tore,
501 5364 535 5422 et
550 5353 594 5421 de
609 5349 910 5435 reconciliatione,
936 5356 979 5419 de
994 5347 1108 5418 causis
1122 5340 1356 5415 calamitatum
1408 5367 1591 5438 pagamus,
1615 5358 1650 5417 et
1671 5368 1798 5435 magno
1817 5349 1937 5420 labore
1952 5351 2101 5440 aegrotis
2116 5354 2299 5440 adsumus,
2325 5357 2390 5424 da·

380 5448 636 5537 humanarum,
663 5464 697 5523 et
717 5452 763 5533 de
779 5450 995 5519 restitutione
1006 5448 1100 5518 vitae
1114 5459 1292 5528 aeternae,
1319 5468 1360 5513 ac
1409 5470 1489 5516 mus
1503 5447 1648 5517 consilia
1663 5460 1697 5517 et
1712 5450 1885 5536 remedia,
1911 5464 1946 5520 et
1960 5473 2034 5520 non
2050 5453 2126 5522 sine
2141 5453 2264 5525 dolore
2277 5456 2388 5523 multa

381 5553 510 5622 deinde
527 5551 832 5629 communicem
859 5560 1011 5619 naturae.
1060 5544 1165 5619 Certe
1193 5545 1360 5616 animab
1411 5547 1523 5618 tristia
1562 5549 1755 5639 spectacula
1792 5553 1985 5637 cernimus,
2022 5554 2246 5644 praecipuam
2277 5553 2389 5621 adfert

382 5646 442 5721 his
471 5654 555 5724 anni
579 5652 851 5746 descriptionem
872 5647 1085 5739 accepimus,
1115 5661 1151 5718 et
1168 5645 1360 5736 agricultu-
1413 5648 1686 5722 consolationem
1702 5643 1875 5820 hagqipsa
1888 5676 2009 5739 causa,
2033 5656 2129 5747 quod
2143 5651 2392 5725 scimusDeum
