6025 6775
396 676 469 748 601
1042 660 1305 736 rurntrrr
1337 655 1788 739 urnnnuruoms.
2349 690 2424 771 002

396 860 487 918 certa
512 839 715 914 testimonia
735 823 870 912 dieina.
920 832 1013 924 Quia
1037 857 1177 908 neeesse
1200 846 1252 905 est
1273 857 1378 924 regu-
1429 846 1618 923 conspectu
1634 846 1696 904 tuo
1715 834 1829 907 omnis
1848 840 1981 914 vivens.
1997 841 2140 926 „Etlob
2155 848 2210 921 9.:
2237 850 2330 925 Vere
2345 860 2418 930 scio

397 952 463 1017 lam
499 942 665 1014 retineri:
709 939 749 1013 si
773 943 852 1034 quis
879 936 975 1006 aliud
997 930 1233 1029 Evangelium
1265 940 1378 1022 docet,
1429 935 1526 1027 quod
1555 957 1631 1004 non
1662 937 1709 1007 sit
1740 934 1848 1010 homo
1876 942 1989 1015 iustus
2011 970 2130 1028 coram
2151 949 2241 1027 Deo.
2299 951 2350 1029 Et
2371 965 2416 1031 ad

395 1044 582 1120 anathema
604 1043 661 1117 sit.

500 1162 559 1237 19.
593 1159 752 1231 Fuerunt
768 1153 903 1249 Synodi
925 1155 1063 1249 aliquot
1077 1180 1228 1249 quarum
1249 1179 1377 1246 magna

394 1270 461 1338 fnit
478 1263 693 1358 frequentia,
717 1280 807 1351 quae
823 1256 989 1326 scelerate
1004 1270 1222 1327 erraverunt.
1257 1256 1299 1327 ln
1308 1257 1377 1352 Sy-

393 1372 490 1439 nodo
507 1360 698 1459 syrmiensi
719 1371 755 1428 ct
774 1353 999 1429 Antiochene
1026 1380 1198 1448 praesens·
1213 1359 1281 1428 fuit
1306 1358 1376 1426 lm-

393 1483 536 1563 perator
548 1459 821 1542 Constantinus,
847 1460 911 1530 nbi
926 1482 1053 1549 magna
1073 1459 1270 1553 frequentia
1286 1455 1375 1551 Epi·

394 1589 576 1662 scopornm
593 1562 748 1632 decrevit
764 1561 803 1629 in
819 1556 961 1632 Christo
975 1575 1059 1632 nato
1076 1587 1117 1632 ex
1137 1561 1276 1648 virgine
1299 1584 1373 1630 non

394 1695 466 1741 esse
483 1665 639 1737 divinam
656 1676 835 1735 naturam.
878 1660 938 1733 Sic
954 1660 1118 1733 errar'unt
1135 1657 1373 1733 etArminen-

391 1777 436 1843 sis
468 1783 505 1840 et
531 1764 766 1839 seleuciensis
793 1762 971 1857 Synodus.
1034 1761 1077 1833 ln
1101 1759 1281 1854 Ephesina
1318 1788 1374 1834 se·

390 1873 505 1944 cunda
536 1869 625 1939 tanti
654 1868 800 1938 fuerunt
830 1866 1022 1946 tumultus,
1061 1878 1103 1937 ut
1125 1861 1373 1937 Antiochenus

388 1972 587 2069 Byzantino
601 1966 807 2037 defendenti
821 1966 1002 2035 veritatem
1020 1966 1132 2038 calces
1146 1967 1306 2049 illiserit,
1331 1991 1372 2036 ex

389 2101 460 2169 qno
488 2074 563 2142 ictu
589 2073 683 2140 intra
703 2068 864 2139 triduum
886 2065 1105 2161 Byzantinus
1125 2082 1287 2166 mortuus
1309 2081 1372 2148 est,

388 2201 493 2269 quarn
530 2174 577 2244 ob
610 2192 751 2241 causam
779 2168 843 2239 illa
874 2165 1041 2264 Synodus
1073 2170 1281 2242 nominatur
1310 2174 1372 2263 λη-

1428 1030 1555 1105 Roma.
1571 1036 1622 1106 u:
1660 1036 1706 1108 Ut
1721 1064 1826 1111 omne
1842 1067 1881 1111 os
1894 1046 2122 1135 obstruatur,
2147 1065 2184 1125 et
2195 1065 2291 1139 totns
2306 1081 2415 1129 mun-

1428 1137 1494 1205 dus
1510 1160 1590 1207 reus
1603 1139 1649 1210 sit
1663 1137 1750 1214 Deo.
1802 1142 1878 1213 llac
1895 1147 2007 1236 posita
2029 1152 2213 1242 perspicus
2236 1154 2422 1249 antithesi,¹

1427 1238 1588 1330 sequitur
1602 1239 1794 1313 exclusiva:
1819 1244 1902 1316 Sola
1918 1248 2158 1325 misericordia
2173 1272 2318 1349 propter
2337 1283 2416 1334 me-

1426 1339 1601 1411 diatorem
1619 1366 1735 1412 coram
1755 1342 1831 1415 Deo
1856 1369 1979 1419 sumus
2001 1351 2106 1440 iusti,
2131 1359 2228 1451 qnod
2244 1360 2412 1437 dicimus:

1426 1438 1510 1509 Sola
1525 1441 1605 1515 fide.
1632 1444 1873 1518 SicutPaulus
1887 1450 2021 1544 inquit:
2047 1453 2132 1542 Ideo
2151 1483 2192 1530 cx
2208 1459 2277 1531 fide
2290 1466 2414 1553 gratis,

1425 1552 1465 1609 ut
1483 1542 1527 1613 sit
1542 1543 1641 1613 firma
1660 1548 1859 1635 promissio.
2343 1572 2346 1578 '

1525 1656 1586 1731 24.
1626 1658 1728 1733 Hanc
1758 1691 1897 1753 veram,
1937 1674 2167 1744 necessariam
2190 1688 2226 1749 et
2247 1680 2411 1753 dulcissi-

1423 1782 1518 1829 mam
1544 1763 1823 1835 consolationem
1850 1768 1968 1841 delent
1990 1771 2188 1862 Pontificii,
2219 1777 2351 1852 Hosius
2373 1798 2409 1857 et

1423 1860 1577 1953 similes,
1617 1863 1680 1955 qui
1703 1864 1886 1953 adfingunt
1909 1869 2021 1943 Paulo
2048 1875 2295 1970 synecdochen
2321 1909 2409 1956 con·

1424 1963 1570 2033 trariam
1589 1964 1779 2035 continuae
1794 1966 1906 2057 ipsius
1920 1972 2167 2062 disputationi.

1524 2081 1588 2157 25.
1611 2081 1734 2154 ‘Simul
1759 2098 1876 2154 autern
1901 2112 1981 2157 cum
2000 2091 2071 2161 fide
2091 2097 2263 2188 accipitur
2281 2122 2408 2173 conso-

1422 2181 1528 2267 latio,
1554 2183 1709 2273 Spiritus
1723 2199 1865 2257 sanctus
1884 2202 1936 2258 est
1955 2195 2081 2261 arrabo
2105 2198 2258 2285 gratiae,
2283 2224 2424 2283 accen-‚

387 2268 527 2373 mimi·
1298 2365 1303 2376 ,
1422 2284 1478 2354 dit
1496 2283 1535 2353 in
1551 2287 1657 2354 corde
1674 2286 1846 2356 laeticiam
1860 2292 2136 2382 acquiescentem
2153 2298 2191 2365 in
2207 2297 2283 2370 Deo
2300 2299 2407 2374 etin.

487 2394 548 2467 20.
581 2385 630 2459 Et
652 2388 782 2457 multae
805 2386 1005 2480 pontificiae
1024 2385 1160 2479 Synodi
1185 2387 1371 2457 confirma·
1421 2386 1662 2467 vocationem,
1697 2410 1767 2479 qua
1789 2389 1996 2460 clamamus:
2029 2392 2133 2465 Abba
2157 2413 2277 2488 pater,
2308 2403 2406 2477 iuxta

386 2510 474 2568 runt
489 2493 668 2563 manifeste
683 2491 791 2569 idola,
818 2488 1061 2558 invocationes
1075 2484 1259 2558 hominum
1276 2512 1372 2558 mor·
1421 2484 1571 2554 dictum·
1604 2482 1798 2558 Effundam
1813 2513 1919 2583 super
1935 2495 2081 2565 domum
2097 2497 2214 2570 David
2230 2500 2406 2594 Spiritum

386 2615 552 2675 tuorum,
592 2605 625 2662 ct
650 2590 894 2662 adorationem
923 2589 1027 2681 panis
1059 2590 1099 2657 in
1123 2591 1368 2679 circumgestat·
1420 2586 1552 2675 gratiae
1567 2601 1601 2659 et
1616 2613 1772 2680 precum.

387 2700 504 2781 fiune,
531 2709 594 2765 etc,
1519 2706 1582 2778 26.
1610 2703 1812 2777 Manichaei
1827 2710 2012 2800 adfingunt
2025 2719 2247 2804 peregrinam
2262 2727 2404 2795 senten·

486 2812 549 2885 21,
579 2806 669 2880 Cum
686 2808 794 2896 igitur
809 2805 1032 2876 manifestum
1050 2805 1095 2874 sit
1118 2828 1234 2876 errare
1251 2803 1369 2901 Syno·
1419 2805 1502 2874 tiam
1525 2801 1742 2884 huicdicto:
1775 2808 1857 2879 Scio
1873 2806 2048 2897 Domine,
2076 2836 2223 2891 nonest
2247 2818 2404 2897 hominis

384 2919 448 2986 ,105
463 2935 582 3008 posse,
607 2932 747 2979 necesse
770 2918 820 2977 est
841 2928 1007 2998 quaerere
1031 2931 1194 2977 normam
1217 2909 1368 2977 iudicio·
1418 2906 1474 2975 via
1492 2906 1584 2974 eius:
1611 2930 1694 2997 ergo
1708 2909 1889 3001 inquiunt,
1915 2936 1979 2982 nec
1994 2914 2087 3004 bona
2104 2941 2169 2989 nec
2186 2924 2278 2991 mala
2292 2941 2403 3013 agunt
2482 2996 2484 2999 .

384 3041 463 3089 ,um
477 3038 550 3085 „011
567 3025 763 3089 errantem,
788 3005 920 3077 scilicet
947 3008 1077 3100 scripta
1101 3002 1307 3102 prophetica
1333 3022 1368 3080 et
1417 3000 1601 3091 homines,
1641 3009 1701 3078 sed
1732 3009 1969 3101 impelluntur
1993 3017 2116 3090 coacti.
2180 3017 2231 3091 At
2259 3024 2402 3095 collatio

384 3117 594 3212 apostolica,
618 3126 653 3184 et
672 3109 841 3205 symbols.
891 3103 940 3179 Et
956 3134 1158 3204 quanquam
1171 3110 1365 3205 aliquando
1416 3122 1604 3198 perpetuae
1622 3110 1803 3180 doctrinae
1818 3111 1858 3180 in
1873 3115 2012 3205 scriptis
2029 3114 2246 3208 propheticis
2259 3136 2293 3193 et
2315 3148 2402 3215 apo-

385 3219 578 3289 errantium
592 3214 705 3284 maior
721 3225 772 3282 est
785 3209 998 3301 multitudo,
1033 3224 1150 3280 tamen
1174 3213 1302 3282 veritas
1327 3215 1365 3281 in
1417 3211 1550 3280 stolicis
1572 3212 1744 3297 ostendit,
1780 3213 1897 3282 Deum
1928 3240 1995 3285 nec
2017 3218 2127 3304 velle,
2167 3243 2234 3292 nec
2262 3225 2401 3297 efficere

383 3317 542 3393 Ecclesia
563 3317 602 3388 in
618 3315 797 3409 aliquibus
820 3324 958 3397 manet,
991 3312 1087 3385 iusta
1110 3314 1259 3382 dictum:
1288 3313 1366 3384 Nisi
1415 3326 1574 3401 peccata,
1600 3313 1692 3383 sicut
1708 3317 1868 3405 expresse
1884 3316 2031 3388 dicitur:
2065 3317 2148 3390 Non
2162 3317 2400 3402 Deusvolcns

383 3421 560 3496 Dominus
575 3413 771 3511 reliquisset
787 3414 892 3483 nobis
907 3437 1027 3484 semen
1043 3429 1107 3489 etc.
1156 3413 1247 3486 Cum
1265 3413 1365 3506 Apo-
1415 3413 1630 3503 impietatem
1654 3428 1761 3486 tues.
1818 3413 1867 3487 Et
1889 3419 2021 3488 dicitur
2043 3420 2162 3515 aliqua
2186 3447 2260 3496 esse
2282 3431 2400 3501 carnis

382 3524 468 3595 ,1011
481 3518 623 3593 Christo
639 3519 813 3608 pendente
826 3517 864 3585 in
880 3540 983 3585 cruce
1001 3518 1215 3587 consternati
1237 3532 1365 3604 tacent,
1414 3514 1573 3600 iusticia3
1616 3529 1670 3586 est
1700 3538 1783 3604 ergo
1807 3519 1963 3591 delectus
1983 3533 2017 3590 et
2038 3521 2183 3594 libertas
2202 3526 2321 3622 aliqua
2342 3554 2400 3600 re-

382 3624 539 3704 retinent
566 3631 684 3689 tamen
712 3617 824 3686 lucem
858 3618 1015 3688 veritatis
1043 3632 1174 3700 mater,
1208 3633 1242 3688 et
1263 3643 1365 3690 soror
1414 3617 1548 3704 gendae
1574 3616 1818 3692 Ῑῡΰῡῐῃῠῑῑνῆθ·
1856 3618 1864 3641 ”
1882 3618 1955 3690 Nm
1983 3644 2122 3693 necem
2152 3637 2203 3696 ⁶⁸²
2223 3625 2399 3704 D³Vid0m

383 3724 527 3809 martie,
552 3733 586 3791 et
602 3740 790 3789 conversus
804 3717 893 3790 latro
906 3720 945 3788 in
958 3743 1079 3802 cruce,
1106 3734 1140 3791 et
1162 3721 1264 3812 pauci
1288 3722 1361 3794 alii.
1387 3674 1391 3765 l
1414 3742 1537 3808 repere
1561 3718 1706 3788 alterius
1727 3719 1924 3806 coniugem.
1985 3712 2035 3795 Et
2056 3749 2260 3820 quanquam
2283 3733 2399 3806 bonas

382 3827 533 3899 Talibus
562 3820 730 3912 exemplis
759 3821 983 3892 consolemur
1010 3844 1076 3892 nos
1103 3847 1199 3891 nunc
1222 3848 1364 3915 quoqne
1413 3820 1569 3889 actiones
1592 3816 1683 3891 nnn
1703 3821 1854 3906 ducente
1884 3837 2039 3894 mentem
2068 3840 2102 3897 et
2131 3830 2237 3898 cerda
2260 3829 2399 3923 Spiritu

383 3931 551 4000 adversus
571 3920 836 3993 multitudinem
862 3918 1012 4009 eorum,
1037 3924 1099 4015 qui
1122 3925 1362 3995 crudelitatem
1412 3934 1552 4002 sancto,
1593 3945 1667 3991 non
1700 3936 1821 3993 tamen
1849 3946 1994 4013 prorsus
2025 3927 2143 3997 ociosa
2162 3943 2214 4001 est
2240 3925 2398 4009 humana

383 4045 503 4105 contra
521 4049 638 4097 veram
648 4020 843 4094 Ecclesiam
860 4037 1039 4114 exercent,
1066 4039 1104 4109 et
1115 4025 1363 4097 confirmemus
1413 4021 1589 4097 voluntas·
1660 4018 1709 4093 El
1738 4035 1854 4092 ‘³¹¹¹‘ss
1888 4025 2000 4095 mulla
2030 4024 2127 4097 ΒΝ*
2157 4030 2197 4099 ῑῐὶ
2229 4036 2397 4108 ⁰m¹¹5b1¹⁸

381 4126 669 4204 nostesfimonfl,
684 4125 829 4196 divinis,
1412 4124 1543 4195 sanctis
1571 4123 1662 4210 agit,
1701 4123 1741 4189 in
1770 4121 1900 4212 quibus
1924 4124 2091 4196 voluntas
2112 4152 2233 4205 corum
2256 4147 2396 4207 tantum

1296 4261 1363 4333 Ni.
1412 4238 1465 4295 est
1479 4223 1676 4295 subiectum
1693 4222 1840 4315 paticus.
1891 4218 1940 4295 Et
1953 4220 2051 4296 Deus
2071 4229 2283 4306 mirabiliter
2306 4239 2396 4328 repit

1412 4339 1570 4396 eventus.

1496 4440 1574 4525 27.
1606 4440 1692 4511 ldco
1710 4440 1749 4510 in
1762 4440 1930 4515 Ieremias
1946 4445 2043 4517 dicto
2065 4470 2138 4520 non
2160 4453 2396 4544 comprehen-

471 4249 539 4341 ⁴22.
568 4263 700 4357 Veram
713 4260 970 4334 consessionem
991 4262 1102 4333 edidit
1118 4262 1285 4358 Synodus

378 4390 466 4441 cena
482 4370 527 4437 dc
541 4367 614 4435 lilio
630 4362 718 4449 Dei,
743 4385 833 4459 quac
848 4362 1067 4449 adfirmavit,
1089 4365 1241 4452 intelligi
1254 4388 1361 4453 opor·

380 4485 456 4540 tere
481 4457 593 4560 λόγον
615 4460 869 4560 ὑφιστάμενον
876 4514 889 4549 ,
921 4487 1001 4533 cum
1024 4464 1170 4535 dicitur:
1203 4464 1243 4536 ἐν
1264 4461 1361 4559 ἀρχῇ

379 4563 429 4664 ἦν
444 4562 464 4639 ὁ
477 4558 596 4662 λόγος.
618 4560 696 4634 Etsi
710 4561 963 4662 hoiusSynodi
979 4566 1181 4637 testimonio
1203 4579 1238 4636 et
1261 4567 1361 4635 simi-
1411 4545 1542 4617 danius
1561 4543 1677 4663 pulle
1696 4543 1870 4663 ὃΰῐῐξὶῦθθ,
1894 4558 1931 4616 el
1952 4546 1991 4615 in
2010 4548 2115 4666 bonit·
2132 4576 2207 4621 uon
2230 4557 2398 4674 excluda-¹

382 4673 478 4740 libus
499 4668 733 4736 admonemur
756 4683 789 4741 et
817 4669 1089 4755 confirmamur,
1128 4682 1246 4740 tamen
1274 4669 1362 4747 fides
1412 4660 1471 4771 ²³¹¹!
1494 4660 1659 4769 ῑθξῑῑᾶῑῑθ
1682 4644 1800 4766 Why
1821 4648 2074 4771 '‘lthQWJQ
2100 4653 2144 4723 dc
2159 4678 2228 4748 qua
2244 4658 2392 4733 decitur:

381 4771 511 4841 nititur
532 4762 760 4850 testimoniis,
795 4793 884 4864 qnae
909 4782 1028 4843 extant
1049 4769 1087 4838 in
1110 4770 1247 4862 scriptis
1277 4794 1361 4860 pro·
1384 4802 1387 4818 ·
1411 4746 1576 4846 ακρῑβωέ
1588 4771 1834 4844 neptunum,
1859 4773 1912 4842 μ’]
1927 4774 1978 4830 ‘⁰9
1991 4771 2140 4848 amm·
2163 4848 2180 4862 ,

380 4869 532 4965 pheticis
564 4882 600 4939 et
636 4866 855 4957 apostolicis,
902 4898 992 4970 quae
1023 4872 1101 4943 sine
1130 4872 1361 4961 ambiguitate
1512 4881 1574 4954 28.
1621 4877 1884 4953 Enthusiastica
1913 4897 1949 4954 et
1980 4882 2266 4962 Stenckleldiena
2298 4912 2393 4986 sunt,

379 4975 474 5044 idern
493 4969 691 5039 adfirmant.
995 5000 999 5005 ·
1411 4985 1529 5055 dicere
1556 4986 1774 5053 manendum
1794 5006 1870 5052 esse
1896 4985 1936 5053 in
1962 4981 2159 5060 diffidentia
2186 5004 2220 5061 et
2247 4994 2393 5071 fremitu

481 5086 543 5159 28.
574 5084 747 5158 Monachi
763 5093 978 5165 contendunt
997 5094 1036 5163 in
1052 5090 1164 5162 Paulo
1189 5112 1264 5160 non
1288 5112 1362 5159 esse
1411 5089 1580 5157 adversus
1603 5084 1739 5166 Deum,
1765 5084 1878 5153 donec
1899 5087 1977 5176 rapi
1996 5100 2030 5155 et
2052 5091 2128 5178 cogi
2150 5104 2185 5161 tc
2207 5097 2336 5169 sentias
2359 5115 2395 5174 et

381 5191 608 5264 retinendum
623 5183 667 5261 τὸ
682 5185 813 5284 ῥητὸν,
843 5214 923 5261 cum
944 5195 1091 5269 dicitur:
1127 5192 1364 5264 lustilicamur
1412 5189 1543 5259 credas.
1593 5183 1669 5254 lmo
1685 5183 1805 5271 regula
1820 5187 1972 5254 tenenda
1989 5199 2051 5257 cst:
2079 5188 2185 5262 Fides
2206 5218 2248 5265 ex
2269 5202 2395 5277 auditu

383 5295 471 5378 tide,
510 5292 618 5383 gratis
650 5292 728 5363 sinc
744 5284 927 5385 'operibus
953 5294 1058 5387 legis,
1094 5298 1157 5366 sed
1179 5294 1364 5382 adfingunt
1412 5301 1475 5361 est.
1527 5282 1775 5357 AverboDei
1802 5287 2058 5358 exordiendum
2082 5305 2152 5386 cst,
2185 5308 2220 5367 ct
2240 5297 2281 5367 in
2301 5305 2393 5374 veris

386 5394 603 5484 peregrinam
628 5395 838 5466 sententiam
855 5393 1067 5466 contrariam
1082 5394 1212 5477 Paulo,
1238 5395 1364 5466 dicunt
1411 5387 1597 5461 doloribus
1624 5400 1858 5458 sustentemus
1885 5411 1953 5458 nos
1976 5392 2211 5480 promissione
2249 5404 2393 5492 gratiae,

383 5516 456 5565 esse
471 5493 736 5589 synecdochen:
761 5514 1015 5590 praeparamur
1026 5496 1107 5580 lide,
1121 5497 1365 5581 utdilcctione
1413 5494 1618 5573 intueamur
1648 5488 1713 5559 filii
1742 5485 1810 5558 Dei
1841 5489 2070 5580 sacrificium,
2107 5509 2142 5568 ct
2173 5522 2394 5590 opponamus
2467 5583 2469 5587 ,

382 5596 469 5668 iusti
489 5590 630 5674 simus(
678 5597 777 5670 Haec
800 5590 1020 5694 synecdoche
1041 5597 1214 5671 relotstnr
1238 5620 1365 5692 perpe·
1414 5591 1629 5665 dubitationi
1663 5589 1921 5677 consolationes
1946 5594 2119 5666 divinitus
2148 5600 2315 5686 traditas,
2358 5618 2394 5676 et

380 5713 444 5770 tuo
466 5721 641 5771 consensu
663 5696 891 5795 propheticae
915 5710 949 5769 et
977 5695 1192 5787 apostolicos,
1213 5700 1366 5792 scriptu·
1415 5694 1522 5766 simul
1537 5693 1743 5763 misceamus
1761 5692 1997 5784 precationes,
2021 5697 2113 5768 sicut
2132 5701 2301 5788 scriptum
2324 5717 2393 5775 est:

380 5822 463 5888 rac,
485 5798 569 5895 quia
588 5824 749 5894 expresse
770 5802 919 5875 dicitur:
952 5796 1036 5872 Non
1059 5794 1366 5873 inclinabuntur
1415 5796 1529 5869 Petite
1545 5809 1578 5868 et
1592 5791 1802 5966 scripuli&
1828 5790 1926 5867 Haec
1947 5818 2027 5866 cum
2051 5798 2158 5878 fiunt,
2193 5813 2326 5921 certum
2341 5819 2393 5882 est
