6025 6775
496 757 595 836 1057
887 789 892 806 ·
1002 804 1012 817 ‚.
1048 760 1077 833 1.
1117 757 1422 836 onnomcou
1447 757 1698 840 cantoris.
1747 760 1875 837 eins
1902 760 1951 839 u.
2405 749 2514 841 1oss‘

497 931 657 1023 concepit
678 930 875 1023 potiturum
897 954 933 1000 se
962 944 995 1001 et
1024 930 1174 1000 muliere
1194 928 1419 1003 Rosimunda
1443 944 1477 1001 et
1525 930 1625 1002 duxit
1650 931 1759 1003 liliam
1784 931 1876 1021 regis
1894 929 2114 1003 Bavarorum
2131 931 2319 1005 Garibaldi
2335 930 2503 1005 Tbeude·

497 1031 816 1121 Longobardorum
831 1031 1010 1116 societate,
1035 1056 1141 1123 quam
1168 1033 1314 1121 adeptus
1333 1031 1415 1101 velit
1438 1053 1474 1100 se
1523 1031 1658 1101 lindam
1677 1033 1885 1104 celebratam
1904 1056 1923 1103 a
1942 1030 2116 1121 Gregorio
2141 1058 2288 1125 magno,
2315 1058 2500 1127 quaecum

499 1134 685 1203 nominare
713 1155 828 1218 regem
854 1129 992 1213 ltaliae,
1024 1132 1211 1221 persuadet
1238 1130 1401 1217 mulieri,
1434 1144 1475 1201 ut
1523 1133 1580 1221 pie
1596 1149 1796 1218 agnosceret
1811 1146 1845 1203 et
1860 1134 1987 1203 coleret
2002 1130 2196 1203 Dominum
2213 1146 2373 1204 nostrum
2383 1133 2500 1207 lesum

498 1256 675 1303 venenum
697 1235 756 1303 det
769 1225 1035 1313 Helmecbildo,
1060 1232 1162 1323 eique
1186 1231 1360 1322 promittit
1388 1256 1473 1301 con·
1521 1228 1715 1316 Christum,
1740 1234 1817 1303 viro
1834 1236 1877 1302 ad
1891 1234 2065 1303 iusticiam
2081 1247 2115 1305 et
2129 1235 2224 1326 pacis
2240 1234 2397 1306 studium
2412 1230 2500 1304 bor-

496 1333 643 1422 iugium.
693 1330 758 1401 llla
773 1332 917 1422 praebet
933 1331 1060 1399 marito
1085 1331 1275 1421 egredienti
1291 1357 1331 1400 ex
1345 1332 1471 1401 balneo
1521 1334 1626 1401 tatrix
1650 1334 1730 1404 fuit
1779 1333 1849 1405 Sed
1873 1358 1947 1402 non
1973 1333 2141 1405 diuturna
2165 1335 2233 1406 luit
2256 1331 2500 1424 baecLongo·

495 1456 691 1518 venenum,
716 1434 810 1525 quod
829 1454 907 1498 eum
923 1430 1026 1499 avide
1039 1426 1228 1511 hausisset,
1253 1432 1383 1502 veneni
1399 1432 1470 1498 vim
1521 1433 1712 1503 bardorum
1736 1435 1984 1524 tranquillitas.
2042 1433 2132 1505 Nam
2156 1431 2339 1507 Autltarus
2361 1458 2498 1504 veneno

495 1533 648 1604 sentiens
683 1531 776 1620 cogit
811 1528 1071 1600 Rosimundam
1104 1532 1281 1625 reliquum
1315 1527 1471 1609 haurire,
1521 1530 1693 1602 extinctus
1709 1556 1782 1604 esse
1798 1534 1920 1604 Ticini
1937 1535 2113 1610 scribitur.

494 1655 584 1754 quae
599 1632 706 1702 simul
723 1654 803 1701 cum
818 1626 1066 1748 Helmecbildo
1084 1634 1234 1702 extincta
1256 1643 1329 1750 est..
1373 1729 1386 1746 .
1438 1729 1448 1748 ο
1621 1657 1789 1757 Quartus
1824 1690 1886 1735 m
1913 1663 2242 1755 Longobardomm.
2261 1662 2497 1761 Egilolphus

597 1731 639 1801 ln
663 1725 730 1800 hac
759 1730 859 1800 brevr
884 1726 1031 1800 historia
1063 1735 1171 1804 multa
1197 1746 1280 1802 sunt
1318 1751 1470 1818 rnsrgnra
1520 1778 1689 1856 cognom,
1712 1758 1883 1848 Ambari,
1915 1768 2075 1855 regnavi,
2100 1792 2212 1839 annos
2238 1768 2387 1860 viginti,
2418 1793 2500 1838 cum

495 1834 671 1925 “eml'h’
694 1831 826 1950 ingulf
848 1854 992 1902 ⁸¹¹⁰ffl¹¹¹
1015 1834 1343 1950 ‚⁸⁰⁰¹“um‚l'⁰⁸¹¹³⁸
1364 1833 1472 1947 ‘¹5⁶5‘
1519 1869 1591 1936 dux
1617 1864 1848 1934 Taurinensis
1880 1880 1987 1950 esset,
2026 1869 2182 1939 delectus
2210 1882 2262 1940 est
2285 1894 2305 1939 a
2329 1864 2499 1939 Theode-

493 1946 593 2003 runt:
618 1931 696 2003 Rex
713 1929 910 2016 Albornus,
936 1932 1065 2001 mulier
1081 1934 1286 2023 perfidiose,
1312 1946 1344 2000 et
1361 1955 1469 1999 mrnr-
1519 1966 1681 2036 1311de
1704 1964 1907 2053 muggam
1932 1978 1965 2034 ,t
1991 1990 2156 2054 regnum,
2196 1969 2277 2062 quia
2300 1983 2399 2041 ,anta
2428 1969 2499 2037 sui,

494 2047 566 2103 ster
580 2032 740 2102 mulieris
757 2034 971 2121 perfidiosae.
1023 2031 1120 2104 Haec
1137 2035 1281 2103 suerunt
1296 2031 1469 2136 initiare-
1519 2064 1787 2137 Theudenndae
1810 2066 1939 2148 virtus,
1973 2080 2012 2136 u,
2034 2064 2264 2156 Longobardi
2285 2070 2499 2152 dubmmes,

494 2133 880 2248 gniL‘lnfflbmdiciin
898 2129 1010 2208 Imm·
1519 2192 1623 2261 quem
1669 2167 1855 2256 eligerent,
1901 2165 2049 2235 arbitrio
2086 2168 2213 2237 viduae
2255 2169 2499 2260 permitterent

510 2265 515 2273 ·
596 2227 784 2301 secundos
812 2256 872 2301 rex
894 2231 1211 2319 Longobardorum
1237 2225 1388 2328 ttlephes
1412 2256 1469 2301 re·
1520 2269 1738 2341 clemonem·
1811 2265 1908 2335 Haec
1937 2262 2130 2358 Egiloppho
2159 2282 2194 2346 e,
2227 2269 2432 2357 coniugium
2463 2283 2499 2338 et

494 2334 614 2451 imit
640 2356 774 2402 annum
796 2355 909 2448 mium
934 2345 968 2401 οἱ
989 2355 1047 2400 ⁵⁰¹
1070 2352 1225 2416 'nem‘
1251 2335 1367 2451 “alim
1391 2346 1469 2422 {³⁰⁸²
1517 2361 1827 2459 regnum'obtnlit,
1852 2379 1886 2436 et
1903 2365 1975 2436 nati
1991 2382 2074 2437 sunt
2088 2393 2128 2436 ex
2143 2366 2192 2437 eis
2208 2367 2409 2452 Adoaldus,
2434 2369 2499 2458 qui

494 2434 714 2503 interfectum
732 2434 928 2501 Alburnum
946 2432 1095 2512 electus,
1123 2432 1221 2521 pulsa
1240 2458 1387 2522 coniuge
1402 2433 1470 2503 Al·
1517 2485 1634 2561 postea
1651 2471 1687 2538 in
1710 2490 1818 2558 regno
1835 2466 2020 2550 successit,
2044 2480 2078 2538 e,
2093 2466 2282 2557 Gupbirga·

494 2533 607 2607 boini.
659 2532 774 2602 Multa
792 2528 911 2599 ltaliae
929 2531 1058 2623 oppida
1082 2535 1283 2624 occupavit,
1304 2539 1363 2603 sed
1387 2559 1467 2604 cnm

493 2634 531 2702 iu
547 2632 707 2703 subditos
722 2645 756 2701 et
769 2629 979 2701 domesticos
990 2633 1142 2703 crudelis
1154 2649 1251 2720 esset,
1265 2635 1468 2705 interlectos

495 2746 546 2803 est
560 2755 580 2799 a
596 2731 674 2798 viro
697 2730 904 2822 praecipuae
925 2733 1141 2817 nobilitatis,
1166 2736 1226 2827 qui
1253 2737 1292 2804 in
1316 2736 1391 2806 eius
1412 2736 1468 2804 fa·

1544 2600 1556 2608 ’
1617 2602 1725 2673 lnitio
1751 2595 1964 2691 Egilolpbus
1988 2623 2107 2690 pacem
2130 2625 2210 2670 cum
2235 2591 2380 2671 Francis
2404 2600 2498 2682 fecit,

1517 2706 1579 2798 qui
1594 2716 1628 2772 et
1642 2702 1799 2792 captivos
1815 2701 2059 2772 reddiderunt.
2107 2698 2194 2795 Mon¹
2207 2713 2241 2770 et
2255 2702 2294 2769 in
2308 2723 2372 2770 suo
2387 2722 2497 2789 regno

488 2831 591 2900 mm,
612 2830 691 2903 sup,
740 2829 825 2903 pon
847 2832 922 2901 eiu,
952 2849 1099 2904 monem
1132 2835 1372 2926 intemgnum
1400 2832 1469 2903 fust
1516 2807 1622 2874 duces
1643 2803 1791 2873 rebelles
1807 2799 2034 2890 compescuit.
2081 2801 2178 2872 Fecit
2193 2814 2227 2871 et
2241 2824 2321 2869 cum
2332 2795 2497 2869 Exarcbo

493 2953 606 3003 annos
628 2934 768 3017 decem,
800 2932 932 3026 inquo
956 2933 1100 3024 triginta
1129 2938 1236 3005 duces
1259 2936 1467 3029 aliquandiu
1517 2907 1688 3022 ¹¹¹d¹¹⁰¹ff⁸·
1753 2897 1921 3019 &⁶¹5⁸ss
1959 2902 2126 3019 “¹⁸¹⁰pr
2162 2912 2300 2971 mmm
2342 2911 2496 2970 ‘urm‘

491 3032 661 3101 mediocri
677 3035 862 3104 concordia
879 3058 953 3103 non
967 3036 1081 3105 solum
1103 3060 1179 3105 eam
1196 3034 1318 3107 ltaliae
1333 3049 1467 3127 partem
1515 3005 1670 3077 ³b⁰lev¹¹
1708 3002 1908 3121 bfffb³¹¹⁰²³
1928 3013 2253 3120 ‚‚³¹³P⁰“{¹t¹⁰¹¹.“³‚
2269 3022 2357 3093 (11138
2392 3012 2495 3069 mea

493 3146 675 3217 rexerunt,
701 3157 788 3227 quae
806 3135 904 3224 prius
924 3159 945 3205 a
964 3137 1106 3206 duobus
1134 3138 1276 3226 regibus
1299 3148 1467 3228 occupata
1516 3105 1744 3223 [οῃβορπὼ
1776 3125 1817 3171 ⁸¹
1847 3113 1971 3220 P²,¹¹¹¹⁸
1996 3101 2155 3170 ¹⁰⁰¹¹b¹¹³
2186 3112 2427 3219 “impetunt
2460 3113 2497 3168 εἴ

493 3233 579 3317 suit,
604 3236 663 3302 sed
688 3241 861 3325 progressi
883 3234 987 3305 ctiam
1015 3237 1052 3305 in
1071 3236 1271 3324 Umbriam,
1295 3235 1467 3308 Picenum
1515 3203 1753 3323 Chf¹⁸⁰²f¹¹³¹¹¹
1785 3203 2138 3319 d⁰⁶¹¹¹¹¹³¹¹¹,d⁰⁰‘r⁰
2167 3214 2320 3319 curav'f‘
2353 3200 2495 3294 ΨΜ(ἔηι

494 3348 529 3405 et
543 3331 772 3426 Campaniam
788 3335 897 3405 must,
913 3335 1041 3426 oppid,
1057 3325 1294 3429 occuparunt,
1320 3353 1355 3410 ,t
1373 3340 1467 3407 dir„
1517 3305 1711 3398 Gregorius
1726 3301 1912 3376 Romanus
1932 3300 2130 3394 Episcopus
2145 3301 2414 3394 praescribebat.

494 3435 632 3528 ptiones
650 3459 792 3526 magnas
810 3458 986 3506 sacrarum
1008 3450 1043 3507 et
1060 3433 1324 3529 prophanorum
1348 3461 1466 3508 rerum
1617 3436 1706 3511 Cum
1722 3448 1838 3507 antem
1854 3430 2036 3506 Exarcbus
2053 3432 2245 3507 Callinicus
2255 3433 2418 3505 Parmam
2435 3455 2495 3502 ce·

492 3535 663 3621 fecerunt,
687 3548 829 3626 propter
843 3558 929 3629 quas
942 3538 1115 3609 nominati
1133 3551 1216 3608 sunt
1231 3539 1339 3607 veteri
1351 3560 1468 3607 exem·
1516 3541 1643 3632 pisset‚
1668 3553 1701 3610 et
1723 3538 1808 3606 inde
1829 3537 1937 3606 liliam
1963 3530 2146 3627 Egilolpbi
2170 3548 2289 3604 natam
2311 3534 2351 3602 in
2374 3533 2495 3624 priore

494 3637 553 3727 plo
561 3629 738 3729 Triginta
747 3631 933 3730 Tyranni.
958 3636 1031 3707 Nec
1045 3639 1107 3708 diu
1120 3638 1188 3707 snit
1202 3639 1368 3709 intereos
1382 3662 1468 3708 con·
1517 3640 1703 3729 coniugio,
1735 3651 1770 3708 et
1795 3637 1871 3707 eius
1890 3635 2057 3705 maritum
2079 3634 2302 3720 abduxisset,
2335 3635 2495 3704 irritatus

495 3736 633 3821 cordia,
658 3737 910 3808 sicutdicitur:
937 3733 1174 3906 adsaporetur
1194 3734 1467 3833 πολυκοιρανίη.
1516 3756 1614 3813 tanta
1643 3739 1793 3823 iniuria,
1823 3750 1859 3807 et
1886 3737 2100 3805 liberaturus
2130 3733 2241 3805 filiam
2265 3747 2298 3806 et
2325 3752 2493 3825 generum

494 3835 629 3908 Defecit
649 3838 693 3907 ad
708 3837 911 3927 Longinum
928 3837 1040 3909 Exarc
1069 3864 1128 3909 um
1153 3863 1246 3909 unus
1261 3863 1303 3909 ex
1322 3840 1468 3929 triginta
1516 3837 1876 3934 Egilolphusbellum
1896 3840 2062 3905 adversus
2082 3831 2282 3905 Exercitum
2305 3837 2436 3918 movit,
2460 3849 2495 3904 et

494 3936 632 4007 Suevos
646 3938 790 4008 nomine
804 3935 953 4010 Dotrula
970 3962 1050 4008 cum
1063 3940 1206 4030 oppidis
1228 3965 1318 4034 quae
1341 3941 1468 4021 tenuit,
1517 3945 1673 4036 primum
1700 3943 1745 4010 ad
1769 3940 1894 4007 urbem
1917 3935 2101 4004 Patavium
2131 3934 2294 4018 accessit,
2327 3933 2365 4002 in
2387 3956 2494 4026 quam

493 4039 555 4129 qui
576 4037 734 4108 vicinum
757 4062 870 4107 unum
893 4063 934 4109 ex
956 4038 1099 4129 triginta
1121 4039 1336 4112 Feroaldum
1367 4042 1469 4132 cepit,
1519 4066 1597 4114 cum
1621 4043 1713 4110 faces
1741 4036 1871 4105 multas
1894 4034 2065 4103 iaculatus
2098 4048 2203 4120 esset,
2242 4054 2368 4122 magna
2395 4047 2494 4125 parte

495 4149 528 4206 et
544 4136 672 4209 occidit
687 4138 873 4230 profligato
896 4141 1060 4214 exercitu.
1520 4142 1760 4213 aedificiorum
1778 4136 1943 4205 incendio
1958 4148 2185 4223 consumpta,
2208 4135 2298 4206 lacta
2316 4148 2368 4206 est
2390 4133 2494 4203 dedi-

513 4320 516 4324 Α
592 4238 636 4306 In
650 4235 716 4310 bac
729 4235 876 4310 historia
889 4241 1098 4312 nominatim
1111 4237 1356 4313 fitSaxonnm
1368 4264 1470 4310 men·
1517 4245 1581 4315 tio.
1634 4239 1739 4331 Quod
1764 4236 1940 4330 reliquum
1961 4234 2029 4304 fuit
2056 4235 2156 4304 urbis
2180 4234 2335 4305 dimissis
2355 4235 2494 4304 civibus

497 4336 566 4419 tio,
589 4335 651 4428 qni
666 4338 907 4410 cuminissent
922 4339 1287 4429 inLongobardornm
1304 4342 1469 4427 exercitu,
1518 4345 1738 4415 combustum
1771 4352 1823 4409 cst
1860 4360 1955 4404 anno
1991 4334 2180 4406 centesimo
2207 4349 2242 4407 et
2271 4334 2495 4424 octogesimo,

496 4435 761 4523 aegreferentes
785 4462 907 4510 eorum
932 4440 1210 4512 dominationem
1233 4431 1413 4515 redierunt
1429 4444 1467 4511 in
1491 4504 1494 4513 .
1518 4460 1703 4537 postquam
1717 4441 1762 4511 ab
1779 4437 1890 4510 Attila
1914 4437 2027 4505 luerat
2048 4436 2172 4509 deleta.
2221 4434 2362 4507 Rursus
2385 4433 2493 4524 igitur

496 4535 646 4626 patriam
660 4536 805 4610 adiutis
825 4563 907 4629 rege
922 4537 1091 4611 Francico
1108 4535 1314 4634 Sigeberto,
1338 4557 1373 4613 et
1392 4543 1468 4614 non
1518 4569 1643 4635 magna
1661 4541 1854 4612 multitudo
1870 4537 1955 4606 inde
1969 4537 2126 4625 migrans
2139 4535 2236 4608 auxit
2246 4535 2415 4606 Venetam
2429 4559 2494 4604 ur-

497 4637 573 4705 sine
594 4635 730 4725 magnis
757 4642 897 4727 praeliis
926 4654 1078 4710 veterem
1110 4643 1259 4733 patriam
1283 4667 1469 4735 recupera·
1517 4648 1610 4719 bem.
1660 4641 1784 4713 Postea
1799 4637 2009 4710 Cremonam
2032 4637 2172 4707 delevit.
2221 4636 2369 4707 Mantua
2391 4635 2493 4704 dedi-

497 4749 634 4810 verunt.
686 4733 779 4825 Quia
794 4737 911 4827 suevi,
935 4741 971 4810 id
990 4755 1052 4825 est,
1079 4742 1266 4814 Pomerani
1282 4745 1320 4812 in
1337 4768 1376 4815 ea
1391 4746 1468 4816 loca
1517 4747 1615 4818 tione
1628 4756 1764 4815 serrata
1779 4755 1852 4823 est,
1878 4739 1937 4807 sed
1954 4740 2086 4809 nudata
2101 4738 2299 4823 moenibus,
2348 4732 2492 4807 Deinde

495 4837 717 4909 transierant.
767 4833 851 4908 Ideo
866 4839 1092 4933 Longobardi
1109 4843 1240 4912 bellum
1258 4842 1398 4915 Galliae
1412 4847 1467 4915 vi·
1517 4847 1626 4918 totius
1642 4843 1764 4916 ltaliae
1776 4839 1964 4932 imperium
1987 4860 2132 4930 sperans
2153 4839 2345 4910 exercitum
2368 4839 2412 4906 ad
2430 4859 2492 4906 ur·

496 4936 595 5007 cinae
613 4935 835 5008 Narbonensi
850 4937 1059 5015 intulerunt.
1111 4940 1153 5012 ln
1172 4941 1227 5014 bis
1248 4944 1468 5016 difficultati·
1490 4924 1493 4959 '
1517 4950 1597 5018 bem
1622 4944 1776 5017 Romam
1807 4939 1973 5023 adduxit,
2012 4963 2119 5031 quam
2149 4940 2327 5030 integrum
2356 4960 2497 5011 annum.

496 5037 563 5105 bus
586 5061 666 5107 cum
687 5040 850 5111 viderent
871 5041 977 5112 duces
1012 5069 1086 5115 uno
1114 5044 1350 5134 gubernatore
1377 5070 1467 5140 opus
1516 5061 1683 5140 perpetua
1700 5040 1886 5113 obsidione
1898 5039 2077 5127 fatigavit,
2102 5043 2162 5110 sed
2185 5041 2327 5113 tandem
2348 5051 2493 5130 propter

496 5160 591 5223 esse,
615 5162 737 5209 rursus
750 5155 959 5212 creaverunt
974 5166 1101 5234 regem.
1517 5148 1626 5216 malas
1640 5154 1857 5236 tempestates
1873 5154 1907 5212 et
1929 5141 2024 5208 luem
2045 5140 2179 5233 ubique
2200 5153 2414 5231 genuensem
2427 5138 2491 5206 ab·

506 5266 507 5269 ¹
597 5232 635 5308 T
634 5239 747 5310 critias
760 5265 820 5311 rex
835 5239 1149 5331 Longobardorum
1161 5239 1353 5318 Authnrns
1373 5247 1468 5318 lilius
1490 5311 1493 5329 ,
1517 5248 1619 5318 drrxit
1644 5243 1853 5325 exercitum,
1892 5241 2136 5331 deprecatione
2175 5242 2285 5329 ,ctiam
2323 5236 2491 5325 Gregorii

494 5335 659 5429 Clepbis,
683 5342 845 5433 regnavit
858 5364 972 5411 annos
985 5363 1060 5422 sex,
1084 5346 1206 5420 mitior
1220 5363 1336 5437 patre,
1362 5362 1396 5418 et
1411 5349 1469 5420 iu·
1516 5346 1684 5440 Episcopi
1700 5341 1855 5419 Romani
1870 5355 2006 5426 motus,
2031 5341 2093 5434 qui
2108 5344 2321 5433 perfecerat,
2340 5336 2491 5408 utSma·

495 5439 583 5510 stior
601 5441 639 5509 in
656 5441 931 5532 gubernatione,
956 5442 1108 5513 conditis
1121 5446 1258 5538 legibus
1277 5440 1372 5518 inter
1386 5472 1468 5519 suos
1517 5451 1646 5539 ragdos
1661 5440 1844 5517 Exarcbus
1858 5443 2059 5513 restitueret
2074 5456 2109 5514 et
2129 5445 2238 5513 liliam
2265 5451 2299 5509 ct
2320 5458 2490 5527 generum

494 5539 679 5613 latrocinia
694 5540 890 5635 probibuit.
918 5540 1081 5636 Cumque
1094 5542 1297 5639 recuperato
1311 5547 1468 5620 Brixello
1517 5563 1552 5620 et
1572 5551 1697 5620 urbem
1718 5544 1895 5615 Parmam.
1959 5539 2115 5614 Domum
2143 5544 2281 5614 rediens
2301 5539 2492 5630 despondit

495 5635 683 5712 Dotrulam
699 5644 855 5716 Suevum
879 5643 1083 5734 expulisset,
1117 5646 1307 5734 fugientem
1323 5649 1468 5723 Raven-
1517 5649 1752 5720 filiouxorem
1772 5646 1882 5714 filiam
1898 5643 1990 5733 regis
2010 5641 2190 5725 francici,
2214 5654 2249 5711 et
2268 5660 2386 5730 pacem
2410 5662 2491 5709 cum

495 5762 596 5824 nam,
622 5742 782 5816 inducias
799 5746 881 5818 iecit
894 5770 973 5817 cum
989 5740 1151 5814 Exarcbo
1168 5744 1377 5840 Smaragdo:
1405 5776 1469 5843 pa·
1517 5747 1634 5821 Phoci
1649 5749 1860 5840 imperatore
1878 5732 1979 5831 lacit,
2004 5766 2074 5838 qua
2097 5740 2286 5812 constituta
2307 5738 2491 5833 aliquanto

493 5863 569 5910 cem
598 5843 703 5915 ctiam
724 5847 807 5922 lecit
828 5844 910 5918 cuin
941 5869 1021 5938 rege
1050 5843 1239 5917 Francico:
1283 5853 1468 5943 coniugem
1518 5866 1597 5944 post
1611 5862 1772 5922 manuus
1786 5859 1850 5922 est.
