6025 6775
419 566 591 711 eos
732 620 944 705 scalers
968 624 1047 701 ru.
1072 618 1190 701 nan
1216 618 1284 697 sn
1308 617 1439 700 ntsr.
1462 615 1609 698 reor.
1635 612 1704 693 ar
1729 561 1922 697 eureos,
1947 620 2270 705 seecmurn.
2439 635 2518 709 eos

496 822 556 892 ut,
581 826 661 874 cum
681 798 811 872 Franci
837 800 905 869 late
930 797 1218 876 dominarentur.
1244 816 1371 887 magna
1394 817 1475 888 pers
1627 794 1741 862 Deiteit
1755 796 1969 880 Hermisium,
1994 804 2080 867 nudo
2104 809 2278 871 mim„
2292 809 2375 874 fulve

501 903 714 980 Germaniae
732 916 766 972 el
780 896 921 969 Galliae
939 891 1108 967 Francia
1123 899 1216 967 dicta
1238 910 1300 966 eal.
1628 896 1794 980 Caesaries,
1818 902 1954 987 nudique
1966 904 2108 986 humeri,
2134 931 2191 971 neo
2203 914 2327 975 vulnera
2340 924 2460 978 terreat·

596 1001 732 1075 Heneti
754 998 921 1072 aVistula
936 1000 980 1068 ad
999 998 1121 1068 Albim
1139 1000 1390 1085 procedentes,
1415 997 1477 1065 de·
1629 998 1746 1063 Tantus
1759 1007 1792 1063 iu
1805 1023 1888 1065 mma
1909 1017 2003 1086 petet.

503 1111 631 1179 derunt
651 1125 760 1174 noves
774 1100 1029 1193 appellationes
1046 1098 1184 1170 Silesiis
1199 1112 1233 1169 et
1250 1098 1373 1169 multis
1389 1097 1479 1167 vici·
1527 1093 1627 1166 Haec
1651 1096 1696 1165 dc
1712 1090 1873 1190 Augusti
1895 1099 2116 1190 temporibus
2139 1120 2330 1178 annotasse
2352 1108 2437 1179 setis
2457 1110 2514 1194 sit,

504 1212 577 1293 nis,
608 1206 672 1275 etsi
699 1226 762 1293 ego
794 1201 937 1296 quidem
961 1199 1143 1285 existimo,
1183 1197 1340 1271 Henctos
1373 1198 1479 1268 etiam
1529 1198 1574 1266 de
1599 1219 1669 1289 qua
1695 1196 1890 1286 cogitantes
1918 1202 2151 1289 praesentiam
2173 1201 2257 1285 Dei
2287 1208 2326 1277 in
2350 1209 2513 1301 imperiis

506 1323 585 1377 ente
617 1300 785 1375 Gottbica
817 1316 977 1393 tempora
1014 1299 1144 1370 mixtos
1176 1302 1284 1370 luisse
1316 1300 1480 1388 gentibus
1529 1319 1772 1387 agnoscamus.
1821 1294 1914 1368 Cum
1936 1313 2030 1371 totus
2052 1304 2337 1377 orbisterrarum
2356 1311 2516 1381 extincto

505 1406 730 1490 Teutonicis‚
764 1404 846 1496 quie
867 1400 966 1472 Dion
993 1424 1150 1492 expresse
1184 1401 1323 1486 scribit,
1357 1398 1481 1469 Albim
1530 1395 1643 1484 lulio,
1677 1397 1845 1469 civilibus
1864 1399 1968 1470 bellis
1989 1405 2146 1490 arderet,
2172 1402 2268 1476 Deus
2292 1403 2391 1479 hunc
2413 1412 2549 1491 iuve·,

506 1510 591 1580 oriri
609 1508 646 1575 in
664 1502 1070 1574 montibusVandalicis.
1529 1522 1634 1583 nem,
1668 1499 1732 1593 qui
1755 1522 1831 1569 non
1852 1514 1929 1571 erat
1956 1502 2164 1594 praeliator,
2192 1506 2403 1579 mirabiliter
2424 1511 2518 1581 texit

605 1606 711 1699 Apud
730 1604 895 1675 Tacitum
913 1616 996 1673 sunt
1009 1599 1161 1696 Elysii,
1188 1599 1351 1670 videlicet
1362 1598 1481 1671 Silesii
1530 1612 1566 1669 et
1580 1598 1737 1685 adiuvit,
1761 1612 1795 1670 et
1809 1623 1875 1691 per
1888 1624 1970 1671 eum
1985 1603 2141 1674 restituit
2153 1605 2192 1675 in
2214 1607 2362 1698 imperio
2378 1633 2514 1701 pacem,

506 1707 738 1790 autleusatii,
764 1719 897 1775 mutata
915 1726 1001 1773 voce
1018 1704 1200 1772 insonum
1218 1702 1481 1791 elegantiorem.
1531 1699 1643 1788 leges,
1677 1700 1827 1785 iudicia,
1867 1715 1904 1773 et
1931 1705 2199 1792 gubernationis
2227 1709 2406 1791 ordinem,
2437 1735 2511 1802 quo

607 1808 684 1878 Hac
698 1807 800 1877 brevi
810 1804 997 1873 nominum
1009 1803 1241 1896 explicatione
1250 1803 1290 1871 in
1304 1801 1370 1872 hoc
1385 1826 1482 1871 com·
1531 1799 1628 1870 stetit
1653 1801 1911 1893 aliquantisper
1932 1806 1978 1872 ad
2003 1819 2159 1895 posteros
2181 1802 2268 1877 baec
2294 1806 2516 1883 monarchia.

506 1910 636 2000 pendia
653 1906 812 1977 contenti
825 1906 946 1974 simus.
1531 1898 1596 1969 Est
1611 1899 1720 1990 igitur
1737 1902 1918 1992 Augustus
1933 1904 2028 1976 iuter
2041 1907 2235 1997 sapientes,
2259 1910 2371 1978 bonos
2391 1925 2425 1982 et
2438 1910 2516 1981 uti-

607 2003 744 2101 Pagua
758 2000 956 2073 Harmiuii
966 2002 1054 2075 laeta
1071 2017 1123 2074 est
1139 2002 1176 2071 in
1184 2002 1386 2075 Westvalie
1406 2025 1481 2070 uon
1530 1999 1582 2069 les
1597 2001 1718 2090 generi
1733 1998 1889 2073 humano
1906 2004 2088 2097 principes
2105 2011 2360 2093 numerandus,
2376 2024 2411 2079 et
2425 2033 2514 2079 con·

507 2110 631 2203 procul
648 2134 665 2177 a
684 2106 882 2188 Padeburn,
908 2105 1002 2175 inter
1017 2103 1321 2195 fluviosLippiam
1336 2102 1483 2172 etAmi-
1531 2100 1762 2173 siderandum
1785 2117 1853 2187 est,
1894 2128 2057 2195 maguam
2082 2108 2308 2200 sequentium
2330 2110 2516 2178 dissimili-

510 2213 610 2280 siam.
649 2207 721 2278 'Sic
748 2207 844 2275 enim
865 2204 1009 2276 Tacitus
1036 2227 1196 2295 expresse
1218 2205 1350 2297 inquit:
1383 2201 1484 2292 Qua·
1532 2203 1694 2272 tudinem
1709 2224 1802 2287 esse,
1825 2215 1867 2274 nt
1888 2206 2061 2279 donellei
2086 2208 2332 2296 discernamus
2358 2235 2378 2279 a
2403 2210 2517 2301 pesti·

509 2332 648 2400 cunque
672 2319 843 2377 vestatum
866 2299 961 2376 haud
977 2306 1101 2395 procul
1115 2304 1397 2393 Teutoburgensi
1413 2304 1485 2372 sal·
1533 2302 1599 2373 bus
1614 2303 1753 2393 generis
1767 2298 1930 2379 humani.
2104 2297 2106 2302 ’

510 2426 570 2489 tu,
596 2410 634 2476 in
651 2431 723 2501 quo
738 2406 908 2497 reliquiae
919 2402 1007 2475 Vari
1020 2406 1219 2496 legionum,
1243 2429 1372 2498 eaeque
1389 2406 1483 2473 inse·
1779 2418 1783 2430 ¹

510 2510 629 2602 pultae
653 2508 875 2577 dicebantur.
941 2504 996 2576 Ibi
1018 2502 1229 2576 Herminius
1253 2508 1325 2576 dux
1347 2501 1486 2578 Cheru·
1634 2506 1742 2574 Anno
1765 2506 1894 2576 mundi
1922 2520 1977 2578 ter
2002 2506 2207 2594 millesimo,
2241 2511 2518 2601 nongentesimo

511 2633 649 2680 scorum
663 2608 1036 2695 etLongobardorum,
1060 2605 1266 2677 utVelleius
1282 2620 1420 2690 narrat,
1445 2607 1484 2674 id
1534 2606 1790 2699 septuagesimo
1814 2630 1925 2678 nono.
1986 2639 1994 2652 ·

512 2725 580 2794 est,
604 2704 730 2777 hanam
744 2707 929 2796 regionum
947 2707 1040 2777 inter
1054 2708 1177 2777 Albim
1193 2722 1227 2779 et
1241 2710 1375 2801 sylvam
1391 2705 1485 2777 Har·
1635 2707 1744 2776 Anno
1760 2730 1780 2776 a
1797 2708 1940 2779 condite
1956 2704 2074 2780 Roma
2095 2707 2398 2799 septingentesimo
2412 2732 2519 2779 sexa-

511 2811 660 2893 ciniam,
686 2832 775 2901 quae
791 2832 887 2878 nunc
900 2808 1043 2899 proprie
1058 2832 1188 2878 nomen
1211 2806 1344 2879 habeut
1360 2804 1486 2878 Succo-
1534 2807 1667 2899 gesimo
1682 2807 1844 2898 septimo.

404 2940 408 2947 ·
514 2910 619 2994 nias,
644 2932 706 2980 seu
727 2909 881 2997 regionis
896 2907 1220 2999 Meideburgeusis,
1247 2906 1486 2980 Goslariensis
1636 2908 1745 2979 Anno
1771 2932 1793 2978 e
1819 2922 1903 2980 nato
1926 2899 2080 2979 Christo
2109 2931 2151 2977 ex
2180 2907 2320 3000 virgine
2345 2911 2515 3001 septimo·

513 3026 546 3081 et
563 3009 852 3089 ansvicensis,
878 3009 1010 3080 delevit
1031 3023 1102 3080 tres
1116 3009 1299 3082 Romanas
1320 3012 1487 3101 legiones,
1535 3008 1686 3080 decimo.
1986 3037 1991 3043 ·

513 3106 675 3206 Quintil.
694 3104 740 3184 V
735 3133 825 3178 orus
841 3111 910 3178 sibi
928 3110 994 3201 ipsi
1010 3112 1359 3184 murtemcouscivit.
1409 3110 1487 3181 Ro·
1636 3105 1811 3180 Tiberius
1843 3107 2040 3205 imperator
2069 3111 2237 3180 successit
2259 3105 2448 3203 Angusto,
2480 3126 2519 3181 et

512 3235 590 3281 mee
619 3211 700 3280 ideo
729 3224 827 3281 tenta
858 3213 1093 3282 consternatio
1116 3210 1205 3297 fuit,
1246 3225 1286 3282 ut
1307 3211 1487 3300 Augustus
1537 3210 1654 3282 stetim
1677 3212 1781 3281 initio
1800 3207 1951 3283 Senatus
1973 3212 2009 3278 iu
2036 3210 2365 3282 eiusactaiuravit.
2419 3212 2518 3283 Fue·

515 3335 616 3406 saepe
640 3313 864 3381 exclamaret:
901 3309 1056 3401 Quintili
1076 3314 1183 3383 redde
1204 3313 1379 3403 legiones,
1404 3313 1487 3405 quia
1536 3326 1593 3382 ret
1607 3326 1725 3383 autem
1739 3316 1924 3404 adoptatus
1937 3313 1981 3381 ab
1998 3312 2169 3402 Augusto,
2190 3335 2270 3380 cum
2288 3326 2377 3382 esset
2389 3311 2520 3384 Liviae

513 3416 717 3486 metuebant
736 3410 962 3483 ffirntinium
985 3428 1078 3486 recta
1101 3418 1139 3483 in
1158 3413 1294 3485 ltaliam
1318 3415 1488 3484 transitu·
1537 3415 1653 3498 tilius,
1678 3428 1712 3485 et
1726 3414 1951 3507 prudentiam
1966 3437 2005 3483 ec
2021 3414 2368 3503 circumspectionem
2386 3415 2464 3485 eius
2480 3418 2521 3485 in

515 3540 596 3587 rum
612 3539 702 3599 esse,
726 3529 767 3585 ut
783 3515 872 3584 olim
884 3512 1022 3585 Cimbri
1037 3516 1203 3588 fecerant.
1256 3512 1325 3586 Sed
1340 3528 1414 3585 arte
1431 3538 1490 3583 re·
1538 3515 1699 3603 regendis
1714 3515 1923 3586 exercitibus
1937 3514 2116 3603 Augustus
2136 3515 2327 3604 probasset.
2379 3514 2521 3607 Tenuit

515 3637 655 3708 pressus
669 3629 720 3685 est
735 3615 962 3701 Herminius,
988 3617 1072 3709 quie
1097 3617 1263 3687 adversus
1281 3640 1360 3686 eum
1378 3615 1489 3685 vicini
1539 3615 1728 3707 imperium
1745 3615 2001 3704 annosviginti
2017 3630 2096 3684 tres.
2144 3614 2265 3685 Mores
2281 3617 2408 3708 privati
2425 3644 2521 3711 que·

516 3716 681 3786 conducti
696 3729 799 3804 sunt,
822 3719 867 3787 ab
882 3717 989 3787 alter'a
1014 3732 1112 3807 parte
1127 3718 1286 3802 Boiemi,
1311 3719 1357 3787 ab
1380 3716 1490 3787 altera
1539 3716 1590 3784 les
1604 3717 1755 3802 fuerint,
1781 3716 2018 3807 significanter
2031 3716 2186 3787 ostendit
2203 3718 2390 3809 descriptio
2407 3718 2523 3790 Prae·

509 3807 634 3888 Saevi.
1457 3865 1459 3869 ψ
1540 3819 1709 3908 ceptoris,
1747 3841 1826 3887 cum
1855 3815 2056 3888 nominavit
2086 3839 2167 3885 eum
2198 3818 2314 3888 lutum
2343 3821 2523 3908 sanguine

617 3916 684 3987 His
709 3914 870 3989 hostibus
884 3914 1028 3986 domitis
1045 3915 1153 3985 crevit
1167 3915 1347 3987 Harminii
1364 3931 1489 4008 poten·
1540 3930 1766 3992 maceratum.
1816 3916 1901 3987 Fuit
1916 3917 2011 3986 enim
2027 3930 2152 3987 natura
2169 3917 2343 4004 insuavis,
2368 3919 2524 4006 ironica,

516 4019 576 4104 tie,
597 4043 677 4089 cum
693 4021 764 4089 iam
779 4031 916 4090 teneret
928 4012 990 4086 bes
1005 4017 1164 4108 regiones
1178 4020 1375 4104 continuas,
1399 4041 1490 4111 quae
1541 4031 1574 4087 et
1590 4019 1775 4088 saeviciam
1792 4018 2047 4111 aliquantisper
2061 4019 2251 4104 occultans,
2266 4033 2298 4090 et
2312 4033 2424 4094 tamen
2441 4019 2518 4086 im-

516 4145 612 4190 nunc
628 4121 862 4191 nominantur
882 4117 1097 4206 Westvalia,
1120 4116 1300 4201 Hercinia‚
1326 4118 1491 4205 Saxouia,
1542 4142 1651 4211 pura,
1677 4141 1777 4188 saeva
1799 4142 1839 4186 ac
1855 4118 1991 4209 lupina.

515 4216 699 4305 Marchia,
723 4218 866 4314 Mysnie
886 4233 920 4290 et
943 4214 1136 4306 Bohemia,
1171 4245 1340 4315 quarum,
1367 4221 1396 4289 si
1418 4220 1490 4290 sint
1642 4219 1749 4290 Anno
1770 4219 2034 4311 quintodecimo
2058 4215 2198 4290 Tiberii
2222 4211 2390 4288 chrestus
2413 4241 2519 4292 anno

516 4321 724 4390 coniunctae
738 4335 772 4391 et
786 4324 988 4406 concordes,
1012 4345 1177 4411 magnum
1197 4323 1308 4392 robur
1324 4344 1397 4392 esse
1413 4345 1491 4391 me·
1541 4321 1716 4390 tricesimo
1749 4319 1872 4390 aetatis
1902 4341 1985 4389 suae
2011 4320 2204 4410 baptisatus
2231 4331 2282 4389 est
2303 4341 2324 4387 e
2346 4313 2519 4392 Iohanne

486 4466 489 4470 -
515 4423 681 4493 nisestum
702 4434 763 4496 est.
1540 4420 1709 4511 Baptista.
1761 4420 1922 4513 Suntque
1945 4419 2097 4492 illustria
2121 4418 2319 4492 testimonia
2335 4419 2521 4510 baptismo

618 4522 709 4594 Cum
741 4537 857 4595 autem
891 4545 1005 4593 anuos
1037 4522 1224 4592 duodecim
1256 4537 1336 4613 post
1358 4523 1490 4593 deletas
1542 4522 1682 4605 addite,
1714 4523 1752 4590 in
1780 4523 1911 4614 quibus
1941 4545 1977 4592 se
2005 4520 2100 4593 Deus
2127 4519 2310 4591 manifeste
2340 4523 2520 4611 patefecit,

518 4621 687 4709 Quintilii
711 4626 866 4714 legiones
885 4626 1037 4717 patriam
1058 4637 1092 4694 et
1115 4623 1247 4692 vicinas
1259 4623 1419 4715 regiones
1434 4624 1490 4693 vi·
1541 4645 1631 4715 quae
1646 4620 1829 4711 cogitanda
1845 4635 1928 4693 sunt
1942 4623 2098 4716 quotidie
2115 4621 2150 4688 in
2166 4620 2413 4707 invocatione,
2434 4646 2520 4692 cum

518 4736 593 4790 ctor
607 4726 786 4814 tenuisset,
811 4738 843 4794 et
859 4749 933 4794 non
953 4726 1067 4794 solum
1081 4725 1195 4794 virtus
1212 4724 1298 4809 eius,
1320 4725 1382 4792 sed
1396 4739 1490 4795 eetas
1542 4723 1775 4794 discernimus
1807 4735 1964 4794 nostram
1998 4721 2255 4794 invocationem
2290 4724 2336 4793 ab
2365 4717 2519 4806 ethnica,

518 4822 621 4891 etiem
645 4824 880 4892 formidabilis
905 4836 1012 4910 esset,
1038 4825 1122 4894 dolo
1139 4823 1277 4892 Tiberii
1298 4825 1489 4914 imperato-
1540 4814 1766 4914 agnoscentes
1788 4837 1971 4896 aeternnm
1993 4838 2154 4935 petrem*
2182 4823 2297 4893 filium
2319 4820 2519 4892 Dominum

518 4922 569 4990 ris
590 4923 728 5010 cognati
752 4922 862 5013 ipsius
887 4924 1071 5008 conducti,
1096 4923 1287 4994 domicum
1306 4923 1490 4993 intersece-
1541 4939 1702 4998 nostmm
1722 4924 1839 4996 lesum
1862 4919 2066 5011 Christum,
2090 4937 2125 4994 et
2150 4922 2324 5015 Spiritum
2346 4935 2525 5010 sanctum,

518 5034 613 5090 runt.
665 5021 713 5094 Et
730 5039 852 5098 narret
874 5024 1020 5097 Tacitus
1040 5024 1262 5097 interfectum
1292 5047 1365 5095 esse
1393 5048 1488 5095 anno
1542 5040 1578 5097 et
1600 5027 1792 5117 cogitantes
1818 5050 1882 5098 eur
1903 5028 2039 5100 miserit
2054 5039 2217 5098 aeternus
2235 5037 2335 5116 pater
2352 5023 2470 5094 lilium
2485 5039 2523 5096 et

517 5121 640 5193 aetatis
655 5146 736 5194 suae
751 5128 928 5199 tricesimu
943 5127 1104 5221 septimo·
1143 5126 1226 5200 Fuit
1242 5129 1353 5217 igitur
1367 5126 1489 5217 singu·
1541 5125 1716 5219 Spiritum
1740 5140 1910 5201 sanctum.
1960 5124 2031 5198 Hic
2050 5150 2173 5199 rursus
2197 5125 2413 5196 admouendi
2436 5137 2522 5197 sunt

516 5223 601 5293 laris
624 5236 769 5295 naturae
793 5230 1023 5319 praestantia,
1050 5255 1130 5301 eum
1152 5229 1291 5300 iuvenis
1305 5251 1362 5298 res
1375 5241 1489 5300 tantas
1542 5230 1700 5300 iuniores
1729 5233 1774 5301 de
1805 5226 2045 5320 praedictione
2065 5227 2245 5313 Danielis,
2278 5227 2380 5298 cuius
2409 5228 2524 5297 verba

410 5379 417 5387 ,
516 5325 670 5416 gesserit.
722 5323 880 5397 Tantum
906 5330 1003 5399 enim
1030 5329 1184 5402 triennio
1208 5329 1490 5422 superevitAle·
1541 5355 1620 5401 cum
1643 5335 1688 5403 de
1707 5331 1830 5423 multis
1850 5327 1986 5416 magnis
2008 5331 2113 5402 rebus
2136 5351 2203 5399 nos
2218 5329 2368 5406 doceant
2383 5340 2530 5399 etcon·

515 5426 641 5496 xendri
657 5438 818 5499 aetatem.
1540 5433 1699 5517 firment,
1731 5451 1832 5521 saepe
1863 5428 2049 5518 cogitanda
2077 5444 2172 5505 suut.
2223 5425 2531 5521 Complectuntur

610 5524 785 5599 Existimo
803 5525 992 5613 Virgilium
1016 5529 1059 5597 ed
1081 5523 1177 5598 hune
1190 5523 1417 5602 Herminium
1435 5533 1488 5602 al·
1541 5535 1637 5603 euim
1650 5527 1837 5620 Evangelii
1851 5547 2043 5616 summam,
2067 5548 2103 5603 et
2125 5531 2234 5603 simul
2252 5530 2415 5601 indicant
2429 5544 2533 5602 tem·

511 5626 646 5714 ludere,
660 5653 739 5701 cum
755 5629 866 5700 alium
877 5629 1053 5719 quendam
1069 5622 1137 5698 huc
1152 5627 1297 5698 nomine
1308 5632 1487 5710 describit.
1539 5656 1625 5723 pus,
1656 5653 1736 5724 quo.
1748 5628 1896 5703 Messias
1924 5649 1960 5707 et
1988 5635 2264 5706 concionaturus
2293 5644 2329 5704 et
2351 5654 2535 5723 passurus

507 5723 597 5802 Fuit
615 5732 710 5802 enim
726 5726 925 5806 Cheruscos
941 5725 1152 5817 Herminius
1164 5727 1301 5809 Romae
1316 5735 1435 5804 obses:
1539 5747 1627 5820 erat,
1646 5745 1759 5806 eunte
1774 5727 1890 5807 adhuc
1905 5733 2140 5833 lerosolyms,
2164 5748 2199 5806 et
2215 5732 2407 5806 adfirment
2422 5735 2536 5814 sutu-
