6025 6775
384 684 460 762 soa
1070 681 1099 757 1.
1138 667 1705 796 CHRONtCONcARtONIS.
1772 705 1774 710 ·
1895 613 1897 618 ’
2329 690 2404 764 aaa

383 869 536 947 apatre,
561 860 800 951 quodcunque
819 856 942 941 vellet,
967 854 1074 947 idque
1091 866 1225 944 patrem
1241 850 1364 941 largiri
1386 848 1391 954 Ι
1413 849 1568 920 ostendit
1592 844 1846 941 Tissapherni,
1878 852 2058 925 utiliorem
2080 857 2112 926 ei
2136 858 2280 928 classem
2302 853 2399 931 Atti-

382 973 575 1051 oporterct,
608 958 703 1028 filius
726 958 907 1051 Aspasiam
930 956 1066 1047 petivit.
1117 952 1196 1025 Etsi
1222 954 1365 1024 dolebat
1386 961 1390 990 ¹
1413 976 1490 1022 cam
1509 953 1607 1037 -lore,
1642 965 1675 1022 et
1697 952 1847 1042 superba
1871 966 1915 1025 et·
1928 979 2034 1026 avara
2055 958 2204 1051 imperia
2220 960 2397 1030 Lacedae-

382 1084 459 1134 eam
482 1073 581 1149 pater
602 1083 622 1128 a
644 1083 681 1128 sc
703 1060 849 1142 abduci,
875 1057 972 1126 dedit
994 1067 1131 1137 tamen,
1158 1079 1224 1125 nec
1248 1053 1362 1123 multo
1411 1053 1615 1123 moniorum
1651 1052 1690 1121 in
1722 1055 1845 1125 odium
1873 1057 2079 1132 adducebat.
2132 1058 2185 1130 Ac
2209 1060 2394 1156 aliquanto

380 1173 463 1252 post
483 1182 608 1231 rursus
629 1161 767 1250 eripuit.
817 1157 905 1227 lude
928 1158 1022 1228 inter
1041 1171 1177 1248 patrem
1200 1154 1361 1225 etlilium
1411 1166 1490 1247 post
1512 1157 1556 1224 ad
1586 1157 1777 1225 exercitum
1800 1153 1978 1243 Atticum,
2011 1161 2073 1253 qui
2103 1160 2141 1230 in
2172 1160 2279 1234 Sarno
2309 1177 2396 1244 crat,

380 1275 459 1332 orta
481 1262 675 1342 simultate,
708 1260 802 1329 filius
821 1258 992 1330 incitatos
1016 1252 1050 1327 et
1070 1259 1211 1328 adiutus
1227 1281 1246 1326 a
1263 1255 1363 1327 Tiri·
1412 1257 1647 1349 proficiscitur
1658 1256 1736 1348 ipse
1750 1282 1910 1351 quoqne,
1936 1257 2000 1329 ubi
2023 1257 2217 1334 honorifice
2232 1277 2395 1356 exceptus

379 1364 491 1446 bezo,
514 1362 699 1432 constituto
714 1374 872 1452 tempore
887 1384 967 1429 cum
984 1360 1128 1430 armatis
1142 1357 1309 1448 irrumpit
1323 1357 1361 1425 in
1411 1359 1474 1431 'est
1526 1354 1615 1429 Erat
1635 1371 1753 1429 autem
1770 1355 1826 1429 hic
1841 1362 2011 1431 exercitus
2026 1358 2186 1434 Athenas
2209 1366 2395 1455 navigatu-

383 1462 582 1533 cnbiculum
600 1462 727 1549 patris,
753 1476 794 1532 ut
819 1486 898 1530 eum
924 1462 1123 1534 interficiat.
1175 1458 1244 1530 Sed
1260 1482 1361 1548 prae-
1410 1485 1492 1545 rus,
1517 1471 1558 1530 ut
1577 1471 1706 1530 statum
1732 1458 2100 1552 Quadringentorum,
2126 1466 2188 1560 qui
2211 1489 2332 1536 recens
2355 1468 2395 1536 iu

382 1563 538 1633 monitus
550 1572 649 1651 pater
663 1562 787 1652 effugit
801 1561 968 1646 insidias,
995 1575 1028 1631 et
1050 1563 1103 1631 ibi
1123 1561 1311 1631 Tiribazus
1329 1571 1362 1628 et
1411 1559 1587 1630 discordia
1629 1560 1760 1631 civium
1802 1565 2013 1634 constitutus
2048 1580 2139 1654 erat,
2186 1570 2392 1640 destrueret.

382 1661 507 1735 caeteri
521 1662 666 1733 comites
682 1663 844 1733 arinatia
866 1665 978 1753 patris
998 1665 1208 1734 satellitibus
1225 1661 1362 1731 interii·
1411 1657 1500 1731 Eam
1519 1661 1562 1729 ad
1579 1682 1653 1729 rem
1668 1664 1792 1730 ducem
1810 1688 1889 1751 csse
1903 1661 2124 1738 Alcibiadem
2144 1670 2269 1742 voluit.
2321 1667 2393 1739 Sed
2502 1687 2505 1693 ·

382 1766 542 1847 ciuntur,
567 1763 662 1833 filius
684 1760 815 1833 Darius
836 1765 991 1854 capitur,
1017 1777 1051 1836 ct
1073 1777 1191 1857 postea
1211 1788 1250 1833 re
1265 1762 1362 1832 iudi·
1411 1762 1616 1834 Alcibiades
1638 1760 1826 1851 imperium
1850 1768 2007 1857 accipere
2030 1770 2165 1849 noluit,
2192 1771 2316 1840 videns
2340 1770 2392 1839 ci·

378 1878 454 1936 cata
485 1864 525 1932 iu
547 1862 753 1957 Principum
784 1866 933 1936 consilio
958 1865 1056 1960 (quia
1082 1880 1179 1957 pater
1202 1865 1296 1934 solus
1317 1864 1361 1930 de
1391 1888 1471 1935 ¹ves
1494 1887 1574 1933 curn
1599 1860 1736 1931 civibus
1762 1864 1992 1937 dimicaturos
2015 1892 2100 1941 esse.
2152 1868 2205 1940 lta
2220 1884 2304 1941 tuuc
2318 1892 2392 1942 ser·

377 1966 453 2034 filio
468 1988 550 2055 rege
567 1979 719 2037 statuere
734 1963 870 2061 noluit)
894 1967 1114 2039 interficitur.
1164 1965 1262 2036 Haec
1276 1986 1361 2056 poc·
1411 1966 1509 2038 vavit
1531 1963 1700 2057 patriam,
1733 1963 1817 2057 quia
1844 1964 2033 2056 imperium
2058 1985 2180 2042 contra
2203 1968 2291 2045 400.
2316 1996 2392 2043 non

377 2090 425 2137 na
446 2078 593 2160 sequuta
617 2082 670 2139 est
699 2068 848 2139 incestas
871 2068 1049 2141 libidines.
1107 2069 1221 2140 Duxit
1243 2080 1360 2137 autem
1412 2067 1562 2159 accepit,
1589 2090 1628 2157 ac
1644 2064 1760 2156 potius
1777 2059 1951 2136 hortando
1968 2092 2007 2137 ac
2024 2075 2202 2159 precando
2225 2098 2295 2144 una
2312 2098 2392 2144 cum
2509 2127 2513 2144 .

378 2180 478 2259 pater
492 2192 638 2238 uxorem
654 2170 763 2239 filiam
778 2167 954 2240 Atossam.
994 2166 1134 2240 Etcum
1149 2171 1221 2238 iam
1235 2162 1361 2238 Ochus
1413 2166 1640 2261 Thrasybulo
1662 2165 1825 2255 perierit,
1851 2190 1896 2235 ne
1918 2168 2030 2239 iratus
2048 2174 2219 2244 exercitus
2233 2169 2393 2246 Athenas

379 2269 473 2337 tilius
502 2292 651 2358 regnum
682 2265 880 2361 appeteret,
919 2272 1062 2340 fratrem
1087 2268 1261 2340 Arsamen
1286 2269 1360 2357 ipse
1411 2272 1600 2340 accederet.
1640 2265 1764 2337 Postea
1780 2291 1901 2338 rursus
1917 2264 2070 2340 Athenis
2087 2277 2276 2346 concordia
2292 2278 2395 2359 facta,

379 2370 568 2441 interfecit.
615 2372 729 2440 Alteri
744 2371 845 2442 tratri
862 2385 1000 2441 tantum
1016 2371 1163 2443 incussit
1178 2386 1361 2452 terrorem,
1411 2369 1555 2464 publico
1587 2369 1727 2439 decreto
1761 2368 1963 2440 Alcibiades
1994 2379 2177 2446 revocatus
2202 2390 2263 2446 est.
2323 2376 2394 2448 Sed

379 2482 422 2540 ut
442 2471 517 2561 ipse
536 2471 603 2540 sibi
626 2486 775 2543 mortem
798 2473 1020 2545 consciverit.
1070 2470 1140 2542 Hic
1160 2470 1360 2542 aditusfoit
1412 2497 1485 2542 non
1500 2495 1582 2543 mox
1599 2464 1888 2540 rediitAtlrenas.
1939 2469 2043 2543 Vidit
2054 2473 2171 2560 enim,
2196 2467 2394 2548 necessario

380 2565 487 2640 Ocho
504 2572 547 2641 ad
571 2594 736 2661 regnum,
762 2575 822 2668 qui
838 2586 957 2664 postea
975 2597 1054 2643 cum
1078 2574 1161 2644 liliis
1178 2574 1299 2665 periit,
1327 2582 1358 2638 et
1412 2588 1496 2645 tnnc
1518 2573 1776 2642 occurrendum
1802 2594 1876 2640 csse
1898 2570 2205 2662 Lacedaemoniis,
2239 2577 2301 2672 qui
2328 2577 2396 2648 ali-

379 2668 466 2765 Cyri
481 2674 666 2763 posteritas
681 2665 826 2763 prorsus
841 2675 991 2746 extincta
1007 2687 1069 2745 est.
1119 2673 1169 2744 Et
1184 2674 1361 2744 calamitas
1411 2689 1499 2770 quot
1520 2674 1665 2765 praeliis
1687 2674 1725 2741 in
1749 2673 1859 2757 mari,
1885 2696 1960 2742 non
1983 2673 2396 2775 proculaCisycovicc·

329 2782 331 2785 ’
379 2772 534 2844 filiorum
551 2771 773 2861 Mnemonis,
798 2778 929 2845 incesta
944 2775 1198 2846 consuetudine
1220 2772 1362 2866 polluti,
1410 2789 1493 2846 rant
1516 2773 1670 2844 Atticam
1698 2774 1856 2843 classem.
1914 2768 1963 2842 Et
1986 2773 2196 2866 Mindarus,
2228 2781 2301 2851 dux
2323 2778 2396 2850 La-

381 2875 553 2958 ostendit,
578 2890 717 2965 peccata
741 2877 779 2944 in
800 2878 934 2947 semine
958 2890 1078 2968 postea
1101 2877 1140 2945 in
1155 2877 1277 2945 sobole
1294 2900 1361 2966 pu·
1412 2877 1573 2958 conicac,
1603 2874 1723 2942 classis
1746 2874 1798 2942 ibi
1822 2886 1897 2944 erat
1923 2896 2003 2944 cum
2030 2867 2206 2968 sex'aginta
2229 2880 2396 2956 navibus·

379 2975 462 3049 niri.
514 2974 641 3046 Gracci
669 2978 831 3050 tribuunt
854 2972 938 3049 huic
962 2977 1148 3050 Artaxerxi
1173 2974 1360 3050 Mnemoni
1412 2976 1547 3049 Aderat
1566 2975 1617 3043 ibi
1639 2986 1674 3043 ct
1696 2968 1966 3059 Pharnabazus,
2003 2976 2075 3046 dux
2100 2976 2281 3065 Persicus,
2314 3004 2396 3050 cum

381 3096 493 3147 annos
509 3078 754 3170 quadraginta.
1411 3078 1522 3170 copiis
1544 3074 1775 3168 pedestribus.
1832 3072 1899 3142 His
1924 3078 2078 3147 occurrit
2104 3072 2329 3165 Alcibiades,
2361 3095 2398 3150 et

564 3196 575 3216 .
1412 3177 1602 3253 consilium
1616 3176 1752 3247 viribus
1766 3176 1913 3259 addens,
1934 3188 2034 3267 parte
2048 3178 2167 3249 classis
2180 3202 2264 3251 suae
2277 3182 2397 3252 occul·

695 3253 786 3321 130⁸
819 3254 1042 3325 Graecae·
1411 3298 1499 3367 tata,
1532 3301 1659 3367 magno
1682 3276 1817 3368 praelio
1842 3276 1927 3347 vicit
1951 3275 2161 3350 Mindarum
2184 3295 2220 3353 et
2233 3278 2397 3358 Pharna·

480 3378 573 3457 (lom
594 3378 736 3457 Atticus
757 3389 929 3458 exercitus
955 3389 994 3456 in
1017 3387 1176 3460 Siciliam
1198 3389 1361 3474 venisset,
1411 3389 1555 3466 bazum,
1582 3380 1620 3448 in
1645 3404 1716 3473 quo
1739 3375 1929 3448 Mindarus
1944 3378 2148 3454 interiectus
2169 3396 2238 3470 est,
2264 3399 2297 3458 et
2313 3385 2400 3456 lite·'

379 3508 456 3556 non
478 3486 592 3556 multo
614 3501 692 3579 post
709 3484 914 3559 Alcibiades
938 3504 1121 3561 revocatus
1138 3503 1188 3560 est
1203 3485 1362 3560 Athenas
1410 3511 1471 3557 rae
1498 3483 1661 3574 Spartam
1695 3480 1821 3572 plenae
1850 3482 2104 3571 desperationis
2142 3485 2268 3555 missae
2302 3500 2398 3558 sunt.

379 3589 424 3656 ad
440 3586 630 3672 iudicium,
654 3590 715 3682 qui
730 3606 890 3660 metuens
905 3591 1066 3661 factionis
1082 3591 1277 3660 contrariae
1298 3613 1362 3681 po-
1410 3587 1551 3660 Rursus
1574 3584 1683 3674 igitur
1701 3582 1886 3653 adiunctae
1907 3596 1991 3653 sunt
2013 3579 2293 3658 Atheniensibus
2311 3590 2399 3659 urbs

380 3688 547 3773 tentiam,
578 3709 653 3758 uon
676 3693 781 3763 rediit
804 3693 843 3760 in
863 3692 1031 3783 patriam,
1056 3694 1118 3761 sed
1138 3688 1300 3762 hostibus
1326 3714 1362 3760 se
1411 3674 1583 3784 Cyzicena
1606 3697 1642 3755 et
1661 3682 1749 3753 aliae
1773 3685 1923 3764 multae,
1954 3697 1989 3754 et
2011 3686 2049 3753 in
2072 3686 2153 3756 aliis
2174 3687 2262 3758 locis
2286 3689 2399 3761 victae

380 3787 564 3869 adiunxit,
590 3812 629 3858 ac
652 3788 814 3882 Spartam
837 3795 952 3878 venit,
983 3794 1046 3864 ubi
1069 3794 1177 3865 trium
1195 3794 1363 3871 consilio·
1412 3805 1495 3862 sunt
1529 3783 1685 3858 hostium
1718 3809 1846 3870 naves,
1886 3798 1922 3856 et
1953 3783 2244 3858 Lacedaemoniis
2274 3814 2398 3862 rursus

381 3914 462 3960 rom
482 3903 588 3961 autor
607 3890 692 3975 fuit,
724 3893 904 3980 videlicet,
936 3909 977 3965 ut
991 3897 1171 3967 mitterent
1188 3894 1363 3965 Lacedae·
1412 3904 1572 3984 ereptum
1596 3900 1647 3958 est
1668 3886 1857 3978 imperinm
1878 3886 1999 3960 maris.
2050 3887 2174 3958 Postea
2198 3905 2233 3963 et
2255 3888 2399 3986 Byzan-

380 3992 493 4061 monii
514 3995 639 4064 ducem
665 3991 862 4088 Gylippum
886 3995 1134 4091 Syracusanis,
1168 4012 1202 4069 et
1228 3998 1363 4067 bellum
1412 3996 1501 4066 tium
1524 3989 1688 4072 accessit,
1720 3989 1816 4080 quod
1841 3986 2062 4080 aliquamdiu
2082 3984 2318 4063 Athenienses
2332 3995 2420 4064 ob·-

381 4093 420 4161 in
444 4093 560 4166 Attica
590 4095 847 4183 instaurarent,
880 4099 1017 4170 munita
1041 4100 1193 4171 Decelea
1221 4099 1364 4192 oppido,
1412 4097 1586 4167 sederant.
1640 4086 1698 4157 lbi
1712 4111 1791 4155 curn
1806 4081 1999 4156 Clearchus
2022 4090 2095 4159 dux
2107 4089 2304 4166 Laconicus
2321 4108 2398 4163 tru-

381 4194 446 4262 ubi
475 4198 622 4268 adsidue
662 4199 837 4269 exercitus
873 4206 978 4271 esset'
1000 4203 1182 4294 oppositus
1214 4199 1364 4274 Atticae.
1412 4199 1586 4275 colentus,
1610 4190 1828 4257 frumentum
1844 4186 2020 4258 divideret
2032 4191 2218 4273 militibus,
2237 4204 2398 4283 ereptum

383 4292 525 4364 Deinde
544 4312 583 4368 ut
609 4295 710 4371 Chiis
733 4312 768 4370 et
788 4298 927 4369 Lesbiis
953 4314 988 4372 et
1008 4304 1106 4384 aliis,
1139 4304 1201 4396 qui
1228 4302 1364 4371 defece-
1412 4298 1568 4371 civibus,
1600 4310 1754 4383 quorum
1775 4287 1930 4356 familiae
1945 4289 2037 4358 fame
2055 4292 2236 4381 peribant,
2260 4289 2398 4365 Anaxi-

382 4403 466 4460 rant
480 4396 523 4462 ab
539 4394 835 4484 Atheniensibus,
860 4424 962 4491 opem
976 4402 1119 4474 ferrent.
1163 4403 1241 4492 lpse
1258 4401 1362 4472 etiam
1413 4400 1489 4469 laus
1504 4393 1592 4466 civis
1612 4392 1656 4460 de
1679 4388 1813 4481 patriae
1830 4389 2010 4460 deditione
2033 4415 2113 4461 cum
2133 4388 2318 4465 Alcibiade
2333 4419 2397 4486 pa-

384 4491 555 4580 navigans
569 4496 774 4589 inloniam,
800 4502 958 4572 civitates
970 4499 1363 4574 sociasAtheniensium
1413 4499 1575 4580 ciscitur,
1600 4492 1662 4587 qui
1686 4491 1829 4561 ahsente
1844 4486 2016 4562 Clearcbo
2040 4507 2202 4583 acceptus
2225 4495 2318 4565 intra
2333 4520 2397 4565 ur-

385 4595 518 4682 coe'git,
548 4609 590 4666 ut
618 4601 846 4694 adiungerent
870 4629 907 4675 se
937 4602 1239 4677 Lacedaemoniis.
1298 4602 1365 4674 llis
1413 4605 1513 4681 bem,
1539 4594 1721 4668 dimicavit
1742 4616 1822 4663 cum
1848 4593 2042 4684 pracsidio,
2067 4607 2101 4664 et
2117 4595 2248 4666 milites
2264 4597 2396 4687 partim

385 4695 500 4766 causis
514 4696 618 4765 valde
632 4701 826 4778 diminutae
845 4718 929 4778 sunt
945 4705 1038 4775 vires
1050 4702 1187 4778 Atticae
1203 4706 1367 4795 civitatis,
1414 4699 1603 4785 interserit,
1627 4695 1756 4789 partim
1770 4694 1894 4784 coepit.
1948 4689 2089 4765 Civium
2105 4719 2188 4765 vero
2203 4698 2325 4768 nullus
2339 4697 2398 4766 in-

385 4798 482 4866 unde
512 4810 546 4868 et
575 4821 723 4888 magnae
753 4806 948 4880 discordiae
978 4807 1109 4878 civium
1137 4810 1236 4879 domi
1267 4823 1366 4881 ortae
1413 4807 1579 4879 terfectns
1592 4811 1662 4879 est,
1687 4795 1992 4887 nullusexpatria
2004 4794 2146 4888 pulsus,
2169 4797 2269 4869 nulla
2284 4798 2399 4870 sacul-

386 4909 482 4966 suut.
542 4897 611 4969 Sed
637 4925 820 4997 nunquam
843 4913 1013 4984 diuturna
1042 4922 1093 4980 est
1118 4911 1366 4982 benevolentia
1414 4920 1527 4979 tatum
1542 4900 1696 4993 direptio
1712 4899 1800 4969 facta
1816 4914 1877 4969 est.

385 5020 467 5086 erga
498 5002 719 5092 transfugas,
758 5015 959 5096 praesertim
988 5036 1216 5083 cumeorum
1243 5012 1367 5082 crescit
1516 5001 1711 5079 Anaxilaus
1726 5011 1844 5091 postea
1860 4997 2007 5091 Spartae
2022 5010 2167 5090 propter
2178 5000 2398 5073 deditionem

383 5100 556 5191 potentia.
605 5100 654 5175 Et
669 5106 839 5178 videbant
852 5106 1015 5203 Spartani
1029 5111 1229 5206 Principes,
1242 5113 1368 5184 *maio-
1414 5109 1515 5181 nrbis
1545 5113 1743 5184 accusatus,
1785 5122 1865 5169 cum
1901 5094 2149 5172 honestissima
2176 5104 2399 5178 excusatione

383 5222 462 5271 rem
488 5224 562 5273 esse
592 5207 688 5297 apud
723 5207 880 5279 civitates
896 5218 1129 5289 'autoritatem
1157 5210 1367 5300 Alcibiadis,
1414 5222 1592 5292 uteretur,
1626 5200 1810 5272 absolutus
1832 5213 1901 5286 est,
1934 5224 2014 5271 cum
2039 5201 2200 5288 diceret,
2222 5204 2316 5274 bella
2338 5227 2399 5294 ge-

385 5323 493 5395 qmm
511 5327 630 5388 want,
655 5308 738 5378 ideo
760 5308 968 5384 invidebant
990 5317 1044 5402 ei,
1068 5332 1103 5391 et
1127 5341 1209 5389 eum
1232 5330 1369 5388 metne—
1415 5313 1527 5382 tenda
1543 5328 1617 5377 esse
1633 5324 1714 5374 cnm
1727 5296 1906 5386 hostibus,
1932 5325 2108 5372 noricum
2125 5316 2252 5377 natura
2267 5328 2398 5377 rerum.

386 5402 486 5476 bant.
540 5405 662 5496 Quare
678 5405 821 5503 Ephori
842 5411 1016 5488 miserunt
1034 5418 1153 5492 literas
1177 5422 1221 5491 ad
1253 5420 1369 5505 duces,
1415 5411 1467 5485 Et
1481 5410 1652 5481 iniustum
1667 5426 1741 5475 esse
1756 5402 1911 5473 tristiora
1928 5403 2042 5473 facere
2055 5405 2257 5477 defensores
2270 5408 2398 5476 adver-

386 5517 430 5575 ut
445 5505 683 5581 interficerent
697 5510 941 5592 Alcibiadem,
968 5518 1063 5605 quod
1077 5521 1151 5612 ipse
1168 5521 1369 5607 resciscens,
1417 5538 1476 5584 sus
1500 5513 1613 5598 cives,
1641 5530 1747 5604 quam
1775 5506 1931 5577 facerent
1961 5499 2078 5577 hostes
2101 5508 2213 5600 captis
2234 5506 2399 5577 urbibus.

387 5607 549 5679 animum
562 5608 813 5704 Tissaphernis
821 5612 955 5685 Persici
978 5614 1096 5705 ducis,
1118 5624 1181 5715 qni
1194 5622 1368 5718 stipendia
1416 5615 1487 5688 Hic
1499 5606 1691 5687 Clearchus
1706 5620 1825 5700 postea
1842 5630 1863 5677 a
1878 5605 1995 5678 Persis
2009 5606 2214 5679 interfectus
2232 5619 2294 5679 est.
2332 5601 2399 5674 His

385 5707 513 5795 dabat,
541 5733 562 5780 a
576 5711 866 5787 Lacedaemoniis
881 5714 1061 5789 alienavit.
1079 5768 1082 5773 -
1110 5718 1259 5817 Curaque
1278 5725 1369 5796 ami·
1417 5717 1526 5790 tantis
1540 5716 1646 5786 rebus
1661 5709 1783 5804 gestis,
1807 5709 1955 5781 liberata
1969 5709 2083 5799 patria
2099 5709 2138 5777 in
2158 5705 2322 5776 maximis
2337 5728 2416 5795 pe-.

386 5830 511 5883 eorum
526 5809 652 5890 literae
672 5839 772 5914 spem
785 5818 921 5895 reditus
939 5816 979 5891 in
991 5814 1144 5916 patrisso
1158 5820 1372 5917 eitacerent,
1417 5818 1540 5894 riculis
1560 5811 1763 5890 domesticis
1784 5823 1819 5884 et
1834 5808 2004 5893 externis,
2028 5817 2235 5898 recuperato
2247 5805 2397 5900 irnperio
