6025 6775
412 584 425 600 ’
500 620 572 693 oei
754 540 967 688 *scauri
993 608 1070 684 eii.
1092 604 1208 682 Man.
1235 608 1303 684 xii
1327 612 1456 691 iiisr.
1481 617 1626 707 eaor.
1651 628 1719 709 ar
1744 615 1934 725 anxios.
1956 649 2271 742 serariani.

483 757 484 761 .
504 794 652 861 iniustas
674 809 729 855 res
754 808 855 854 coeco
871 793 905 850 et
919 779 1053 866 ingenti
1069 780 1216 870 impetu.
1267 779 1390 853 Postea
1405 783 1482 854 sru.

505 894 603 962 strati
626 889 875 979 opprimuntur
900 880 1144 969 magnitudine
1166 881 1350 963 dolorum,
1392 886 1482 957 sicut
1535 923 1632 983 sum,
1657 924 1774 997 poste„
1795 910 1984 1004 phthiriasi
2000 926 2234 1016 inper‘saevos
2256 944 2425 1015 ememus
2449 975 2515 1040 pe·

505 994 631 1064 accidit
644 986 801 1059 Antonio
816 995 848 1051 et
865 983 943 1050 aliis
958 980 1089 1049 multis.
1536 1001 1615 1087 riit,
1641 1029 1718 1077 com
1738 1019 1894 1085 exaniina
1913 1025 2085 1095 vermium
2104 1035 2136 1100 ei
2152 1036 2190 1102 in
2208 1039 2416 1128 inguinibus
2431 1064 2514 1120 nata

608 1104 721 1191 Magis
738 1099 891 1171 ostendit
906 1111 1036 1165 metum
1051 1094 1310 1183 Maximianus,
1337 1100 1481 1195 quiRo-
1534 1117 1660 1173 essent.
1710 1107 1792 1197 Quo
1809 1138 1939 1203 poenae
1953 1129 2058 1195 modo
2078 1130 2314 1221 significatum
2339 1162 2407 1231 est,
2430 1149 2517 1219 libi-

507 1234 598 1279 mam
628 1203 755 1285 rediit,
792 1214 832 1271 ut
858 1224 877 1268 a
905 1197 1143 1267 Praetorianis
1173 1200 1405 1289 reciperetur,
1447 1216 1481 1271 et
1536 1202 1883 1337 di¹¹⁸⁸²l⁰ip¹i¹¹illss

536 1330 626 1377 irsus
648 1305 893 1372 nominaretur
916 1300 1117 1387 imperator.
1185 1297 1255 1368 Sed
1282 1325 1360 1369 cum
1387 1303 1481 1373 tilius
1633 1303 1809 1382 Extinctis
1838 1331 1945 1404 igitur
1970 1339 2119 1415 quatuor
2146 1344 2326 1426 tyrannis:
2370 1345 2517 1421 Diocle·

505 1338 710 1480 Maxentius
739 1425 817 1471 eum
849 1399 1057 1489 expelleret,
1093 1398 1185 1486 fugit
1206 1397 1412 1493 Massyliam
1435 1406 1478 1472 ad
1536 1402 1643 1490 tiano,
1665 1408 1897 1502 Maximiano,
1918 1419 2098 1499 Maxentio
2114 1433 2361 1525 etMaximino,
2391 1466 2518 1523 tenent

528 1530 670 1577 eaerum
695 1500 985 1581 Constantinum,
1027 1499 1084 1567 cui
1111 1522 1191 1568 cum
1223 1513 1371 1571 strueret
1394 1504 1481 1571 insi·
1535 1504 1724 1593 imperium
1748 1530 1867 1605 postea
1889 1522 1960 1591 duo
1983 1527 2150 1620 collegae:
2186 1530 2455 1620 Constantinus
2478 1570 2516 1625 et

504 1535 580 1679 iias
624 1605 695 1673 filia
718 1601 883 1670 maritum
908 1600 999 1689 patri
1024 1599 1205 1688 praetulit,
1239 1625 1327 1691 quae
1353 1603 1482 1673 detexit
1534 1598 1729 1699 Licinius,
1755 1629 1789 1685 et
1804 1622 1983 1713 paulisper
2001 1627 2039 1694 in
2055 1630 2203 1723 imperio
2219 1662 2283 1728 pax
2297 1646 2374 1717 fuit.

506 1657 650 1778 'nsidias
714 1702 765 1773 lta
783 1725 862 1769 cum
874 1696 1233 1767 DeusMaximianum
1250 1699 1480 1773 Constantino
1636 1707 1782 1783 Initium
1808 1734 1925 1790 autem
1952 1725 2092 1818 imperii
2113 1732 2335 1811 Constantini
2359 1752 2511 1823 colloca·

504 1739 515 1777 1
543 1759 713 1877 irabiliter
728 1802 929 1882 obtulisset,
959 1799 1161 1867 interiectus
1178 1811 1227 1866 est
1243 1798 1480 1871 Maximianus
1535 1817 1593 1874 tur
1613 1812 1719 1898 paulo
1742 1830 1825 1887 ante
1849 1819 2091 1917 Maxentium,
2130 1837 2292 1911 videlicet
2315 1846 2351 1913 in
2375 1874 2513 1923 annum

504 1838 599 1980 lllass
625 1908 704 1975 liae.
734 1900 802 1970 Hic
821 1900 932 1969 exitus
946 1898 1012 1966 fuit
1030 1900 1181 1966 duorum
1198 1903 1479 1974 saevissimorum
1534 1910 1656 1977 mundi
1672 1930 1796 2003 quater
1811 1922 2059 2011 millesimum,
2082 1934 2358 2014 ducentesimum
2371 1968 2517 2043 septua-

503 1935 755 2103 tyranynorum,
779 1998 991 2069 Diocletiani
1011 2012 1045 2067 et
1061 1997 1281 2073 Maximiani.
1535 2008 1706 2093 gesimam
1722 2022 1924 2090 secundum.

602 2122 739 2193 Romae
770 2111 1014 2193 Maxentius,
1065 2113 1273 2184 Maximiani
1313 2117 1479 2188 Herculei

503 2228 617 2307 tilius,
649 2246 690 2289 eo
711 2218 959 2287 dominabatur
980 2216 1175 2298 crudelius,
1208 2219 1288 2307 quia
1310 2223 1478 2290 Severum

503 2332 546 2395 ad
563 2326 773 2394 Ravennam
789 2319 936 2398 vicerat,
960 2316 1023 2406 qui
1045 2318 1233 2384 exercitum
1257 2334 1387 2437 eontra·
1400 2346 1479 2438 eum

501 2428 653 2497 Romam
686 2422 854 2489 ducturus
885 2428 969 2483 erat.
1043 2413 1203 2507 Cumque
1234 2430 1269 2485 et
1295 2444 1479 2491 saeviciam

2444 679 2519 751 968

1638 802 1760 879 Victus
1783 827 1898 884 autem
1922 818 2144 900 Maximinus
2164 834 2337 910 aLicinio
2363 846 2404 913 ad
2422 846 2518 918 Tar·

1583 2159 1730 2233 Annum
1747 2166 1883 2241 Romae
1899 2178 2147 2272 millesimum,
2174 2198 2437 2281 sexagesimum.

1584 2263 1732 2334 Annum
1749 2267 1881 2343 Christi
1897 2286 2181 2358 trecentesimum
2198 2295 2383 2369 decimum.

1635 2398 1729 2470 Sunt
1745 2426 1826 2493 ergo
1845 2410 1888 2476 ab
1906 2410 2009 2481 initio
2025 2411 2234 2492 Diocletiani
2253 2431 2295 2497 ad
2320 2427 2415 2504 hunc
2441 2460 2517 2506 an-

572 2538 623 2592 lta
639 2519 859 2590 Christianos
874 2514 1078 2584 Maxentius
1098 2538 1158 2583 m
1161 2531 1290 2602 reem,
1321 2535 1355 2590 et
1377 2545 1480 2611 rape„
1532 2519 1637 2581 num,
1663 2503 1725 2618 qui
1742 2519 1792 2573 est
1808 2507 1950 2580 initium
1974 2511 2195 2635 Constantini
2210 2525 2349 2618 Magni,
2382 2537 2521 2647 viginti

503 2551 570 2695 cop
587 2621 751 2691 honestas
779 2630 956 2684 matronas
978 2628 1012 2683 et
1035 2616 1205 2703 virgines,
1243 2630 1278 2687 et
1307 2622 1480 2692 militibus
1532 2599 1715 2674 duoanni.
1756 2602 1853 2725 Intra
1867 2605 1931 2679 hos
1946 2636 2107 2686 annosin
2122 2634 2198 2741 toto
2212 2650 2335 2715 genere
2349 2629 2518 2709 humano

503 2652 708 2795 :incederet
732 2718 908 2786 licentiam
932 2716 1092 2784 omnium
1116 2720 1304 2800 scelerum,
1332 2720 1480 2793 senatus
1531 2691 1745 2770 horrendam
1761 2706 1937 2780 lanienam
1954 2717 2121 2789 adversus
2137 2747 2229 2795 cives
2254 2744 2287 2800 et
2308 2728 2444 2821 hostes,
2478 2755 2517 2811 et

502 2823 772 2896 Constantinum
786 2842 827 2885 ex
846 2815 964 2885 Gallia
980 2817 1176 2886 accersivit:
1219 2819 1275 2887 cui
1302 2824 1478 2894 dubitanti
1532 2811 1626 2916 ¹⁰¹⁸?
1646 2824 1991 2928 .⁸e⁸⁰„‘f¹frf¹¹⁰r⁰¹¹²
2013 2839 2268 2941 .¹¹¹¹P⁸f³¹⁰f⁰⁸·
2345 2833 2513 2931 sumque

501 2951 546 2995 an
563 2925 715 2995 Romam
731 2921 873 2987 duceret
888 2918 1095 3002 exercitum,
1121 2920 1379 2992 ostenditDeus
1395 2925 1480 2994 illu·
1532 2900 1997 3031 ³”¹¹¹,³,1⁰¹¹¹¹¹¹¹l¹⁰¹¹·⁵‘l¹¹⁰
2018 2922 2061 3036 ³⁸⁴¹
2088 2947 2242 3012 ΡΓιῐῃυηι
2264 2956 2398 3053 ³⁰¹¹¹¹J¹¹
2412 2936 2511 3008 0⁰¹¹·

519 3027 727 3112 tresignum
753 3018 930 3088 victoriae.
990 3017 1080 3087 Nam
1104 3021 1219 3088 medio
1243 3022 1301 3090 die
1325 3024 1479 3094 inclara
1532 3014 2104 3135 stantinittrecentiqurnqiiaginta
2129 3042 2280 3142 septem,
2307 3060 2368 3126 qui
2391 3054 2508 3159 muta-

500 3052 579 3196 {nce
599 3124 690 3192 vidit
711 3119 964 3191 Constantinus
988 3118 1024 3184 in
1046 3119 1143 3186 coelo
1168 3122 1305 3208 igneam
1329 3147 1478 3206 crucem,
1531 3113 1664 3215 tranem
1681 3130 1718 3172 iii
1736 3133 1883 3199 imperio
1898 3140 2068 3206 insignem
2084 3123 2175 3197 fecit.
2228 3127 2282 3247 Ac
2301 3158 2321 3202 a
2337 3135 2419 3205 lulii
2435 3166 2512 3259 ini-

500 3252 578 3299 cum
597 3226 722 3296 literis:
751 3212 925 3311 ἐντούτῳ
940 3212 1038 3301 νίκα,
1066 3219 1182 3308 idest,
1209 3221 1248 3287 in
1263 3217 1328 3291 hoc
1343 3224 1454 3298 vince·
1530 3213 1580 3268 tio
1596 3226 1708 3293 usque
1725 3210 1767 3276 ad
1784 3227 1916 3303 captam
1932 3215 2085 3288 Romam
2101 3226 2146 3293 ab
2162 3226 2304 3302 Alarico
2321 3253 2405 3309 sunt
2422 3264 2514 3316 anni

600 3356 733 3430 Scribit
753 3350 947 3437 Eusebius,
988 3347 1079 3422 hanc
1108 3376 1145 3422 se
1175 3356 1411 3429 narrationem
1437 3384 1477 3431 ex

499 3467 577 3554 ipso
595 3457 825 3530 Constantino
843 3453 1028 3523 audivisse.

600 3576 721 3667 ltaque
736 3587 904 3664 tanquam
921 3572 1069 3640 ducente
1084 3571 1242 3644 Domino
1259 3592 1379 3650 nostro
1390 3575 1418 3648 I
1416 3602 1476 3651 esu

498 3674 651 3750 Christo
676 3675 827 3745 Romam
855 3697 934 3740 cum
968 3671 1119 3740 exercitu
1155 3693 1330 3768 properat.
1397 3678 1475 3752 Etsi

498 3777 701 3850 Maxentius
724 3775 914 3863 imparatus
937 3786 1028 3856 erat,
1056 3785 1175 3841 tamen
1199 3800 1381 3848 occurrere
1401 3783 1476 3851 for·

497 3881 633 3952 tissimo
650 3874 816 3946 exercitui
831 3896 941 3964 usque
957 3874 1000 3940 ad
1022 3886 1164 3963 pontem
1181 3874 1347 3997 Milviurq
1370 3903 1474 3999 ausus

497 3997 559 4057 est.
610 3981 663 4051 lbi
680 3977 812 4071 praelio
830 3968 943 4041 victus
958 3987 992 4044 et
1009 3998 1087 4043 cum
1106 3999 1228 4065 magna
1245 3981 1473 4102 multitudine

496 4086 534 4152 in
557 4084 689 4151 flumen
717 4096 851 4145 mersus
872 4074 986 4163 periit.
1051 4072 1135 4146 Ideo
1160 4074 1351 4151 Christiani
1375 4086 1472 4154 dixe-

495 4196 599 4264 runt,
637 4179 822 4249 interitum
845 4172 1014 4245 Maxentii
1035 4176 1186 4248 similem
1206 4181 1314 4251 luisse
1338 4208 1473 4274 poenae

496 4282 704 4353 Pharaonis.

595 4396 746 4470 Sustulit
763 4415 844 4481 ergo
859 4389 963 4458 initio
979 4386 1231 4462 Constantinus
1246 4395 1333 4465 duos
1348 4410 1472 4491 tyran.
1532 4422 1537 4428 ·

493 4525 572 4569 nos:
599 4496 859 4567 Maximianum
875 4504 909 4559 et
922 4492 996 4559 eius
1012 4491 1122 4559 filium
1135 4490 1365 4582 Maxentium,
1391 4524 1469 4570 cum

494 4603 637 4691 quidem
659 4595 885 4668 Constantius
907 4615 925 4661 a
949 4591 1167 4677 Maximiano
1185 4592 1309 4664 Caesar
1331 4622 1471 4708 nuncu-

493 4714 594 4789 patus
612 4711 711 4766 esset.
745 4695 834 4765 Cum
849 4693 956 4779 igitur
971 4693 1102 4781 potitus
1117 4709 1204 4765 esset
1219 4693 1470 4772 Constantinus

494 4797 700 4866 Occidentis
721 4792 888 4881 imperio,
919 4807 1122 4883 teneretque
1145 4816 1220 4861 eam
1245 4811 1401 4916 partein3
1431 4805 1469 4870 in

494 4921 562 4992 qna
578 4896 772 4987 plurimum
789 4892 928 4982 roboris
944 4906 1033 4960 erat:
1067 4892 1224 4980 ltaliam,
1250 4892 1469 5016 Hispaniam,

492 4999 668 5081 Africam,
705 4993 877 5079 Galliam,
917 4990 1146 5063 Germaniam
1172 5010 1206 5066 et
1234 4995 1469 5086 Britanniam,

492 5122 571 5170 cum
588 5091 737 5164 Licinio
753 5109 893 5165 tenente
911 5094 1112 5189 Illyricum,
1137 5122 1241 5188 quem
1251 5099 1469 5173 Maximinus

493 5204 674 5273 Caesarem
691 5198 952 5275 nominaverat,
977 5196 1063 5266 facit
1074 5199 1219 5296 ¹ioiidus,
1245 5203 1347 5292 eique
1369 5226 1469 5323 sorp-

492 5328 567 5373 rem
594 5295 834 5372 Constantiam
856 5297 916 5362 dat
935 5319 1099 5381 uxorem,
1136 5310 1170 5366 et
1197 5301 1304 5370 mittit
1325 5326 1405 5373 euni
1428 5331 1467 5422 ιιι

491 5406 613 5473 Asiam
643 5407 764 5467 contra
789 5392 1038 5464 Maximinum.
1106 5393 1245 5466 Interea
1274 5425 1395 5491 pacem
1428 5432 1467 5476 in

490 5503 685 5574 Occidente
700 5493 870 5575 restituit,
904 5493 1019 5562 abolet
1040 5497 1178 5566 decreta
1199 5505 1402 5592 tyrannica,
1434 5522 1468 5583 et

490 5621 583 5676 vetat
604 5598 823 5676 Christianos
844 5591 975 5661 iniuria
1001 5594 1123 5682 adfici,
1159 5612 1199 5697 et
1215 5601 1253 5669 in
1275 5607 1467 5696 provinciis

490 5704 620 5776 iudicia
637 5698 670 5775 et
684 5697 860 5794 praesidia
874 5694 1027 5767 ordinat.

1530 3303 1779 3396 quadringenti
1792 3315 1967 3405 sexaginta
1983 3333 2017 3389 et
2029 3345 2136 3398 unus.

1631 3414 1901 3502 Constantinus
1915 3430 2086 3529 Magnus
2101 3447 2213 3516 tenuit
2230 3451 2418 3542 imperium
2444 3487 2512 3533 an-

1529 3543 1595 3589 nos
1611 3524 1755 3612 triginta
1773 3533 1874 3618 duos,
1899 3537 2017 3607 minus
2032 3542 2170 3613 duobus
2186 3555 2378 3631 mensibus.
2409 3560 2511 3636 Vixit

1529 3644 1641 3692 annos
1655 3630 1831 3718 sexaginta
1847 3657 1917 3707 sex.
1968 3638 2080 3710 Natus
2095 3660 2145 3715 est
2166 3648 2203 3715 in
2226 3651 2379 3741 familia,
2407 3666 2510 3736 cuius

1528 3723 1595 3790 fuit
1612 3729 1798 3820 praecipua
1821 3737 1988 3807 nobilitas
2008 3741 2046 3809 in
2062 3744 2259 3833 Dardanis,
2286 3779 2326 3824 ex
2341 3756 2512 3838 Romana

1527 3822 1655 3914 stirpe,
1681 3829 1780 3900 cuius
1796 3828 1882 3904 haec
1899 3840 2006 3907 series
2021 3847 2190 3917 traditor:

1790 3944 1943 4015 Eutropius
1985 3986 2053 4016 χ..
2073 3958 2194 4015 Claudia
2219 3985 2297 4030 uror,
2324 3970 2376 4022 filia
2402 3972 2505 4043 Crispi,

2086 4026 2180 4084 fratris
2189 4032 2290 4087 Claudii
2302 4038 2485 4105 imperatoris.

1628 4139 1807 4200 Constantius
1824 4155 1954 4220 Χλωρος,
1982 4158 2149 4232 imperator,
2176 4167 2299 4219 conditor
2315 4167 2429 4240 Spirae:

1814 4220 1861 4285 qui
1875 4221 1936 4275 vicit
1948 4223 2070 4281 Francos
2083 4241 2109 4283 et
2123 4233 2272 4286 Alemanni.

1525 4339 1635 4396 Heleno
1643 4344 1814 4417 Britannica,
1831 4356 1997 4420 primaeuu-

1633 4414 1699 4466 iuiix
1717 4417 1879 4475 Constantii.

1585 4545 1933 4622 ConstantinasMagnas.
2034 4567 2159 4648 Anniba·
2198 4569 2334 4651 Constan·
2365 4582 2507 4639 Consum.

1551 4678 1724 4762 Minerviae,
1777 4687 1997 4754 Faustmsecun·
2031 4637 2164 4755 tibisii'iiii
2194 4645 2281 4759 tiqulpi
2311 4722 2338 4763 et
2362 4715 2403 4766 nii
2432 4738 2506 4774 con-

1524 4766 1611 4819 pnmii
1630 4767 1748 4804 coniunx
1798 4757 1832 4811 da
1852 4764 1972 4819 coniunx
2055 4780 2140 4840 pater.
2212 4775 2321 4832 loliani.
2389 4784 2464 4838 iuni:

1553 4817 1726 4870 Constantini
1797 4824 1970 4887 Constantini

1582 4884 1687 4954 Magni.
1772 4890 1867 4978 Magni
1873 4896 1905 4980 ’,.
1933 4903 1988 4983 slll²

1793 4960 1962 5025 Maximiani.

1628 4953 1638 5157 i
1825 5060 1951 5152 Eiqghlii

2031 4362 2184 4429 Theodora,
2195 4369 2355 4424 Maximiani
2369 4379 2512 4451 privigna,

2049 4436 2163 4487 secunda
2183 4438 2303 4492 coniunx
2317 4440 2489 4505 Constantii.

1567 5155 1691 5222 Crispas.
1768 5138 1868 5212 pCia-a·
1905 5147 2509 5258 Μυῒ,

1773 5232 1880 5280 stanti·
1944 5250 2029 5295 stan·
2084 5258 2176 5305 stans.
2226 5260 2345 5320 stantia,
2384 5262 2508 5315 coniunx

1769 5311 1823 5347 mu
1834 5295 1884 5349 Se·
1944 5309 2009 5365 tius.
2228 5323 2347 5377 coniunx
2392 5328 2496 5381 loliani

1744 5363 1883 5428 ‚condus
2246 5388 2329 5450 Galli.
2376 5395 2505 5467 impera·

2405 5467 2490 5520 toris.

1619 5515 1861 5592 Dalmatiam
1886 5523 2030 5607 Orienti
2058 5545 2222 5631 praefecit
2243 5544 2509 5627 Constantinus

1518 5614 1689 5698 Patruus,
1728 5625 1790 5692 sed
1839 5645 1935 5702 ostea
1956 5657 2125 5728 regnante
2144 5644 2356 5721 Constantio
2390 5654 2510 5727 inter-

1519 5717 1631 5788 fectus
1655 5735 1718 5793 est.
1770 5803 1774 5810 ,
1818 5729 1938 5802 allum
1953 5735 2384 5824 ConstantiusCaesarem
2406 5759 2509 5845 lecit,
