6025 6775
938 641 942 645 ,
997 542 1151 622 299

1005 720 1182 791 bant
1217 708 1339 797 hi,
1399 707 1528 807 qui
1564 710 1933 802 legerunt,
1999 706 2120 777 sed
2163 700 2372 773 etiam
2412 705 2713 777 formam
2745 713 2980 803 operis

1008 833 1081 892 et
1112 814 1532 888 orationem.

1213 914 1419 988 Circa
1464 914 1541 983 id
1586 924 1863 1001 tempus
1915 920 1984 977 et
2028 901 2434 976 Reverendi
2496 908 2632 978 viri
2687 907 2997 980 Martini·

1011 1018 1312 1094 Lutheri
1362 1012 1740 1100 certamina
1781 1022 1968 1078 mota
2016 1020 2215 1092 sunt,
2268 1032 2569 1100 quorum
2621 1011 2803 1079 fama
2844 1024 2985 1081 sta-

1013 1124 1144 1195 tim
1193 1119 1594 1206 universam
1626 1107 2085 1181 Germaniam
2136 1123 2510 1200 pervagata
2561 1124 2685 1181 est.
2789 1106 2989 1196 Erat,

1013 1238 1099 1296 ut
1133 1221 1361 1304 scitis,
1396 1207 1647 1311 πρώτη
1675 1207 2012 1303 σύρραξις
2040 1210 2128 1278 de
2161 1210 2659 1300 indulgentiis,
2715 1211 2987 1302 ingrata
3034 1266 3035 1276 ,

1013 1317 1397 1397 Monachis
1432 1331 1501 1388 et
1525 1312 1724 1384 aulae
1756 1308 2163 1397 Romanae,
2213 1312 2335 1388 sed
2371 1314 2536 1406 quia
2580 1316 2811 1385 fomes
2858 1317 2987 1385 do-

1015 1429 1284 1500 ctrinae
1334 1422 1416 1488 de
1460 1438 1623 1484 vera
1687 1412 2122 1504 poenitentia
2156 1415 2299 1483 'seu
2364 1415 2861 1501 conversione,
2923 1430 2993 1487 et
3043 1424 3044 1433 ’

1016 1531 1348 1599 salutares
1392 1516 1912 1588 consolationes
1954 1516 2425 1601 monstrabat,
2490 1518 2823 1588 omnibus
2854 1518 2990 1610 piis

1011 1631 1091 1699 in
1120 1624 1450 1695 universa
1472 1615 1884 1701 Germania,
1934 1618 2348 1706 gratissima.
2453 1614 2824 1690 Crescente
2858 1619 2989 1710 igi-

938 1743 1131 1801 fftur
1173 1721 1557 1796 certamine
1611 1718 1932 1789 doctrina
1978 1713 2330 1788 Ecclesiae
2383 1719 2725 1809 paulatim
2771 1721 2997 1811 magis,

1012 1830 1365 1902 illustrata
1395 1837 1519 1895 est.
1624 1821 1826 1911 Legit
1855 1820 2111 1911 scripta
2137 1816 2439 1890 Lutheri
2467 1817 2988 1912 Bugenhagius,

1014 1945 1087 2004 et
1134 1930 1318 1998 vidit
1363 1926 1466 1995 ibi
1522 1924 1966 2014 perspicuum
2017 1921 2393 1991 discrimen
2422 1923 2735 2007 ostendi,
2785 1923 2990 2013 Legis

1014 2049 1086 2107 et
1118 2027 1534 2117 Evangelii,
1584 2025 1766 2096 vidit
1807 2023 2157 2094 iusticiam
2197 2022 2364 2091 fidei
2407 2024 2661 2094 melius
2712 2024 2992 2117 exponi,

1016 2158 1228 2230 quam
1263 2132 1354 2200 ab
1391 2126 1705 2216 Origene
1729 2179 1749 2209 ,
1797 2124 1906 2194 vel
1942 2149 1979 2193 a
2013 2120 2297 2194 Thoma
2338 2126 2646 2214 exposita
2682 2140 2782 2196 est
2806 2181 2828 2211 ,
2879 2126 2991 2193 vi-

1015 2239 1135 2308 det
1168 2252 1549 2321 congruere
1582 2224 1963 2316 Augustini
2005 2240 2073 2295 et
2112 2220 2410 2296 Lutheri
2443 2228 2862 2311 sententias,
2915 2252 2993 2297 ac

964 2317 971 2325 ¹
1012 2355 1092 2410 re
1130 2347 1326 2406 tanta
1371 2328 1852 2412 considerata,
1914 2321 2216 2397 Lutheri
2265 2328 2784 2398 enarrationem
2827 2353 2995 2420 pro-

1013 2442 1174 2520 bat,
1226 2434 1484 2505 deinde
1518 2445 1587 2502 et
1616 2425 1801 2499 hanc
1842 2428 2395 2497 consolationem
2442 2430 2705 2520 populo
2752 2432 2993 2521 copio-

1016 2544 1165 2614 sius
1189 2536 1529 2618 declarat,
1579 2544 1645 2602 et
1675 2532 1754 2599 in
1789 2529 2109 2600 doctrina
2153 2530 2628 2621 poenitentiae
2669 2534 2996 2605 teneBras

1016 2639 1374 2715 Ecclesiae
1406 2635 1682 2728 saepius
1713 2631 2097 2724 deplorat,⁸
2129 2644 2201 2702 et
2244 2631 2703 2704 deliramenta
2734 2632 2993 2704 Mona-

1020 2741 1314 2817 chorum
1346 2738 1638 2808 liberius
1667 2748 1874 2805 taxat.

1108 2851 1112 2856 '
1236 2841 1349 2911 Ibi
1394 2838 1707 2910 artificiis
1739 2832 2266 2932 hypocritarum
2301 2838 2751 2928 quorundam
2781 2834 2998 2916 Prin-

1019 2944 1196 3040 cipis
1234 2944 1513 3014 animus
1555 2940 1644 3009 ab
1685 2963 1768 3008 eo
1811 2938 1892 3007 fit
1920 2934 2240 3004 alienior.
2346 2935 2588 3024 Quare
2614 2941 2700 3010 de
2735 2940 2998 3030 migra-

1015 3050 1212 3121 tione
1254 3070 1334 3115 ex
1381 3041 1603 3135 patria
1654 3040 2038 3121 deliberat,
2101 3039 2508 3125 praesertim
2556 3065 2715 3112 cum
2751 3042 2997 3111 audire

1016 3143 1414 3224 Lutherum
1476 3167 1750 3227 coram,
1827 3153 1896 3210 et
1946 3138 2389 3212 familiariter
2431 3146 2603 3210 eum'
2657 3142 2994 3214 sciscitari

1020 3238 1366 3348 quaedam
1410 3248 1643 3317 vellet.
1759 3240 2205 3313 invitabatur
2266 3242 2476 3312 etiam
2530 3244 2752 3315 literis
2802 3243 2995 3316 Petri

1022 3351 1402 3435 Suavenii,
1483 3346 1684 3418 cuius
1735 3353 1884 3415 er'at
1940 3343 2284 3413 excellens
2348 3345 2689 3432 eruditio,
2760 3358 2830 3419 et
2873 3347 2997 3443 qui
3042 3378 3043 3402 κ

1016 3457 1376 3530 iudicabat
1425 3452 1726 3520 multum
1776 3447 1841 3517 ei
1892 3446 2331 3538 profuturam
2377 3470 2523 3517 esse
2555 3443 2857 3520 Lutheri
2892 3451 3000 3520 fa-

1019 3558 1521 3631 miliaritatem.
1625 3549 1840 3622 Venit
1881 3549 2098 3640 igitur
2135 3546 2286 3620 Deo
2337 3545 2511 3621 haec
2561 3552 2852 3622 consilia
2900 3553 2994 3624 ita

1024 3663 1463 3754 gubernante
1533 3660 1836 3727 Ioannes
1899 3648 2401 3742 Bugenhagius
2472 3652 2999 3744 Witebergam,

1021 3788 1211 3835 anno
1255 3762 1668 3839 millesimo,
1727 3757 2332 3851 quingentesimo,
2379 3755 2710 3828 vicesimo
2745 3758 3001 3851 prime,

1023 3865 1237 3958 paulo
1282 3877 1442 3933 ante
1472 3864 1602 3933 iter
1632 3855 1930 3931 Lutheri
1962 3859 2046 3927 ad
2082 3871 2510 3928 conventum
2549 3857 3001 3950 Imperatoris

1022 3964 1265 4038 Caroli
1294 3963 1382 4035 V.
1420 3964 1541 4056 qui
1574 3987 1653 4030 eo
1682 3974 1999 4050 tempore
2038 3961 2175 4031 fuit
2203 3961 2279 4028 in
2312 3963 2486 4029 urhe
2525 3959 3000 4050 Vangionum,

1024 4067 1328 4140 addebat
1357 4066 1499 4132 iam
1532 4065 1610 4130 in
1636 4061 1790 4131 viro
1824 4062 2030 4131 docto
2065 4075 2135 4131 et
2172 4086 2321 4132 non
2352 4063 2556 4148 rudi,
2597 4077 2782 4133 aetas
2809 4062 3001 4132 iudi-

1023 4171 1118 4243 cii
1166 4167 1602 4259 gravitatem.
1707 4160 1983 4253 Agebat
2027 4167 2214 4232 enim
2265 4190 2536 4237 annum
2569 4179 2899 4260 quartum
2932 4178 3003 4235 et

1022 4270 1482 4345 tricesimum.
1585 4262 1695 4336 De
1732 4266 1975 4336 multis
2006 4267 2225 4357 igitur
2268 4268 2631 4339 doctrinae
2663 4269 3003 4340 membris

1022 4400 1181 4447 cum
1226 4367 1544 4445 Luthero
1595 4368 2046 4463 colloquitur.
2159 4366 2407 4439 Postea
2474 4367 2834 4442 Lutherus
2891 4396 3002 4470 re-

1024 4479 1227 4547 diens
1284 4501 1391 4548 ex·
1424 4485 1778 4545 conventu
1837 4469 2215 4539 abducitur
2256 4471 2334 4538 in
2389 4493 2589 4539 suam
2626 4469 3004 4556 Pathmon‚

1025 4593 1096 4648 et
1132 4578 1408 4647 circiter
1438 4576 1811 4646 biennium
1845 4567 2018 4642 hinc
2044 4572 2261 4645 abest.

1237 4677 1503 4745 lnterea
1549 4677 1744 4743 ducit
1799 4697 2087 4744 uxorem
2139 4672 2250 4742 vir
2283 4667 2626 4741 honestus
2660 4687 2722 4742 et
2760 4673 3006 4743 doctus

1026 4775 1280 4849 Pastor
1323 4772 1678 4844 Ecclesiae
1719 4773 2299 4862 Kembergensis,
2375 4772 2499 4861 qui
2558 4796 2715 4841 cum
2776 4775 3004 4845 iussus

1026 4894 1201 4950 esset
1231 4897 1474 4948 causas
1504 4894 1889 4962 exponere,
1936 4896 2061 4942 cur
2091 4894 2220 4941 nec
2262 4871 2616 4961 pontificia
2641 4875 2825 4964 lege,
2877 4901 3006 4948 nec

1024 4997 1190 5052 voto
1271 4975 1754 5071 impediantur
1841 4973 2167 5064 coniugia
2258 4974 2602 5046 divinitus
2690 4978 3007 5068 probata,

1024 5105 1320 5172 magnae
1368 5077 1485 5152 hic
1531 5077 2043 5171 disputationes
2091 5090 2284 5149 ortae
2328 5092 2527 5160 sunt,
2575 5074 2692 5148 An
2725 5093 3003 5151 tantum

938 5209 947 5212 ·
1022 5185 1382 5279 pontificia
1427 5185 1578 5272 lege
1627 5181 2565 5285 coniugiumvsacerdotibus
2599 5185 3006 5276 ademptum
3055 5195 3058 5243 ἶ

1022 5288 1161 5358 sit?
1238 5311 1332 5357 an
1362 5285 1644 5354 accedat
1673 5285 1965 5356 votum?
2044 5281 2163 5353 An
2199 5297 2442 5354 votum
2466 5280 3003 5355 ·Monachorum
3057 5344 3058 5348 ,

1023 5391 1117 5461 sit
1147 5389 1374 5459 maius
1404 5384 1818 5453 vinculum?
1890 5385 2308 5457 Consulitur
2339 5381 2698 5456 Lutherus
2732 5389 3006 5470 absens,
3057 5439 3058 5445 κ

1023 5493 1150 5587 qui
1180 5515 1344 5561 mox
1375 5484 1897 5581 propositiones
1937 5487 2024 5554 de
2069 5487 2251 5554 votis
2299 5497 2372 5554 et
2420 5484 2678 5556 deinde
2720 5488 3009 5574 librum,

1022 5595 1149 5691 qui
1178 5607 1402 5677 extat,
1449 5585 1699 5660 mittit:
1755 5585 1831 5654 in
1870 5610 2050 5678 quo,
2101 5597 2181 5655 ut
2215 5580 2619 5657 Alexander
2649 5586 3004 5662 Gordium

1022 5698 1296 5769 nodum
1342 5694 1674 5777 dissecat,
1736 5688 1836 5760 ita
1893 5687 2182 5782 laqueos
2236 5701 2306 5760 et
2354 5687 2589 5779 legum
2628 5689 3006 5785 impiarum

2149 531 2468 609 DECL.
2551 532 2702 611 DE
2765 536 3055 615 VITA
3122 539 3908 624 BUGENHAGII.

4913 563 5066 633 300

3088 731 3156 787 et
3184 730 3506 812 votorum
3525 718 3908 811 impiorum
3943 746 4087 794 una
4103 721 4427 796 machera
4458 727 4763 803 discidit.
4831 727 5062 804 Erant

3088 832 3260 888 tunc
3302 819 3735 893 convictores
3778 818 3870 897 D.
3915 820 4237 917 Philippi
4279 824 4531 899 Petrus
4572 829 4963 906 Suavenius
4992 847 5062 905 et
5192 871 5196 875 ·

3087 912 3611 1011 Bugenhagius,
3710 920 3890 994 Cum
3917 995 3928 1011 „
3949 924 4167 1015 igitur
4216 928 4294 1008 in
4355 954 4572 1000 coena
4636 936 5061 1025 propositio-

3075 1041 3215 1099 ffles
3255 1017 3553 1092 Lutheri
3600 1017 3976 1116 Philippus
4023 1029 4436 1120 accepisset,
4498 1033 4670 1121 legit
4715 1049 4781 1104 et
4822 1037 5066 1127 relegit

3092 1135 3354 1193 attente
3421 1123 3939 1215 propositiones
3980 1124 4523 1220 Bugenhagius,
4592 1147 4659 1204 et
4716 1159 4877 1206 cnm
4937 1139 5065 1207 ali-

3094 1224 3413 1316 quandiu
3454 1225 3710 1295 tacitus
3757 1230 4313 1317 magnitudinem
4356 1223 4459 1299 r'ei
4491 1234 4863 1323 cogitaret,
4912 1251 5071 1307 tan-

3092 1326 3252 1394 dem
3281 1325 3578 1418 .inquit:
3639 1323 3833 1398 Haec
3874 1352 3986 1399 res
4028 1332 4487 1402 mutationem
4534 1336 4805 1425 publici
4854 1351 5072 1409 status

3093 1425 3379 1511 efficiet,
3442 1428 3761 1497 doctrina
3835 1443 3997 1500 ante
4058 1426 4185 1500 has
4240 1433 4755 1525 propositiones
4809 1440 5069 1510 tradita

3093 1550 3242 1594 non
3284 1540 3618 1597 mutasset
3651 1529 4015 1620 publicum
4058 1545 4337 1605 statum.
4439 1532 4633 1607 Haec
4663 1551 4831 1609 sunt
4862 1538 5069 1609 initia

3097 1628 3539 1700 liberationis
3570 1626 4093 1704 Monachomna
4135 1657 4299 1704 vere
4325 1636 4633 1712 recitata.

3294 1778 3541 1851 Postea
3601 1778 4173 1869 Carolostadius,
4240 1813 4330 1859 ne
4390 1802 4666 1864 tantum
4712 1794 5071 1870 videretur

3043 1906 3044 1911 ¹
3092 1876 3391 1952 Lutheri
3423 1883 3627 1953 miles
3654 1898 3779 1956 aut
3809 1881 4510 1987 δευτεραγωνίστης,
4566 1897 4853 1987 propria
4884 1899 5069 1967 bella

3093 1981 3353 2064 movit,
3412 1985 3714 2055 alterum
3766 1989 3854 2058 de
3905 1991 4153 2060 statuis
4201 1994 4577 2081 tollendis,
4635 1998 4935 2069 alterum
4987 2003 5073 2069 de

3095 2081 3603 2175 legibusMoisi
3630 2086 3708 2157 in
3738 2088 3975 2159 forum
4008 2093 4475 2183 recipiendis,
4523 2120 4603 2167 ac
4631 2111 4890 2170 statuas
4926 2103 5073 2191 pri-

3098 2187 3237 2256 vati
3280 2188 3567 2279 quidam
3611 2189 3943 2262 seditiose
3993 2216 4075 2263 ex
4110 2195 4375 2286 templo
4412 2197 4780 2274 tollebant.
4883 2199 5071 2290 Quia

3099 2310 3267 2356 vero
3307 2288 3549 2359 aberat
3591 2285 3998 2376 Lutherus,'
4046 2296 4435 2368 multorum
4482 2301 4702 2369 animi
4742 2303 5073 2373 clamori-

3098 2390 3231 2459 bus
3293 2385 3764 2462 Carolostadii
3821 2395 4329 2485 turbabantur,
4394 2402 4514 2469 sed
4570 2403 5075 2474 adversabatur

3099 2489 3164 2559 ei
3204 2490 3510 2579 graviter
3554 2487 4093 2585 Bugenhagius,
4154 2513 4224 2570 et
4269 2501 4638 2571 seditiosas
4688 2517 5080 2574 statuarum

3098 2591 3498 2662 eversiones
3559 2589 4029 2685 improbavit,
4094 2610 4194 2688 et,
4220 2601 4310 2670 de
4365 2599 4650 2672 iudiciis
4697 2617 4765 2673 et
4803 2605 5081 2694 legibus

3100 2689 3448 2764 Romanis
3490 2697 4156 2783 erudite.ostendit,
4222 2723 4371 2769 non
4430 2718 4756 2795 oportere
4804 2721 5082 2778 nostras

3101 2794 3381 2884 politias
3424 2797 3914 2866 transformari
3957 2798 4033 2866 in
4078 2797 4459 2875 Iudaicam.

3101 2896 3365 2965 versiae
3408 2920 3566 2968 cum
3615 2897 4087 2988 agitarentur,
4140 2904 4328 2974 redit
4376 2898 4517 2976 huc
4558 2903 4953 2995 Lutherus,
5004 2925 5079 2981 ut

3101 2997 3389 3067 dissidia
3445 2999 3727 3069 tolleret
3782 3013 3851 3069 et
3910 3001 4497 3094 tranquillitatem
4565 3003 4780 3080 huius
4829 3007 5077 3080 Eccle-

3100 3100 3237 3169 siae
3271 3100 3696 3172 restitueret.
3799 3099 3957 3171 Hoc
3984 3116 4300 3194 tempore
4338 3103 4836 3200 Bugenhagius
4868 3111 5079 3182 Psal-

3103 3200 3379 3280 terium¹
3410 3203 3799 3285 enarravit,
3880 3216 3950 3273 et
4006 3202 4442 3279 iuventutem
4503 3212 4775 3283 utiliter
4820 3214 5084 3301 docuit,

3102 3317 3170 3373 et
3222 3302 3299 3371 in
3361 3306 3619 3374 tuenda
3680 3304 4055 3375 concordia
4117 3320 4186 3378 et
4235 3333 4401 3400 pace
4452 3305 4666 3383 huius
4708 3308 5085 3403 Ecclesiae,

3104 3406 3660 3477 moderationem
3707 3420 3774 3477 et
3819 3409 4287 3480 constantiam
4340 3414 4663 3485 eximiam
4711 3419 5078 3504 praestitit.
5166 3412 5176 3422 “

3104 3505 3343 3594 Quare
3376 3508 3740 3600 aliquanto
3773 3524 3934 3600 post
3954 3512 4555 3585 consentientibus
4584 3516 4931 3607 suffragiis
4949 3518 5080 3590 Se-

3042 3627 3055 3669 ss
3103 3622 3310 3678 natus
3343 3605 3762 3678 Academiae
3792 3623 3860 3678 et
3888 3615 4190 3682 Senatus
4221 3615 4507 3703 oppidi,
4557 3619 4783 3689 sactus
4813 3638 4917 3693 est
4944 3619 5083 3690 Pa-

3102 3724 3249 3779 stor
3291 3704 3643 3777 Ecclesiae
3671 3706 4301 3803 *Witebergensiffi
4365 3738 4575 3804 quam
4612 3715 4766 3787 Deo
4799 3722 5096 3807 iuvante-

3103 3811 3216 3903 pie
3250 3821 3318 3879 et
3345 3808 3690 3879 foeliciter
3721 3808 3797 3877 in
3846 3831 4098 3898 magna
4132 3810 4467 3883 varietate
4509 3828 4911 3907 temporum
4947 3846 5083 3910 gu-

3105 3910 3431 3985 bernavit
3463 3934 3687 3980 annos
3723 3933 3838 3980 sex
3875 3923 3944 3981 et
3985 3910 4292 4002 triginta.

3304 4065 3451 4136 Nec
3502 4088 3539 4132 a
3569 4089 3695 4135 sua
3729 4064 4029 4135 statione
4063 4065 4377 4136 discessit
4424 4082 4709 4158 propter
4744 4068 5079 4159 pestilen-

3105 4172 3274 4241 tiam
3327 4183 3396 4238 et
3446 4167 3667 4246 bella,
3729 4163 4052 4260 Cumque
4094 4169 4180 4236 ad
4223 4192 4511 4257 magnas
4539 4194 4741 4257 opes,
4794 4183 4860 4239 et
4896 4167 5083 4261 Epi-

3108 4271 3299 4362 scopi
3347 4269 3797 4360 splendorem
3849 4269 3923 4336 in
3975 4265 4276 4338 Daniam
4334 4285 4402 4339 et
4454 4271 4528 4338 in
4563 4268 5080 4350 pomeraniam,

3110 4388 3177 4445 et
3219 4372 3508 4465 quidem
3546 4370 3652 4454 ‘ab
3694 4370 3963 4461 optimo
4001 4393 4161 4460 rege
4206 4385 4274 4441 et
4321 4373 4409 4440 ab
4452 4373 4723 4462 optimo
4753 4371 5087 4464 Principe

3109 4487 3515 4557 vocaretur,
3561 4495 3931 4564 nunquam
3962 4472 4190 4542 voluit
4225 4468 4414 4542 hunc
4445 4486 4728 4543 tenuem
4756 4475 5086 4545 nidulum

3108 4576 3525 4666 relinquere.
3631 4572 3737 4644 Ac
3768 4596 3973 4665 saepe
4002 4574 4351 4644 dicentem
4383 4571 4824 4660 audivimus,
4876 4574 5090 4646 intel-

3108 4660 3323 4766 ligere
3370 4698 3443 4744 se
3489 4689 3833 4768 quantum
3897 4698 4079 4744 onus
4126 4677 4221 4746 sit
4282 4675 4655 4769 quaelibet·
4686 4674 5090 4761 Academia,

3060 4828 3063 4872 3
3112 4779 3275 4872 quia
3327 4777 3494 4845 ind'e
3540 4776 4090 4846 difficilimarnm
4136 4779 4771 4849 controversiarum
4818 4777 5091 4848 diiudi-

3112 4879 3293 4949 catio
3324 4879 3607 4968 petitur,
3660 4891 3726 4947 et
3762 4879 4064 4949 liberum
4097 4894 4198 4950 est
4226 4882 4462 4952 dicere
4487 4880 4903 4949 sententiam
4939 4881 5096 4951 cui-

3113 4982 3320 5061 libet,
3372 4980 3580 5051 etiam
3614 4980 3960 5070 ingratam
3990 4982 4229 5065 alteri,
4284 5005 4356 5050 se
4391 5006 4593 5073 posse
4626 4975 4888 5052 habere
4924 5004 5093 5072 opes

3111 5098 3180 5155 et
3230 5083 3498 5163 otium,
3555 5083 3614 5150 si
3657 5083 3750 5154 sit
3788 5081 3998 5165 alibi,
4063 5096 4131 5152 et
4161 5095 4399 5152 tenere
4435 5085 4649 5153 talem
4684 5084 4958 5166 locum,
5009 5082 5089 5148 in

3113 5211 3254 5280 quo
3283 5184 3430 5254 suis
3460 5185 3825 5254 sententiis
3844 5206 3994 5252 non
4025 5184 4233 5254 facile
4262 5184 4384 5253 alii
4416 5186 4914 5266 adversentur,
4961 5182 5086 5250 sed

3110 5302 3347 5358 tamen
3381 5309 3454 5356 se
3485 5286 3576 5355 ab
3598 5283 3982 5356 Academia
4013 5310 4160 5357 non
4194 5287 4663 5359 discessurum
4693 5307 4870 5367 esse,
4917 5282 5092 5375 quia

3111 5415 3258 5459 non
3312 5387 3587 5457 dubitet
3626 5380 3813 5457 hanc
3841 5389 4321 5470 vocationem,
4347 5390 4459 5460 'ad
4507 5388 4724 5460 solius
4764 5383 5091 5455 ministe-

3109 5492 3200 5561 rii
3242 5487 3629 5579 evangelici
3661 5488 3939 5561 labores
3970 5505 4038 5561 et
4077 5492 4384 5583 pericula
4414 5492 4696 5569 factam,
4763 5486 5092 5559 divinam

3112 5616 3299 5677 esse,
3353 5616 3482 5662 nec
3528 5614 3600 5660 se
3648 5590 3824 5661 alibi
3859 5593 4252 5685 voluptates
4284 5608 4354 5665 et
4393 5616 4558 5686 opes
4601 5587 5092 5684 quaesiturum
5139 5682 5144 5687 Ι

3112 5718 3294 5782 esse,
3362 5718 3492 5765 nec
3539 5718 3613 5765 se
3664 5717 3900 5765 amare
3957 5696 4407 5789 tyrannides,
4472 5694 4592 5767 scd
4645 5691 5095 5787 aequabilem
5123 5690 5174 5735 ’⁹

4587 2804 4745 2876 Hae
4791 2824 5082 2880 contro·
5175 2869 5179 2873 .
