6025 6775
1109 499 1137 546 β

496 654 572 764 ιιι
738 645 947 731 scamna
970 651 1047 725 ιιι
1072 651 1189 727 naa.
1213 645 1281 723 au
1306 646 1433 725 nrsr.
1458 638 1608 720 eaor.
1633 637 1702 715 ar
1727 639 1920 721 anuos.
1944 605 2274 731 seacranua·
2441 663 2522 741 aas

501 827 655 897 reditum
671 820 874 907 Thebanis,
899 836 933 893 et
956 822 1056 892 urhis
1078 820 1370 892 instaurationem
1393 841 1482 890 con·
1503 826 1509 926 Ι
1531 836 1667 908 poenae
1681 815 1906 889 comitantur.
1957 814 2054 888 Nam
2065 834 2100 893 ea
2113 819 2338 917 Cleopmm
2356 853 2519 906 mmm

502 928 623 1013 cessit,
655 950 762 1019 quam
788 919 1025 996 Athenienses
1046 934 1080 992 et
1101 921 1163 991 alii
1185 921 1314 993 Graeci
1336 920 1482 991 adiuve-
1505 929 1509 950 '
1533 912 1747 1002 Alexandri,
1783 940 1904 988 recena
1934 917 2087 990 interfici
2117 919 2324 1018 Antigonus
2353 933 2521 1023 luserat,

503 1042 600 1103 runt.
658 1025 700 1095 ld
725 1029 854 1095 factum
884 1037 935 1094 est
962 1046 1057 1094 anno
1079 1022 1261 1108 vicesimo,
1295 1036 1482 1114 postquam
1506 1091 1508 1096 ,
1533 1030 1717 1109 propterea
1738 1020 1834 1111 quod
1858 1019 1935 1089 eius
1960 1021 2170 1112 coniugium
2192 1031 2323 1103 mereri
2342 1043 2520 1131 &⁸90-

504 1124 707 1198 Thebaeab
721 1124 924 1195 Alexandro
938 1126 1071 1195 deletae
1087 1137 1188 1207 sunt,
1212 1124 1396 1205 videlicet,
1417 1144 1484 1191 au·
1533 1118 1665 1193 tehant.
1715 1115 1877 1214 Cumque
1893 1119 1963 1190 iam
1978 1125 2138 1211 potentia
2151 1149 2292 1203 mmm
2308 1150 2398 1208 M
2411 1136 2522 1210 Ami-

503 1251 550 1297 no
565 1240 686 1297 octavu
703 1239 949 1320 postmortem
965 1221 1172 1299 Alexandri.
1534 1219 1637 1311 goni,
1665 1219 1928 1290 coniunxerunt
1945 1241 1983 1289 se
2004 1224 2171 1298 adversus
2192 1254 2275 1303 eum
2299 1259 2381 1307 cum
2399 1236 2523 1310 Ptole·

1534 1343 1636 1389 maeu
1659 1333 1696 1392 et
1716 1318 1865 1392 Seleuco
1884 1318 2081 1394 Cassander
2100 1340 2137 1399 et
2149 1327 2404 1426 Lysimachus,
2430 1364 2525 1434 quus

826 1396 891 1466 9⁰
913 1396 1160 1491 Antipatro.
1535 1433 1654 1491 tamen
1674 1422 1724 1493 ita
1747 1422 1880 1515 sprevit
1897 1418 2120 1513 Antigonus,
2144 1444 2183 1501 ut
2199 1434 2351 1520 diceret,
2376 1462 2415 1508 se
2443 1442 2524 1511 dis-

599 1525 737 1600 Occisis
765 1526 956 1600 Cassandri
983 1527 1067 1596 liliis
1096 1524 1281 1617 posteritas
1303 1517 1487 1617 Antigoni
1536 1522 1733 1616 sipaturum
1748 1545 1913 1609 meaos,
1937 1538 2108 1619 tauquam
2125 1551 2247 1619 agmen
2260 1537 2397 1623 avium,
2423 1535 2521 1633 quae

502 1631 649 1706 retinuit
672 1628 943 1713 Macedoniarn,
973 1640 1016 1699 ut
1033 1641 1151 1719 postea
1176 1627 1347 1697 dicemus.
1401 1623 1483 1714 Qua
1536 1622 1757 1715 spermologi
1779 1624 2024 1696 nominantur.
2075 1624 2287 1727 Quanquam
2310 1651 2425 1709 autem
2446 1642 2520 1710 215.

502 1733 542 1801 in
564 1756 602 1801 re
633 1730 897 1802 iudiciumDei
928 1729 1180 1801 consideretur.
1239 1725 1362 1799 Rediit
1386 1726 1483 1795 euim
1535 1738 1623 1816 quot
1650 1726 1788 1817 maguis
1814 1726 1960 1817 praeliis
1981 1724 2185 1818 Antigonus
2211 1731 2520 1819 viremesnmen

502 1856 650 1923 regnum
684 1834 728 1902 ad
762 1854 838 1914 eos,
883 1830 945 1922 qui
976 1853 1016 1898 ex
1051 1829 1145 1918 regia
1183 1828 1291 1917 stirpe
1326 1828 1482 1898 suerunt.
1535 1828 1679 1895 tandem
1702 1828 1742 1897 iu
1766 1828 1842 1898 acie
1862 1827 1987 1898 multis
2008 1828 2219 1904 vulneribus
2239 1839 2522 1930 acceptisextin·

503 1931 640 2004 Omnes
660 1933 756 2002 enim
776 1930 954 2013 scribunt,
985 1926 1207 2019 Antigonum
1233 1928 1346 1998 filium
1374 1928 1483 1998 fuisse
1534 1938 1610 1996 ctus
1626 1939 1697 2012 est,
1720 1952 1801 1997 cum
1818 1928 2140 2019 attigissetaauum
2155 1938 2415 2025 octogesimum.

474 2083 477 2088 -
502 2030 662 2124 Philippi
693 2027 870 2115 Nothum,
911 2055 953 2101 ac
983 2030 1078 2099 inter
1110 2033 1216 2100 duces
1241 2029 1484 2099 antecelluisse
1635 2025 1788 2100 Hicl'uit
1803 2030 1917 2100 exitus
1934 2026 2124 2121 Antigoni,
2149 2036 2212 2129 qui
2234 2037 2521 2112 intersuoeesso-

502 2159 582 2203 eum
596 2134 744 2217 virtute,
769 2132 975 2220 magnitudo
991 2155 1110 2202 rerum
1125 2144 1300 2221 gestarum
1317 2131 1482 2204 ostendit.
1533 2150 1590 2197 res
1619 2123 1815 2199 Alexandri
1846 2131 1976 2203 virtute
2002 2134 2183 2216 excelluit,
2215 2160 2258 2208 ac
2284 2142 2397 2211 donec
2418 2142 2521 2228 vixit,

503 2232 582 2327 lpse
600 2234 704 2306 etiam
719 2234 756 2301 in
773 2229 909 2303 Edictis
923 2243 1056 2324 patrem
1077 2232 1240 2302 nominat
1261 2226 1482 2322 Philippum.
1534 2228 1716 2300 Minorem
1739 2229 1862 2301 Asiam
1882 2244 1918 2304 et
1931 2231 2065 2302 vicinas
2080 2236 2243 2325 regiones
2260 2264 2374 2335 usqne
2387 2243 2431 2313 ad
2447 2241 2522 2337 Sy-

605 2332 724 2404 Gessit
747 2334 899 2426 primum
924 2333 1057 2404 hellum
1083 2334 1251 2404 adversus
1273 2327 1482 2417 Eumenem,
1533 2330 1624 2401 riam
1640 2333 1766 2405 tenuit.
1817 2330 1942 2404 Postea
1962 2333 2057 2403 filius
2068 2330 2270 2409 Demetrius
2285 2343 2414 2413 amissa
2429 2339 2521 2415 Asia

503 2459 607 2529 quem
622 2433 806 2505 Perdiccas
821 2434 891 2504 sibi
903 2435 1131 2520 adiunxerat,
1157 2457 1237 2505 cum
1253 2433 1386 2505 bellum
1396 2430 1481 2503 Pto·
1533 2454 1681 2522 regnum
1697 2432 1930 2505 Macedoniae
1944 2434 2096 2506 extincta
2108 2434 2294 2510 Gssmrrdri
2309 2444 2520 2534 posteritate

502 2537 634 2606 lemaro
657 2536 823 2619 inferret,
856 2529 1097 2606 monarchiam
1127 2536 1172 2605 ad
1197 2559 1270 2605 sese
1291 2534 1482 2606 translatu-
1533 2534 1691 2604 retinuit.
1742 2533 1812 2605 Sed
1840 2561 1920 2605 curn
1943 2559 2149 2628 recuperare
2169 2534 2288 2611 Asiam
2312 2558 2519 2624 conaretur,

502 2660 574 2710 rus.
633 2634 794 2729 Cumque
821 2632 1001 2706 Eumenes
1034 2650 1157 2706 contra
1185 2632 1416 2728 Antipatrum
1446 2648 1483 2707 et
1532 2647 1568 2704 et
1592 2636 1690 2704 varia
1710 2635 1854 2705 lortuua
1880 2638 2015 2706 bellum
2042 2652 2178 2729 gereret
2198 2644 2362 2716 adversus
2383 2643 2517 2715 Seleu-

501 2735 685 2808 Craterum
701 2736 854 2807 duxisset
869 2739 1056 2823 exercitus,
1083 2751 1116 2809 et
1131 2737 1297 2809 Craterus
1317 2737 1355 2805 in
1378 2759 1481 2829 prae·
1532 2758 1612 2802 cum
1633 2757 1820 2824 generum,
1850 2739 1908 2807 cui
1931 2736 2156 2809 Stratonicen
2175 2742 2282 2811 liliam
2304 2766 2418 2829 suam,
2443 2766 2516 2814 na*

501 2837 550 2906 lio
575 2837 754 2930 periisset,
782 2859 885 2932 quem
911 2836 1124 2910 Macedones
1147 2840 1250 2909 valde
1272 2838 1480 2921 dilexerant,
1531 2848 1603 2905 tam
1637 2861 1679 2906 ex
1712 2833 1817 2908 Phile
1841 2835 2023 2927 Antipatri
2055 2839 2146 2924 filia,
2178 2863 2325 2913 uxorem
2355 2847 2513 2930 dederat,

500 2937 580 3008 irati
597 2937 766 3010 exercitus
788 2938 1011 3012 Macedonici
1031 2942 1155 3011 ducem
1177 2940 1312 3011 sariunt
1327 2935 1480 3028 Antigo-
1531 2938 1675 3008 tandem
1702 2964 1722 3009 a
1743 2938 1894 3010 Seleuco
1911 2962 2042 3029 genem
2057 2954 2179 3031 captus
2201 2956 2270 3029 est,
2295 2947 2388 3038 apud
2406 2965 2519 3038 quem

500 3061 587 3106 num
604 3052 725 3110 contra
741 3038 948 3112 Eumenem.
1000 3040 1052 3113 lta
1069 3044 1329 3113 coniunxerunt
1341 3063 1378 3111 se
1393 3065 1480 3109 con·
1530 3039 1692 3130 captivus
1722 3054 1821 3110 anno
1851 3042 1955 3111 tertio
1979 3052 2139 3111 mortuus
2164 3056 2237 3127 est,
2269 3069 2351 3116 cum
2371 3039 2521 3118 viriseel

500 3151 552 3210 tra
575 3138 777 3211 Perdiccam
799 3157 832 3213 et
853 3137 1066 3229 Eumenem,
1097 3140 1301 3234 Antipater,
1326 3137 1476 3231 Antigo·
1531 3163 1643 3210 annos
1658 3155 1811 3234 quatuor
1833 3156 1869 3213 et
1889 3142 2163 3236 quinquaginta,
2190 3156 2328 3217 tantam
2351 3160 2518 3239 expertus

499 3257 617 3313 nuset
634 3241 864 3314 Ptolemaeus.
917 3240 1014 3314 Haec
1030 3245 1143 3338 prima
1165 3244 1341 3314 contraria
1357 3243 1478 3313 loede-
1529 3240 1693 3311 furtunae
1718 3243 1940 3328 varietatem,
1972 3257 2011 3314 ut
2035 3251 2080 3314 de
2111 3267 2154 3314 eo
2183 3270 2305 3317 versus
2324 3242 2520 3340 Sophoclis

381 3390 387 3401 .
499 3366 537 3412 ra
559 3344 648 3415 iacta
672 3358 766 3416 suut.
815 3342 863 3417 Et
888 3342 1030 3416 initium
1054 3347 1228 3417 hellurum
1254 3359 1371 3416 ortum
1388 3357 1478 3415 esta
1529 3343 1757 3433 pronunciasti
1780 3345 1872 3428 sint,
1897 3348 1942 3416 de
1967 3345 2075 3418 lunae
2094 3344 2323 3422 incrementis
2338 3362 2377 3424 et
2389 3352 2517 3423 decre-

498 3445 688 3534 cupiditate
711 3447 964 3517 dominationis
986 3447 1191 3533 Perdiccae,
1221 3449 1284 3542 qui
1306 3461 1347 3519 ut
1370 3469 1477 3539 supra
1528 3445 1669 3518 mentis.

498 3543 669 3629 diximus,
701 3572 780 3617 cum
809 3551 853 3617 ad
881 3546 1081 3642 Aegyptum
1109 3551 1322 3630 accessisset,
1354 3573 1374 3619 a
1403 3549 1477 3619 suis

496 3646 676 3738 equitibus
692 3648 895 3717 interiectus
913 3663 973 3717 est.

597 3744 683 3818 Post
699 3749 891 3818 triennium
906 3744 1068 3816 Eumene
1083 3749 1175 3820 victo
1192 3753 1384 3821 secundum
1399 3751 1475 3821 bel·

497 3848 571 3916 lum
596 3848 700 3938 gessit
721 3845 923 3940 Antigonus
950 3849 1117 3917 adversus
1146 3849 1403 3937 Cassandrum,
1435 3876 1476 3922 ac
1627 3842 1837 3941 Antigonus
1863 3842 2070 3934 Secundus,
2095 3863 2201 3920 natus
2219 3875 2261 3922 es
2279 3847 2401 3935 Phile,
2427 3848 2527 3923 Au·-

495 3949 609 4020 victor
624 3972 763 4040 sperare
780 3945 1019 4020 monarchiam
1034 3951 1161 4040 coepit.
1210 3947 1474 4042 Profectusigi-
1526 3948 1647 4040 tipatri
1672 3950 1764 4036 lilia,
1794 3949 1959 4019 laudatus
1990 3965 2136 4042 propter
2165 3951 2339 4024 iusticiam
2365 3969 2400 4026 et
2429 3978 2511 4024 mo·

495 4064 554 4121 tur
567 4051 603 4120 in
614 4051 754 4147 Syriam
772 4051 971 4144 provincias
986 4052 1118 4122 vicinas
1134 4053 1336 4144 occupavit,
1362 4054 1474 4126 etSe-
1525 4051 1756 4122 demtionem.
1818 4049 1990 4121 Graeciae
2013 4075 2135 4141 pacem
2158 4056 2324 4127 restituit.
2384 4054 2513 4144 Quare

495 4152 632 4222 leucum
655 4155 908 4246 perterrefecit,
941 4168 980 4225 ut
1002 4155 1047 4225 ad
1067 4153 1308 4226 Ptolemaeum
1338 4156 1375 4226 in
1398 4152 1472 4227 Ae·
1524 4149 1928 4222 aGraecisnominatus
1944 4165 1997 4222 est
2007 4149 2226 4252 Εὐεργέτης.
2273 4153 2329 4226 Es
2345 4149 2511 4224 hucAn-

493 4267 639 4346 gyptum
662 4255 809 4346 lugeret.
860 4254 911 4324 lta
929 4256 1097 4325 disiuncti
1121 4272 1203 4328 stant
1217 4253 1420 4349 Antigonus
1439 4273 1473 4330 et
1524 4251 1825 4345 tigonoSecundo
1839 4266 2009 4323 natusest

492 4350 734 4442 Ptolemaeus,
772 4358 832 4452 qui
863 4356 1104 4426 defensionem
1134 4357 1273 4428 Seleuci
1308 4361 1472 4453 suscepit.
1625 4349 1840 4424 Demetrius
1854 4348 2066 4447 Secundus,
2088 4356 2151 4451 qui
2166 4376 2237 4424 non
2250 4352 2315 4423 diu
2328 4356 2508 4444 regnavit.

492 4450 570 4526 Huc
586 4459 729 4529 tertium
752 4460 886 4530 bellarm
908 4457 1138 4549 asperrimum
1153 4459 1238 4543 tuit,
1264 4459 1301 4528 iu
1321 4485 1394 4553 quo
1409 4486 1471 4532 va·
1623 4451 1836 4551 Phiiippus.
1901 4453 1981 4527 Hoc
2021 4457 2200 4549 impubere
2237 4467 2337 4525 tutor
2374 4479 2509 4546 regna-

492 4554 565 4623 riae
586 4559 678 4628 vices
700 4560 856 4633 luerunt.
913 4557 983 4630 Sed
1006 4583 1087 4629 cum
1108 4559 1241 4650 ingenti
1264 4583 1379 4651 pugna
1405 4586 1471 4632 na·
1522 4557 1587 4640 vll,
1613 4554 2231 4649 p=tlr⁰t1382008ss0mln⁸lss⁸1l⁰⁸⁰fl·
2270 4554 2510 4629 Pffiletl'ltl-

490 4655 563 4722 vali
580 4661 623 4725 ad
639 4656 796 4753 Cyprum
813 4660 951 4731 vicisset
967 4658 1167 4730 Demetrius
1181 4657 1354 4749 Antigoni
1377 4664 1486 4747 filius„
1521 4658 1639 4750 lippus
1662 4673 1804 4750 accepto
1826 4673 1974 4751 patemo
1992 4681 2104 4747 regnu
2125 4657 2195 4728 fuit
2218 4660 2389 4745 crudelis,
2421 4673 2460 4732 et
2482 4685 2506 4733 a

490 4751 684 4826 Ptolemaei
705 4761 868 4841 classem,
901 4762 1009 4853 captis
1027 4762 1176 4831 sedecim
1199 4763 1358 4831 millibus
1372 4766 1469 4835 mili·
1519 4757 1695 4830 Romanis
1726 4761 1840 4830 victus
1864 4783 1988 4853 pacem
2013 4760 2153 4850 petivit.
2212 4757 2351 4831 Filium
2370 4759 2505 4832 Dane-

490 4868 586 4940 tum,
621 4872 654 4928 et
680 4860 848 4930 demersis
878 4863 1029 4932 navibus
1053 4863 1233 4946 ducentis,
1264 4860 1469 4952 Antigonus
1520 4862 1628 4934 trium
1647 4863 1736 4932 salso
1754 4859 2267 4944 accusatumaPerseot'ratre,
2290 4862 2479 4934 interfecit.

489 4978 563 5027 sese
590 4972 626 5030 et
655 4959 766 5032 tilium
796 4957 1014 5035 Demetrium
1046 4985 1147 5058 reges
1177 4964 1396 5051 nominavit,
1434 4981 1468 5038 et
1621 4964 1797 5037 Successit
1819 4957 1991 5050 Perseus,
2022 4975 2145 5054 captus
2170 4986 2190 5032 a
2212 4959 2399 5038 Romanis.

488 5059 685 5132 diademate
715 5065 812 5154 regio
841 5068 895 5137 uti
924 5064 1048 5160 coepit.
1101 5064 1240 5140 Horum
1268 5069 1467 5162 exemplum
1619 5064 1717 5138 Haec
1738 5066 1895 5158 exempla
1915 5079 2117 5155 congruunt
2138 5067 2182 5134 ael
2206 5065 2381 5152 regulam,
2408 5090 2505 5158 quae

488 5174 523 5231 et
545 5158 765 5235 Ptolemaeus
791 5168 949 5238 imitatus
980 5183 1051 5255 est,
1081 5182 1114 5240 et
1138 5172 1265 5241 deinde
1286 5169 1466 5257 Seleucus,
1517 5167 1622 5238 dicit:
1648 5168 1787 5240 lusticia
1802 5165 1952 5237 stabiliri
1968 5163 2157 5243 thronum,
2184 5178 2218 5238 et
2234 5188 2340 5254 regua
2356 5181 2500 5259 propter

456 5266 698 5352 recuperatis
723 5268 795 5337 suis
817 5268 1022 5360 provinciis.
1080 5268 1140 5340 Sic
1164 5296 1254 5341 nova
1287 5295 1394 5360 regna
1423 5297 1465 5341 ex
1517 5270 1731 5341 iniusticiam
1752 5267 1895 5337 mutari.
1952 5266 2050 5338 Haec
2074 5271 2119 5337 de
2142 5262 2315 5355 Antigoni
2346 5267 2504 5359 posteri-.

484 5361 679 5436 Alexandri
695 5364 897 5438 monarchia
912 5384 989 5441 orta
1004 5383 1098 5453 sunt,
1122 5370 1212 5440 sicut
1223 5369 1350 5441 Daniel
1364 5396 1462 5463 prae·
1516 5385 1585 5440 tate
1608 5371 1764 5440 breviter
1782 5369 2049 5453 annotavimus,
2077 5387 2117 5439 ιιι
2140 5392 2261 5458 regunt
2290 5368 2392 5438 series
2413 5380 2497 5456 post

482 5466 628 5539 dixerat.
678 5466 802 5557 Pugna
817 5473 861 5540 ad
878 5468 1035 5565 Cyprum
1050 5472 1139 5540 lacta
1155 5485 1206 5539 est
1222 5484 1462 5561 postmortem
1514 5467 1757 5541 Alexandrum
1775 5481 1955 5564 utcunque
1970 5471 2187 5541 considerari
2206 5470 2325 5561 possit.
2363 5465 2498 5539 Daniel

481 5563 696 5656 Alexandri,
721 5571 861 5643 circiter
882 5595 1016 5642 anniam
1042 5569 1274 5658 sedecimum,
1298 5571 1463 5645 videlicet
1513 5572 1656 5642 caeteris
1678 5568 1834 5654 omissis,
1864 5573 1909 5644 de
1930 5571 2071 5663 regibus
2087 5567 2272 5665 Aegyptiis
2287 5584 2321 5643 et
2337 5569 2500 5664 Syriacis

481 5662 696 5764 Olympiade
709 5675 896 5746 centesima
912 5687 945 5742 et
960 5671 1094 5741 decima
1108 5682 1241 5743 octava.
1291 5670 1460 5744 Acbrevi
1512 5672 1622 5742 multa
1645 5668 1875 5755 vaticinatur,
1902 5697 2058 5768 quorum
2072 5672 2180 5743 series
2201 5673 2414 5744 recensenda
2432 5688 2500 5761 est,

480 5782 559 5858 pust
573 5797 741 5846 conversa
758 5789 809 5846 est
821 5770 996 5861 Antigoni
1015 5772 1175 5859 fortuna,
1200 5785 1241 5843 ut
1255 5774 1456 5865 superbiam
1510 5785 1550 5842 ut
1564 5771 1653 5840 sacri
1670 5771 1752 5842 lihri
1767 5773 2023 5867 intelligantur.
2505 5807 2508 5811 ·

1551 3702 1742 3773 Posteri
1764 3693 1967 3791 fuerunt
1992 3721 2125 3795 repes
2148 3700 2486 3777 Macedoniae.
