6025 6775
489 761 567 835 ns
635 693 646 706 ”
726 742 939 832 sentam
964 742 1041 819 m
1065 738 1183 822 nnn.
1211 735 1280 817 An
1303 737 1433 817 utsr.
1459 739 1608 828 mon
1630 746 1699 825 cr
1724 745 1920 833 runos.
1945 747 2277 835 secernunt.-
2442 766 2526 845 ⁷24.

495 941 597 1012 Deus
613 941 741 1023 'postea
762 918 908 996 cessavit
929 919 1016 990 alias
1035 939 1093 988 res
1123 919 1275 989 condere
1299 928 1335 987 et
1352 937 1483 1001 creare,
1535 944 1681 992 manum
1706 945 1779 993 esse
1804 918 2013 1005 Ecclesiam.
2071 925 2121 1003 Et
2149 932 2287 1004 conditi
2316 950 2399 1009 sunt
2425 963 2524 1012 mas

497 1035 664 1112 videlicet
694 1029 783 1099 alios
821 1045 934 1094 novos
968 1022 1143 1106 mundos,
1179 1035 1241 1091 aut
1268 1040 1380 1089 novas
1411 1018 1484 1086 ele·
1517 1038 1571 1115 et
1586 1021 1620 1121 s
1622 1021 1733 1093 cami
1739 1048 1816 1111 na,
1841 1041 1882 1098 ut
1895 1042 1983 1101 esset
1997 1031 2184 1103 ordinatus
2199 1048 2235 1105 et
2250 1036 2367 1108 dulcis
2381 1061 2489 1114 arnor.

497 1150 701 1215 mentorum
723 1142 785 1200 aut
813 1124 1051 1196 animantium
1076 1122 1218 1215 species.
1266 1117 1316 1191 Et
1339 1120 1484 1190 condito
1639 1124 1683 1198 V.
1717 1124 1875 1215 Quinto,
1898 1132 2040 1203 condita
2052 1127 2232 1221 Ecclesia,
2259 1149 2295 1208 et
2319 1140 2455 1213 sancita
2471 1145 2526 1216 le-

500 1239 602 1313 Iaom
612 1235 684 1305 ine
707 1228 843 1326 quievit
855 1224 972 1311 Deus,
998 1225 1082 1319 quia
1107 1224 1187 1295 vult
1208 1222 1248 1292 in
1264 1217 1410 1292 homine
1426 1244 1487 1291 ac·
1538 1251 1580 1319 ge
1595 1227 1764 1317 coniugii,
1780 1228 1982 1304 institutum
1998 1245 2050 1304 est
2064 1235 2168 1305 etiam
2183 1236 2390 1311 dominium
2404 1257 2529 1319 rerum

388 1327 391 1333 ¹
503 1344 762 1441 quiescere‚.et
776 1355 818 1401 eo
831 1327 1014 1413 delectari,
1041 1326 1123 1398 etei
1138 1326 1264 1397 intota
1280 1322 1486 1394 aeternitate
1539 1329 1798 1423 corporalium,
1828 1356 1920 1425 quae
1945 1336 2157 1406 necessariae
2175 1350 2260 1409 sunt
2284 1339 2381 1413 vitae
2396 1368 2528 1441 corpo-

502 1436 764 1518 eommunicare
785 1454 859 1504 sese
886 1453 987 1502 snam
1010 1427 1238 1522 sapientiam,
1262 1423 1438 1495 iusticiam
1453 1435 1488 1494 et
1539 1433 1619 1502 rali.
1671 1430 1724 1503 lta
1741 1454 1970 1522 agnoscamus
1987 1459 2042 1505 res
2065 1437 2267 1529 praecipuas
2281 1444 2401 1514 cutim
2417 1448 2529 1521 initio

503 1540 690 1618 laeticiam.
1541 1532 1722 1604 ordinatas
1742 1558 1833 1606 esse:
1862 1532 2078 1625 Ecclesiam,
2102 1531 2355 1614 oeconomiam
2373 1546 2529 1621 etPoli-

606 1638 656 1711 ll.
696 1631 862 1711 Secundo
887 1633 1096 1725 cogitemus,
1120 1629 1236 1724 qualis
1255 1628 1302 1699 sit
1324 1625 1490 1700 conditu
1541 1635 1638 1706 tiam.
1687 1631 1753 1705 Est
1774 1651 1893 1708 autem
1915 1639 2120 1711 ordinatum
2142 1640 2341 1713 dominium
2360 1641 2419 1718 his
2443 1660 2528 1722 ven:

469 1744 472 1750 ’
505 1747 636 1828 homo,
665 1739 831 1811 videlicet
850 1737 952 1821 illis,
983 1747 1025 1806 1¹1
1047 1734 1093 1804 ⁵51
1115 1733 1231 1821 imago
1254 1729 1381 1800 &milis
1400 1725 1489 1799 Deo·
1541 1737 1612 1807 bis:
1639 1730 1866 1808 Subis‘cite
1889 1737 2017 1809 vobis
2037 1748 2225 1828 terram,
2249 1751 2290 1812 ct
2309 1739 2525 1822 dominu-

457 1868 460 1874 ·
505 1851 765 1936 Interpretatur
785 1852 902 1909 autem
923 1836 1057 1908 Paulus
1085 1834 1275 1922 imaginem
1300 1833 1346 1903 ad
1368 1824 1491 1921 Ephe-
1542 1835 1663 1907 mini
1695 1836 1821 1933 pisci
1826 1838 1907 1910 bus
1942 1840 2091 1911 muris
2113 1856 2177 1915 etc
2235 1840 2278 1913 ld
2304 1863 2373 1934 est,
2405 1855 2528 1941 generi

507 1954 578 2023 sios
601 1945 643 2017 4:
667 1942 845 2016 Iustitiam
867 1954 900 2011 et
923 1938 1144 2009 sanctitatem
1163 1933 1332 2004 veritatis.
1381 1929 1491 2003 Com·
1542 1936 1700 2012 humano
1720 1942 1822 2011 uado
1844 1936 1912 2011 hoc
1935 1944 2008 2029 im,
2040 1955 2083 2014 ut
2102 1944 2149 2013 ἀρ
2166 1964 2236 2015 um
2256 1940 2383 2022 harum
2405 1975 2527 2026 „emm

506 2049 675 2147 plectitur
690 2067 772 2134 ergo
789 2042 904 2133 imago
927 2042 1131 2129 incorrupta
1147 2035 1342 2128 potentiam
1360 2054 1492 2122 cogno·
1545 2043 1631 2114 tales
1646 2042 1889 2113 ordinationes
1911 2044 2033 2129 faciat,
2059 2068 2151 2138 quae
2171 2046 2313 2136 prosint
2333 2053 2378 2121 ad
2397 2075 2528 2149 acqua.

508 2149 686 2235 ¹mentem,
710 2147 750 2216 in
773 2168 880 2237 mam
900 2141 1076 2214 transfusa
1091 2150 1143 2209 est
1159 2139 1221 2208 lux
1236 2136 1378 2226 divina,
1401 2155 1491 2227 quse
1544 2145 1679 2214 litatem
1703 2145 1994 2219 conservctricem
2017 2145 2204 2222 societatis.
2253 2144 2325 2220 tlte
2344 2168 2381 2225 et
2400 2155 2530 2226 distin-

511 2269 566 2326 eat
585 2275 669 2321 vera
690 2262 726 2319 et
746 2247 846 2317 firma
870 2244 1004 2334 agnitio
1028 2238 1095 2312 Dei
1116 2252 1152 2311 et
1171 2238 1277 2327 legib
1305 2250 1340 2308 θῑ
1361 2236 1492 2305 Πῡῑῑΰῐΰ
1546 2245 1616 2318 ctio
1640 2243 1882 2316 dominiorum
1916 2261 1951 2316 et
1980 2260 2185 2318 contractus
2216 2249 2530 2343 comprehendun-

511 2360 556 2429 de
580 2375 662 2423 vera
693 2347 895 2420 obedientia
928 2344 1033 2415 etde
1068 2340 1200 2411 iudicio
1225 2337 1304 2414 Dei.
1353 2334 1493 2408 Deinde
1546 2362 1616 2420 tur.
1665 2343 1753 2416 Post
1769 2346 1944 2418 diluvium
1966 2370 2049 2417 vero
2070 2343 2158 2418 haec
2173 2350 2296 2420 eadem
2309 2353 2367 2423 lex
2380 2360 2531 2450 repetita

512 2453 758 2545 complectitur
781 2463 816 2520 et
834 2446 1055 2517 voluntatem
1077 2455 1113 2512 et
1133 2463 1213 2527 cor,
1238 2441 1335 2533 quod
1348 2440 1496 2509 ardebat
1547 2463 1616 2533 ecc,
1643 2460 1678 2518 et
1698 2470 1858 2538 expresse
1880 2448 2001 2519 addita
2014 2470 2149 2520 summa
2170 2449 2245 2535 lex,
2269 2476 2362 2544 quae
2378 2472 2431 2530 est
2445 2482 2531 2531 ner·

511 2558 669 2629 motibus
681 2541 836 2644 Spiritus
847 2547 960 2618 sancti
967 2595 979 2631 ,
1005 2558 1039 2614 et
1054 2543 1187 2632 integra
1202 2540 1494 2613 obedientiasine
1547 2572 1613 2620 vus
1626 2549 1877 2641 imperiorum,
1904 2550 1947 2618 de
1969 2572 2085 2640 poena
2104 2541 2380 2630 homicidae.
2429 2556 2532 2632 Hace

512 2669 668 2752 peccato.
717 2648 777 2721 Ad
806 2646 894 2720 haec
921 2649 1015 2718 dona
1036 2644 1203 2715 adiuncta
1226 2643 1297 2715 fuit
1322 2642 1436 2713 libera
1460 2654 1496 2713 et
1547 2655 1604 2721 lex
1620 2651 1701 2721 fons
1716 2664 1767 2721 est
1780 2650 1945 2744 politicae
1968 2650 2235 2739 gubematicnis
2254 2652 2293 2722 in
2315 2648 2382 2725 hac
2397 2660 2531 2752 depra-

512 2785 590 2832 non
613 2752 781 2845 impedita
802 2750 926 2823 electio
945 2746 1149 2820 voluntatis.
1200 2744 1296 2818 Sunt
1318 2743 1494 2816 antemio
1549 2767 1628 2825 vaca
1650 2764 1794 2838 natura,
1819 2764 1864 2849 ,aa
1892 2750 2036 2822 initium
2066 2752 2315 2847 imperiorum,
2336 2770 2376 2828 „a
2405 2775 2532 2851 9032„

514 2861 593 2933 Deo
609 2876 745 2928 summa
765 2853 883 2938 bona,
908 2849 1098 2942 sapientia,
1122 2846 1279 2935 iusticia',
1302 2862 1337 2919 et
1349 2847 1496 2919 libertas
1549 2856 1718 2930 dicemus,

514 2957 708 3036 electionis.
764 2952 906 3025 Horum
933 2974 1154 3023 summorum
1177 2951 1355 3022 bonorum
1377 2948 1495 3019 radios
1652 2955 1717 3029 Vl.
1750 2954 1857 3029 Serto
1872 2958 2039 3031 recitatur
2053 2961 2173 3052 lapsus
2188 2960 2384 3053 primorum
2397 2971 2532 3058 paren-3

514 3087 596 3138 eum
618 3061 658 3129 in
684 3080 750 3126 1¹0⁵
780 3054 1030 3136 transfuderit,
1062 3054 1306 3125 te⁸llm⁰nium
1329 3049 1496 3134 ostendit,
1550 3072 1647 3144 tum,
1680 3072 1714 3129 et
1742 3066 1826 3130 mox
1855 3061 2030 3133 restitutio
2071 3075 2106 3133 et
2136 3060 2320 3151 inchoatio
2343 3068 2529 3139 universae

513 3188 596 3237 vete
609 3185 631 3235 a
645 3183 682 3230 se
697 3154 790 3230 hanc
807 3171 1002 3229 creaturam
1026 3155 1141 3245 diligi.
1190 3151 1238 3226 Et
1254 3151 1397 3245 quidem
1415 3151 1496 3220 ideo
1549 3157 1746 3247 Ecclesiae,
1770 3185 1861 3254 quae
1883 3178 2031 3256 sequuta
2051 3177 2103 3235 est
2118 3178 2197 3255 post
2211 3165 2362 3257 lapsum.
2408 3163 2458 3241 Et
2472 3192 2535 3239 ex·

514 3261 708 3341 transfudit
720 3283 763 3330 ea
784 3260 823 3329 iu
838 3281 923 3342 nos,
948 3271 988 3328 ut
1002 3252 1070 3326 hae
1087 3256 1183 3348 ipsae
1197 3254 1350 3324 noticiae
1365 3266 1497 3325 teaten-
1551 3262 1697 3352 ponitur
1711 3285 1813 3332 cauca
1836 3265 1960 3334 mortis
1976 3278 2011 3336 et
2025 3264 2283 3353 calamitatum,
2307 3269 2429 3358 ignota
2443 3266 2535 3340 Phi.

515 3388 595 3455 tur,
620 3388 694 3436 esse
715 3358 881 3445 Deum,
913 3374 948 3431 et
958 3360 1115 3430 doceant
1129 3379 1217 3443 nos,
1243 3355 1359 3450 qualis
1373 3356 1437 3449 sit,
1463 3366 1498 3424 et
1550 3358 1743 3456 losophiae.
1795 3361 1865 3436 Hic
1877 3388 2000 3437 rursus
2011 3366 2184 3438 maximae
2196 3367 2535 3462 resfproponuntur:

517 3474 720 3545 discernant
754 3489 834 3536 eum
866 3487 887 3535 a
923 3462 1027 3532 malis
1055 3458 1204 3535 naturis.
1273 3456 1348 3527 lam
1373 3457 1499 3548 cogita,
1551 3463 1686 3536 Concio
1711 3489 1860 3556 arguens
1889 3482 2091 3559 peceatum,
2126 3481 2161 3540 et
2188 3493 2315 3542 arcana
2344 3472 2533 3564 promissio

518 3584 693 3669 quantum
718 3568 824 3639 decus
844 3565 952 3636 fuerit
978 3556 1108 3631 homo
1130 3574 1211 3632 ante
1232 3561 1391 3651 lapsum,
1416 3582 1496 3630 cum
1552 3568 1759 3638 decentum
1775 3568 1908 3639 semine
1924 3569 2103 3653 mulieris,
2126 3592 2190 3661 per
2210 3574 2307 3664 quod
2320 3574 2436 3645 deleto
2452 3598 2535 3667 pec.

516 3699 599 3746 vere
620 3683 709 3742 essct
722 3668 944 3741 domicilium
962 3678 996 3734 et
1018 3665 1190 3755 templum
1206 3660 1293 3746 Dei,
1318 3661 1395 3730 sine
1416 3683 1498 3751 pec·
1551 3680 1628 3738 cato
1655 3682 1691 3739 et
1721 3681 1835 3739 morte
1863 3670 2017 3740 ostendit
2044 3665 2142 3740 Deus
2178 3673 2433 3746 restituendam
2461 3699 2537 3747 esse

518 3791 617 3858 cato,
638 3773 713 3842 sine
727 3783 851 3842 morte.
901 3764 950 3837 Et
959 3765 1090 3854 cogita,
1115 3776 1246 3857 quama
1259 3762 1366 3832 fuerit
1379 3762 1497 3852 ingra-
1551 3769 1725 3839 iusticiam
1755 3782 1791 3839 et
1811 3769 1921 3840 vitam
1947 3781 2138 3839 aeternam.
2187 3769 2286 3845 Haec
2314 3777 2439 3847 concio
2464 3779 2534 3851 fuit
2572 3848 2575 3853 .

517 3877 655 3961 titudo,
679 3885 837 3943 avertere
845 3880 887 3938 'se
902 3866 1010 3937 aDeo
1025 3867 1071 3935 ad
1081 3865 1265 3949 diabolos,
1289 3875 1326 3934 et
1339 3876 1499 3934 excutere
1552 3869 1695 3941 initium
1711 3891 1825 3940 novae
1838 3866 2033 3955 Ecclesiae,
2058 3882 2095 3941 et
2108 3895 2176 3940 vox
2192 3897 2266 3945 una
2287 3889 2322 3948 et
2334 3879 2454 3949 eadem
2469 3894 2535 3964 cst,

514 3971 653 4054 Deum..
695 3970 852 4045 Excusso
873 3983 989 4041 autem
1009 3964 1105 4053 Deo,
1138 3966 1201 4062 qui
1223 3979 1273 4036 est
1293 3966 1374 4036 lons
1397 3964 1499 4052 vitae,
1551 3993 1622 4066 qua
1647 3970 1827 4060 colligitur
1841 3966 1999 4042 Ecclesia
2024 3995 2136 4063 usque
2153 3974 2196 4044 ad
2211 3991 2427 4067 postremum
2443 3993 2535 4051 tem-

516 4093 666 4175 sequuta
680 4091 733 4146 est
749 4096 861 4158 mors,
885 4084 927 4142 ut
941 4071 1220 4163 posteadicetur.
1552 4094 1618 4164 pus
1647 4071 1886 4161 generationis
1911 4072 2049 4146 mundi.
2106 4069 2184 4143 Hac
2211 4101 2297 4148 voce
2318 4092 2417 4164 tunc,
2450 4105 2537 4152 cum

621 4179 689 4253 lll.
725 4175 868 4259 Tertio,
893 4171 1071 4244 Ecclesiae
1084 4171 1229 4243 initium
1244 4181 1295 4239 est
1312 4167 1387 4262 ipsa
1402 4189 1500 4239 crea·
1551 4184 1758 4261 argueretur
1772 4185 1972 4262 peccatum,
1996 4172 2106 4264 primi
2119 4188 2279 4266 parentes
2290 4193 2473 4248 sensemnt
2492 4203 2535 4249 se

517 4287 570 4356 tio
592 4276 775 4363 bominis,
803 4274 884 4347 cu'm
912 4275 985 4344 illis
1011 4273 1133 4357 donis,
1165 4294 1254 4364 quae
1283 4283 1384 4342 erant
1406 4272 1500 4357 data,
1552 4273 1711 4344 amisisse
1733 4274 1885 4363 primam
1907 4286 2055 4345 naturae
2074 4274 2205 4360 lucem,
2229 4276 2474 4347 rectitudinem
2496 4295 2536 4351 et

516 4401 558 4460 ut
577 4382 694 4456 Deum
719 4380 947 4451 celebrarent.
979 4402 982 4407 ³
1006 4371 1056 4446 Et
1076 4373 1214 4443 addidit
1235 4369 1332 4443 Deus
1352 4374 1500 4444 manda·
1551 4375 1746 4459 laeticiam,
1770 4397 1839 4468 qua
1855 4373 1895 4442 in
1910 4370 1986 4444 Deo
2003 4376 2281 4447 laetatifueraut.
2319 4372 2369 4447 Et
2384 4380 2536 4453 extincti

516 4505 595 4561 tum
610 4490 655 4557 de
674 4498 817 4556 externo
840 4475 1063 4555 testimonio,
1089 4498 1160 4566 quo
1178 4475 1402 4544 ostenderent
1414 4475 1499 4544 obe·
1552 4476 1703 4548 luissent
1717 4475 1913 4547 terroribus
1933 4477 2075 4561 mortis,
2105 4476 2165 4546 sed
2179 4475 2303 4548 audita
2324 4481 2535 4570 promissio-

519 4588 689 4659 dientiam
704 4607 786 4674 erga
800 4605 901 4667 eum,
925 4593 960 4649 et
974 4592 1014 4649 ut
1035 4589 1124 4646 esset
1139 4574 1277 4644 occasio
1293 4575 1500 4668 colloquen-
1553 4601 1617 4664 ne,
1644 4600 1751 4671 quam
1769 4577 1864 4647 lilius
1879 4573 1948 4647 Dei
1964 4575 2043 4671 (qui
2059 4576 2137 4646 ideo
2152 4568 2263 4675 λόγος
2276 4580 2428 4668 dicitur,
2447 4585 2535 4677 quia
2570 4665 2573 4671 ,

520 4691 559 4758 di
580 4690 624 4757 de
646 4686 743 4770 Deo,
772 4683 938 4753 videlicet
957 4680 1166 4752 mandatum
1188 4676 1232 4743 de
1248 4674 1345 4764 ligno
1365 4698 1426 4745 seu
1442 4699 1497 4746 ar·
1553 4702 1595 4749 ex
1610 4679 1692 4748 sinu
1712 4677 1846 4748 aeterni
1863 4678 1972 4770 patris
1987 4673 2054 4746 hoc
2068 4698 2235 4748 arcanum
2250 4682 2433 4756 decretum
2447 4708 2538 4777 pro-

516 4793 604 4862 bore
619 4784 784 4857 scientiae
800 4781 889 4851 boni
909 4795 944 4851 et
959 4779 1056 4851 mali.
1101 4774 1289 4848 Caeterum
1305 4776 1426 4846 radius
1442 4776 1501 4846 ln·
1553 4775 1656 4875 tulit)
1675 4802 1798 4851 rursus
1819 4791 2002 4850 senserunt
2022 4798 2061 4847 se
2082 4778 2194 4871 recipi
2214 4805 2235 4852 a
2258 4781 2354 4867 Deo,
2378 4796 2413 4855 et
2429 4786 2536 4858 reddi

517 4883 569 4962 cis'
587 4886 729 4960 divinae
750 4881 880 4952 insitus
900 4881 1012 4950 menti
1032 4890 1137 4948 norat
1156 4876 1322 4947 mandata
1341 4877 1501 4965 moralia,
1552 4881 1620 4952 sibi
1652 4880 1773 4956 vitam.
1822 4878 1902 4952 Hoc
1928 4878 2085 4972 primum
2113 4880 2182 4951 tuit
2212 4882 2425 4955 miraculum
2454 4904 2539 4980 poce

518 5006 555 5063 et
570 4993 609 5060 in
624 4984 682 5058 his
695 4983 881 5058 obscurior
893 4995 968 5053 erat
981 4973 1178 5072 prohibitio
1193 4998 1361 5066 vagarum
1376 4976 1498 5048 libidi-
1552 4983 1764 5056 ercationcm
1780 5006 1917 5068 rerum,
1942 4982 2038 5075 (prod
2053 4982 2099 5051 de
2114 4983 2349 5072 promissione
2371 4989 2536 5060 testimo.

516 5116 620 5166 num.
671 5087 757 5161 Ideo
772 5111 853 5158 nior
867 5098 947 5179 post
961 5080 1173 5155 creationem
1189 5093 1225 5152 et
1237 5080 1385 5152 alterum
1398 5102 1501 5150 man·
1552 5085 1770 5171 muniuit,
1805 5086 1901 5177 quod
1929 5080 2025 5154 Deus
2047 5084 2232 5155 morituris
2257 5088 2449 5178 opitulatus
2479 5105 2534 5161 est

485 5281 486 5284 Ἴ
516 5200 640 5270 datum
666 5213 826 5283 expresse
849 5187 1020 5259 traditum
1041 5196 1110 5253 est:
1143 5174 1303 5253 Erunt
1334 5177 1421 5254 duo
1451 5180 1500 5254 s'n
1553 5187 1629 5257 sine
1643 5187 1757 5257 causis
1768 5184 1951 5270 secundis,
1974 5197 2011 5256 et
2024 5187 2181 5257 ostendit
2195 5207 2231 5254 se
2245 5183 2437 5259 Ecclesiam
2457 5179 2536 5260 col-

396 5320 402 5332 ·
516 5314 700 5371 carnem
719 5313 887 5385 punam,
920 5287 959 5356 id
981 5287 1051 5366 est,
1078 5283 1362 5377 inseparabiliter
1375 5286 1498 5361 iuneti.
1551 5289 1725 5361 lecturum
1748 5301 1783 5359 et
1803 5298 2026 5357 servaturum
2047 5310 2143 5370 esse,
2173 5287 2280 5359 etiam
2304 5303 2401 5362 extra
2428 5289 2537 5363 illum

512 5398 591 5473 Hac
607 5419 694 5468 voce
708 5392 867 5465 sancitur
880 5384 986 5458 coni
991 5384 1075 5481 ugi
1080 5410 1166 5475 um,
1190 5400 1226 5459 et
1238 5410 1396 5481 expresse
1414 5412 1500 5482 pro·
1551 5404 1699 5461 naturae
1726 5385 1907 5469 ordinem,
1940 5411 2048 5482 quem
2074 5402 2177 5461 antea
2205 5391 2424 5469 condiderat.
2480 5387 2539 5464 Ac

511 5501 685 5577 hibentur
698 5514 823 5569 omnes
838 5512 944 5583 vagae
957 5489 1138 5565 libidines.
1211 5575 1213 5580 .
1463 5554 1466 5561 ,
1551 5511 1695 5582 prorsus
1703 5488 1878 5559 ”miranda
1902 5512 1959 5560 res
1981 5503 2046 5566 est.
2095 5488 2181 5562 Non
2199 5492 2318 5582 potuit
2339 5490 2455 5564 Adam
2476 5517 2537 5566 m.

613 5600 677 5677 tv.
721 5590 859 5689 Quarto
880 5593 1049 5665 recitatur
1074 5588 1291 5686 coniugii
1310 5591 1498 5676 institutio,
1549 5587 1734 5676 tioeinari,
1757 5585 1873 5663 Deum
1887 5590 1986 5664 aliud
2002 5591 2105 5674 velle,
2130 5590 2201 5662 nisi
2216 5592 2315 5667 iuxta
2327 5595 2456 5687 legem,
2480 5596 2540 5667 vi.

514 5721 548 5782 et
573 5709 728 5779 insertae
756 5713 842 5773 sunt
872 5696 1072 5770 narrationi
1109 5693 1497 5782 mult'aegravissimce
1549 5688 1678 5762 delicet
1705 5686 1869 5765 homines
1898 5694 2078 5788 perituros
2109 5715 2204 5778 esse,
2238 5720 2321 5768 cum
2350 5697 2538 5789 augium,

513 5803 899 5896 sententiamquar'um
916 5796 1103 5890 explicatio
1118 5806 1201 5876 nota
1217 5793 1273 5862 sit
1322 5790 1418 5865 Sunt
1433 5789 1498 5865 au·
1550 5788 2018 5867 lusticiaDeiimmutabilis
2033 5806 2098 5866 est·
2148 5790 2292 5870 lustitia
2310 5795 2382 5871 Dei
2401 5814 2472 5886 est,
2498 5814 2542 5873 ut

513 5923 586 5981 tent
598 5908 704 5981 initio
718 5901 827 5976 creati
840 5902 930 5984 duo,
957 5897 1042 5988 quia
1060 5888 1157 5965 Deus
1176 5892 1291 5965 voluit
1302 5912 1415 5982 mnus
1427 5888 1497 5968 ltu.
1548 5893 1796 5977 inobedientes
1808 5908 1971 5993 peream:
1996 5891 2095 5998 Ergo
2110 5895 2334 5972 immutabile
2348 5915 2402 5973 ω
2413 5903 2539 5973 decre,
