6025 6775
870 624 1021 706 569

869 806 1109 870 terunt
1147 792 1228 864 in
1269 792 1567 864 numina
1586 842 1610 880 ,
1667 804 1752 864 nt
1796 785 2139 864 Chaldaei
2182 799 2252 859 et
2297 786 2553 860 Persae
2596 785 2834 878 ignem

865 897 1287 971 adorabant.

1068 996 1197 1072 21.
1268 991 1369 1068 Et
1422 1003 1873 1068 conservetur
1923 990 2005 1060 in
2054 983 2374 1062 Ecclesia
2426 987 2687 1060 veritas
2746 988 2838 1059 de

863 1098 1100 1171 tribus
1142 1094 1512 1183 Personis,
1557 1107 1839 1167 aeterno
1882 1089 2136 1175 Patre,
2186 1087 2414 1176 Filio,
2462 1103 2535 1163 et
2560 1087 2834 1182 Spiritu

866 1212 1138 1272 sancto.

1071 1299 1197 1374 22.
1275 1293 1497 1366 Filius
1556 1284 1776 1392 λόγος
1833 1286 1961 1366 καὶ
2009 1284 2231 1365 εἰκών
2288 1286 2528 1373 ἀΐδιος
2582 1283 2834 1363 ἀϊδίου

865 1396 1142 1498 πατρὸς
1169 1409 1271 1466 est
1299 1396 1479 1480 viva,
1528 1406 1599 1466 et
1625 1392 2031 1483 intelligens
2054 1389 2449 1489 hypostasis
2479 1391 2715 1482 genita
2746 1415 2829 1462 ex

866 1496 1248 1575 substantia
1280 1496 1529 1586 patris.
1628 1490 1727 1566 Et
1756 1516 1922 1565 vera
1951 1505 2055 1565 est
2095 1493 2525 1588 propositio:
2597 1491 2825 1564 Filius

862 1615 966 1675 est
989 1595 1285 1673 essentia
1316 1596 1580 1687 genita.

1057 1699 1183 1772 23.
1245 1693 1344 1768 Et
1372 1716 1819 1789 nequaquam
1864 1689 2034 1766 huic
2077 1694 2442 1766 doctrinae
2485 1696 2829 1765 miscean-

855 1818 974 1877 tur
996 1800 1279 1871 fabulae
1307 1799 1398 1868 de
1424 1798 1584 1868 idea
1599 1794 1991 1882 Platonica,
2021 1808 2144 1868 aut
2167 1795 2294 1867 alii
2323 1796 2621 1881 furores,
2652 1817 2829 1888 quos

852 1901 1185 1977 diabolus
1227 1897 1494 1992 spargit
1537 1899 1626 1968 ad
1670 1896 2114 1968 obruendam
2165 1919 2409 1967 vocem
2457 1891 2829 1986 Evangelii
2888 1935 2889 1941 κ

856 2009 950 2077 de
1004 2002 1153 2072 filio
1183 1999 1358 2096 ·.De³·
1475 1996 1678 2070 Sicut
1723 1996 2000 2089 scripsit
2048 1996 2339 2089 quidam
2457 1988 2477 2018 '
2532 2019 2620 2069 ον
2659 1995 2829 2067 addi

851 2104 1009 2179 Deo
1029 2155 1055 2190 ,
1103 2101 1289 2174 sicut
1313 2095 1719 2195 εἱμαρμένη
1761 2099 1854 2169 sit
1885 2094 2129 2168 addita
2156 2095 2337 2169 lovi.
2502 2110 2534 2168 t
2569 2096 2829 2167 similia

855 2216 1189 2302 portenta
1215 2201 1498 2273 recitari
1525 2211 1846 2292 possent,
1895 2220 2077 2291 qnae
2108 2199 2500 2268 execranda
2531 2208 2723 2268 sunt.

1056 2300 1191 2377 24.
1259 2300 1491 2374 Simul
1519 2298 1597 2368 in
1639 2297 2088 2368 invocatione
2116 2297 2449 2370 voluntas
2465 2294 2603 2368 Dei
2633 2296 2828 2388 cogi-

856 2407 1078 2482 tanda
1118 2416 1256 2487 est,
1305 2425 1401 2471 an
1448 2413 1516 2471 et
1558 2421 1685 2469 cur
1725 2397 2073 2473 exaudiat.
2184 2395 2326 2467 Hic
2368 2421 2651 2493 quoque
2698 2422 2827 2467 ne-

857 2530 1049 2581 cesse
1085 2518 1188 2576 est
1227 2501 1454 2573 filium
1497 2514 1569 2571 et
1617 2496 2120 2591 promissiones
2177 2497 2466 2573 intueri.
2594 2496 2825 2568 Filius

857 2622 965 2681 est
993 2625 1307 2676 summus
1332 2600 1676 2673 Sacerdos
1708 2611 1948 2669 noster
1967 2650 1991 2685 ,
2039 2610 2330 2691 propter
2371 2620 2585 2694 quem
2631 2609 2822 2671 certo

852 2703 1238 2800 recipimur
1262 2716 1331 2775 et
1349 2700 1803 2776 exaudimur.

1048 2803 1177 2881 26.

847 3125 1119 3184 mentes
1169 3098 1475 3179 attrahat
1535 3124 1664 3173 suo
1711 3100 2012 3196 Spiritu.
2127 3100 2299 3173 Ideo
2357 3102 2628 3173 dietum
2680 3114 2820 3174 est:

846 3206 1231 3284 Effundam
1276 3227 1488 3298 super
1535 3203 1831 3276 domum
1868 3201 2115 3276 David
2160 3200 2510 3296 Spiritum
2554 3203 2819 3294 gratiae

850 3324 922 3384 et
945 3334 1258 3405 precum.
1468 3389 1480 3401 ,

1046 3412 1173 3487 26.
1236 3408 1494 3485 Differt
1517 3406 1839 3479 doctrina
1870 3401 2228 3479 Ecclesiae
2254 3403 2468 3477 etiam
2509 3406 2602 3477 ab
2642 3406 2820 3477 alia-

847 3536 1008 3586 rum
1036 3510 1354 3605 gentium
1383 3509 1729 3582 doctrinis
1757 3510 1847 3579 de
1877 3520 2162 3601 peccato
2194 3522 2264 3579 et
2295 3507 2597 3579 iusticia.

1054 3610 1183 3688 27.
1246 3609 1538 3683 Peccata
1587 3622 1792 3692 sunt,
1856 3632 2012 3680 non
2056 3622 2336 3681 tantum
2378 3607 2689 3680 actiones
2735 3609 2815 3679 in

852 3712 1257 3797 voluntate,
1304 3722 1431 3783 aut
1453 3723 1814 3798 externae,
1863 3722 2261 3803 pugnantes
2287 3733 2449 3779 cum
2476 3709 2625 3799 lege
2653 3707 2816 3798 Dei,

847 3814 1033 3886 sicut
1058 3806 1385 3884 monachi
1426 3812 1716 3898 docent,
1762 3816 1888 3885 sed
1930 3811 2141 3883 etiam
2184 3810 2408 3901 caligo
2457 3810 2536 3879 in
2576 3826 2814 3885 mente

845 3928 914 3985 et
941 3912 1217 3985 aversio
1246 3913 1630 3984 voluntatis
1662 3936 1702 3983 a
1733 3911 1886 3984 Deo
1904 3959 1929 3994 ‚
1972 3925 2046 3984 et
2074 3911 2451 3983 dissidium
2479 3913 2713 3983 cordis
2744 3927 2815 3985 et

845 4016 1018 4106 legis
1058 4010 1223 4091 Dei.
1352 4012 1555 4086 Sicut
1593 4011 1860 4085 Paulus
1906 4012 2175 4106 inquit:
2255 4010 2520 4083 Sensus
2577 4012 2810 4084 carnis

843 4115 1225 4191 inimicicia
1269 4129 1372 4188 est
1413 4116 1753 4186 adversus
1797 4110 2055 4187 Deum.
2168 4108 2264 4184 Et
2305 4110 2636 4185 Ieremias
2678 4114 2808 4184 ait:

841 4214 1258 4292 Perversum
1286 4229 1391 4289 est
1418 4240 1540 4288 cor
1565 4208 1882 4285 hominis
1906 4228 1975 4286 et
2003 4237 2533 4287 aerumnosum.

1037 4318 1161 4397 28.
1225 4314 1325 4391 Et
1353 4339 1762 4413 quanquam
1789 4315 2097 4387 discerni
2125 4329 2451 4387 naturam
2482 4337 2522 4385 a
2553 4313 2806 4384 morbo

839 4431 1153 4511 oportet,
1225 4414 1364 4491 hoc
1408 4431 1554 4502 est,
1618 4439 1800 4508 opus
1845 4412 1985 4487 Dei
2026 4417 2221 4509 quod
2264 4413 2631 4485 conditum
2680 4428 2808 4500 est,

838 4529 1189 4613 qnatenus
1227 4520 1581 4614 reliquum
1628 4530 1732 4588 est
1777 4540 1820 4588 a
1864 4515 2361 4610 corruptione,
2424 4528 2503 4587 ut
2545 4513 2806 4607 reliqui

839 4630 1009 4691 sunt
1036 4617 1269 4704 oculi,
1326 4632 1398 4690 et
1436 4621 1679 4693 lumen
1718 4617 1797 4687 in
1840 4616 2102 4699 oculis,
2163 4617 2265 4687 sic
2305 4637 2542 4701 mens,
2604 4630 2675 4690 et
2725 4615 2805 4686 in

835 4729 1074 4791 mente
1133 4715 1436 4790 noticiae
1489 4743 1985 4805 numerorum,
2061 4717 2275 4809 legis,
2349 4729 2421 4787 et
2461 4716 2640 4789 aliae
2675 4730 2804 4793 etc.

839 4831 1075 4888 tamen
1130 4820 1311 4892 falso
1363 4832 1743 4896 extenuant
1782 4814 2117 4893 monachi
2153 4830 2516 4913 peccatum
2537 4871 2560 4904 ,
2638 4842 2802 4891 cum

835 4916 1318 4993 vociferantur
1394 4922 2036 5017 concupiscentiam
2106 4944 2258 4992 non
2317 4941 2463 4991 esse
2532 4920 2802 4992 malum

834 5037 1160 5111 pugnans
1195 5044 1358 5090 cum
1395 5020 1549 5112 lege
1575 5022 1735 5098 Dei.
2327 5029 2335 5039 '

1035 5118 1166 5195 29.
1224 5116 1521 5192 Necesse
1553 5124 1766 5195 estin
1788 5124 2248 5198 conversione
2295 5119 2608 5215 aliquam
2652 5144 2801 5193 esse

833 5218 1381 5306 contritionem,
1462 5222 1541 5294 id
1594 5233 1734 5305 est,
1811 5225 2119 5320 aliquam
2170 5223 2606 5315 agnitionem
2648 5222 2798 5293 irae

827 5319 964 5395 Dei
999 5334 1070 5392 et
1097 5321 1425 5394 dolorem
1452 5345 1699 5393 verum
1727 5344 1808 5395 ac
1832 5348 1979 5395 non
2010 5328 2442 5400 simulatum.
2544 5322 2685 5396 Sed
2718 5317 2799 5393 hi

829 5445 1105 5495 errores
1145 5417 1658 5495 monachornm
1692 5427 2059 5498 execrandi
2095 5441 2296 5515 sunt,
2357 5449 2519 5498 cum
2545 5424 2800 5498 dicunt

829 5523 1334 5696 {ontritionem
1416 5521 1676 5596 mereri
1758 5523 2237 5599 remissionem
2324 5538 2795 5621 peccatorum.

868 5637 1046 5711 tem,

825 5747 993 5797 cnm
1048 5727 1296 5802 nullus
1356 5729 1566 5801 dolor
1614 5725 1841 5821 possit
1893 5744 2043 5798 csse
2098 5747 2227 5820 par
2277 5728 2423 5805 irae
2463 5729 2647 5821 Dei,
2722 5743 2795 5805 et

2125 615 2655 694 PHILIPPI
2731 611 3642 691 MELANTHONIS.

1256 2801 1663 2892 Cogitemus
1700 2799 1912 2872 etiam
1960 2797 2040 2869 in
2079 2798 2562 2888 invocatione,
2639 2794 2827 2871 hanc

851 2909 1077 3004 ipsam
1120 2906 1218 2978 ob
1259 2925 1537 2974 causam
1564 2899 1838 2993 Spiritu
1877 2914 2120 2972 sancto
2172 2900 2406 2971 iuvari
2449 2901 2663 2972 corda
2706 2901 2824 2969 in·-
2867 2987 2869 2989 g

850 3007 1281 3082 vocantium.
1383 3002 1572 3092 Quia
1611 3024 1762 3071 non
1802 2996 2365 3093 apprehenditur
2397 2998 2631 3088 Deus,
2678 3000 2821 3070 nisi
2866 3007 2869 3014 '

1150 5638 1480 5719 oportere
1539 5622 2043 5697 conti-itionem
2103 5629 2562 5702 sufficientem
2626 5652 2794 5713 esse,
2899 5679 2902 5682 -

4758 615 4913 693 570

2939 779 3160 858 homo
3202 784 3442 858 subito
3490 782 4051 874 extingueretur,
4127 782 4188 852 si
4227 777 4423 853 Deus
4466 794 4686 856 totam
4726 786 4904 858 iram

2939 910 3142 959 snam
3165 888 3594 960 accenderet.
3666 884 3868 958 quta
3898 884 4114 955 illud:
4164 880 4364 955 Dens
4389 895 4492 955 est
4522 882 4705 974 ignis
4733 910 4904 958 con-

2936 1010 3244 1066 sumens·

3138 1105 3263 1178 80.
3374 1102 3484 1179 Ac
3558 1104 4039 1179 ministerium
4114 1103 4600 1195 evangelicum
4674 1107 4907 1198 arguit

2933 1207 3177 1279 omnia
3203 1222 3523 1299 peccata,
3570 1222 3642 1280 et
3665 1232 3838 1280 voce
3879 1207 4054 1298 legis
4095 1208 4472 1277 ostendens
4518 1200 4908 1278 humanam

2932 1310 3439 1381 naturam‘sub
3484 1310 3635 1401 lege
3668 1323 3740 1380 et
3763 1333 3955 1379 ream
3987 1331 4172 1393 esse,
4220 1321 4292 1379 et
4333 1330 4503 1377 voce
4530 1303 4904 1400 Evangelii

2888 1422 2891 1448 ‘¹
2930 1411 3277 1480 damnans
3313 1422 3540 1482 totum
3571 1433 3793 1503 genus
3831 1405 4263 1495 humanum,
4313 1410 4505 1504 quod
4556 1433 4705 1478 non
4749 1431 4904 1482 cre-

2933 1511 3056 1582 dat
3082 1511 3164 1580 in
3188 1510 3446 1587 filium.

3135 1626 3258 1699 31.
3324 1625 3659 1721 Impietas
3689 1643 3794 1701 est
3829 1629 4049 1720 igitur
4081 1632 4274 1724 quod
4305 1629 4725 1700 confirmant
4764 1629 4901 1698 dn-

2932 1725 3354 1798 bitationem
3384 1725 3718 1800 monachi
3763 1744 3833 1804 et
3861 1731 4197 1826 Synodus
4226 1729 4688 1816 Tridentina,
4736 1752 4901 1800 cum

2931 1826 3181 1900 iubent
3210 1828 3527 1919 singulos
3567 1853 3845 1925 semper
3869 1856 4158 1903 manere
4185 1832 4263 1901 in
4294 1825 4428 1901 hac
4455 1828 4902 1903 dubitatione

2928 1952 3025 1999 an
3053 1942 3346 2022 propter
3375 1929 3834 2001 mediatorem
3860 1930 4083 2018 aDeo
4114 1932 4376 2024 recepti
4401 1933 4569 2006 sint.

3133 2030 3256 2106 32·
3319 2027 3490 2100 Ideo
3533 2044 3811 2101 accusat
3841 2026 3977 2102 hoc
4003 2047 4367 2126 peccatum
4397 2029 4708 2124 Spiritus
4735 2054 4900 2101 san-

2927 2143 3083 2203 ctus
3112 2131 3281 2226 qnia
3308 2131 3464 2203 vult
3495 2145 3627 2201 nos
3654 2132 3976 2216 credere,
4024 2155 4162 2204 nos
4192 2132 4411 2226 recipi
4433 2145 4722 2229 propter
4749 2155 4899 2201 me-

2927 2230 3296 2304 diatorem.

3128 2348 3252 2421 88.
3314 2342 3425 2420 Ac
3461 2371 3653 2422 mors
3691 2345 4106 2437 hominum,
4153 2351 4423 2439 morbi,
4471 2354 4745 2422 furores
4776 2370 4901 2418 cn-

2924 2448 3346 2542 piditatum,
3391 2463 3463 2521 et
3489 2445 3887 2521 horrendae
3926 2453 4394 2536 calamitates,
4443 2453 4669 2536 bella,
4715 2449 4936 2519 cxci--

2923 2549 3043 2622 dia
3069 2549 3398 2635 urbium,
3445 2549 3764 2641 gentium
3790 2554 4255 2639 vastationes,
4296 2567 4463 2623 sunt
4497 2551 4901 2624 testimonia

2922 2649 3070 2748 irae
3084 2648 3228 2722 Dei
3255 2652 3591 2722 adversus
3620 2651 4041 2745 multiplicia
4070 2666 4373 2744 peccata,
4423 2668 4494 2726 et
4520 2647 4902 2725 hortantur

2922 2764 3005 2823 ut
3031 2751 3452 2842 cogitemus,
3507 2774 3691 2845 quae
3722 2751 3817 2825 sit
3843 2777 4048 2825 causa
4080 2750 4334 2826 barum
4367 2778 4781 2848 poenarum,
4830 2762 4901 2821 et

2923 2874 3343 2945 quaeramus
3365 2851 3784 2924 remedium.

3124 2946 3253 3022 84.
3315 2948 3563 3043 Itaque
3596 2952 3676 3021 in
3705 2948 3821 3022 his
3846 2951 4276 3042 pavoribus,
4338 2953 4417 3023 in
4460 2956 4722 3047 quibus
4764 2951 4898 3020 ali-

2923 3075 3067 3145 quo
3098 3052 3316 3121 modo
3361 3049 3472 3121 ira
3497 3048 3633 3122 Dei
3683 3050 4127 3140 agnoscitur,
4188 3053 4543 3124 audienda
4587 3067 4692 3124 est
4729 3075 4899 3143 pro-

2924 3152 3170 3224 missio
3198 3146 3573 3242 Evangelii
3605 3149 3938 3245 propria,
3982 3153 4072 3223 de
4117 3152 4533 3223 remissione
4576 3165 4899 3246 peccato-

2921 3277 3109 3344 rum,
3157 3251 3440 3324 iusticia
3467 3264 3538 3322 et
3570 3251 3717 3327 vita
3745 3263 4054 3324 aeterna.
4119 3250 4321 3342 Quae
4348 3267 4639 3347 propter
4671 3253 4897 3322 filium

2919 3354 3380 3425 mediatorem
3428 3350 3643 3445 gratis
3683 3354 4012 3457 donatur·
4029 3351 4155 3439 iis,
4204 3354 4330 3448 qni
4374 3378 4537 3426 vere
4579 3356 4899 3439 credunt,

2918 3478 2992 3527 se
3019 3454 3216 3528 iuxta
3247 3448 3435 3524 hanc
3462 3454 4002 3547 promissionem
4029 3454 4273 3547 recipi.

3124 3551 3249 3631 35.
3313 3552 3453 3626 Hic
3489 3555 3799 3648 conspici
3845 3566 4124 3646 oportet
4159 3556 4544 3629 discrimen
4589 3557 4764 3649 legis
4825 3569 4897 3626 et

2913 3653 3333 3746 Evangelii,
3378 3656 3703 3749 ignotum
3731 3655 4068 3727 omnibus
4101 3651 4514 3730 hominibus
4545 3673 4737 3729 extra
4751 3650 4896 3727 Ec-

2912 3758 3199 3831 clesiam
3228 3758 3411 3844 Dei,
3456 3759 3652 3853 quod
3695 3769 3769 3829 et
3807 3755 4198 3829 adversarii
4224 3772 4626 3830 nostrarum
4643 3754 4895 3830 Eccle-

2912 3860 3179 3932 siarum
3213 3858 3459 3930 multis
3489 3858 3725 3930 modis
3754 3872 4245 3950 corrumpunt.
4325 3858 4466 3932 Sed
4497 3883 4628 3930 nos
4656 3875 4893 3930 tenea—

2912 3984 3072 4033 mus
3106 3962 3596 4053 incorruptam
3625 3984 3870 4030 vocem
3902 3960 4165 4031 decreti
4195 3961 4469 4047 arcani,
4520 3962 4611 4030 de
4639 3984 4892 4033 recon-

2911 4062 3271 4133 ciliatione
3314 4059 3616 4149 gratuita
3653 4073 3947 4152 propter
3988 4060 4446 4131 mediatorem
4470 4114 4493 4145 ,
4554 4075 4623 4131 et
4667 4063 4891 4130 simus

2865 4195 2866 4201 ¹
2911 4161 3245 4254 discipuli
3282 4159 3453 4243 Dei,
3515 4182 3665 4228 non
3713 4158 4127 4249 affingamus
4171 4161 4632 4232 concionibus
4675 4157 4888 4232 Chri-

2909 4263 3037 4348 sti,
3084 4254 3601 4353 Prophetarum
3638 4270 3708 4331 et
3737 4256 4248 4352 Apostolorum
4287 4260 4691 4355 peregrinas
4721 4282 4887 4331 sen-

2909 4362 3190 4437 tentias.

3112 4479 3233 4552 86.
3316 4476 3628 4562 Verum,
3692 4492 4060 4552 aeternnm
4102 4493 4172 4554 et
4211 4480 4586 4554 immotum
4632 4486 4884 4556 decre-

2906 4596 3062 4655 tum
3092 4582 3235 4655 Dei
3281 4594 3423 4669 est,
3472 4594 3664 4654 certo
3704 4583 4016 4673 accipere
4044 4581 4533 4654 remissionem
4564 4599 4884 4676 peccato-

2905 4707 3107 4767 rum,
3160 4697 3227 4755 et
3258 4683 3568 4777 reputari
3597 4683 3859 4756 iustum
3894 4705 4131 4753 coram
4157 4679 4352 4769 Deo,
4398 4703 4689 4779 propter
4730 4711 4882 4756 me-

2906 4787 3250 4856 diatorem
3284 4785 3542 4878 gratis,
3567 4798 3657 4856 .et
3686 4782 3939 4856 donari
3971 4782 4249 4876 Spiritu
4290 4800 4566 4873 sancto,
4617 4801 4682 4857 et
4725 4788 4881 4859 fieri

2908 4883 3285 4959 haeredem
3338 4887 3525 4957 vitae
3573 4898 3932 4972 aeternae,
3980 4887 4379 4957 credentem
4428 4910 4501 4957 se
4543 4889 4764 4981 recipi
4812 4904 4881 4961 et

2903 4989 3179 5082 placere
3203 4988 3355 5060 Deo
3388 4982 3454 5084 ²)
3489 5002 3779 5079 propter
3808 4987 4034 5057 filium
4064 4986 4197 5058 Dei
4225 4987 4478 5076 gratis,
4524 5012 4673 5059 non
4705 5014 4879 5083 pro-

2903 5106 3063 5183 pter
3097 5090 3316 5160 ullam
3348 5086 3708 5180 propriam
3753 5086 4171 5177 dignitatem
4214 5101 4337 5159 aut
4380 5088 4654 5161 merita.
4756 5088 4880 5162 Sic

2903 5189 3080 5262 dicit
3108 5188 3409 5260 Paulus:
3466 5183 3828 5259 Iustisscati
3863 5188 4001 5257 fide
4030 5209 4271 5277 pacem
4305 5182 4674 5266 habemus.

3106 5287 3232 5366 87.
3296 5287 3439 5361 Sed
3492 5281 3609 5358 hic
3652 5287 3905 5359 dicunt
3956 5287 4382 5374 adversarii,
4462 5304 4874 5362 controver-

2903 5390 3076 5462 siam
3105 5415 3292 5475 esse,
3341 5413 3434 5460 an
3469 5387 3562 5461 sit
3591 5391 3978 5460 tenendum
4011 5383 4099 5460 τὸ
4130 5384 4357 5486 ῥητὸν
4387 5405 4508 5463 aut
4553 5386 4870 5466 διάνοια.

2899 5492 3173 5584 Negant
3206 5492 3345 5563 fide
3375 5486 3742 5564 hominem
3773 5490 4160 5566 iustificari.
4262 5487 4356 5564 Et
4379 5492 4727 5584 affingunt
4755 5492 4872 5561 in-

2960 5757 3028 5824 2)
3063 5754 3231 5825 Pane.
3252 5753 3424 5813 edidit
3447 5756 3748 5814 mendoses
3784 5756 3946 5829 Duo,
3973 5764 4031 5811 ee
4047 5764 4306 5827 propter.
