6025 6775
489 673 586 750 sosr
725 658 938 740 scntrra
961 659 1039 733 en.
1064 611 1181 733 nnn
1205 654 1274 731 ao
1300 655 1428 735 ntsr.
1453 651 1596 730 anor.
1622 652 1689 727 aa
1714 652 1908 735 runos.
1934 657 2252 734 senesanna
2418 661 2516 734 1oes

493 837 611 935 σύνη,
636 840 713 909 sine
730 833 891 908 avaricia.
933 829 1034 900 Nova
1052 830 1223 923 quaedam
1240 828 1374 899 tributa
1388 830 1475 898 abo·
1526 850 1627 918 pam,
1653 840 1685 898 et
1699 828 1871 898 exercitus
1888 853 1929 899 cx
1946 829 2048 924 Syria
2065 833 2219 901 revocati
2235 843 2318 901 sunt
2334 832 2376 899 ad
2400 832 2517 921 repri-

494 914 591 1018 levit.
643 942 744 1010 Adeo
760 935 872 1004 multa
888 931 1069 1002 distribuit
1082 933 1127 1002 ad
1142 932 1286 1000 alendas
1308 952 1477 1022 pauperes
1528 929 1697 996 mendum
1731 952 1845 1017 regem
1872 927 2031 1001 Avarum
2065 929 2258 1021 Caganurn.
2334 930 2402 1002 Sed
2433 945 2516 1001 ante

494 1045 666 1125 lemilias,
691 1052 731 1107 ut
747 1061 767 1106 a
782 1028 917 1124 Sophia
934 1031 1061 1102 lustini
1079 1032 1186 1101 vidua
1203 1026 1479 1122 reprehendere·
1527 1023 1635 1096 huius
1651 1027 1735 1095 novi
1751 1029 1836 1096 belli
1853 1032 1994 1100 britium
2013 1034 2226 1103 domesticas
2243 1057 2298 1102 res
2314 1034 2511 1102 constituit:

387 1151 390 1164 '
449 1135 457 1152 '⁵
495 1162 563 1219 tur.
615 1142 685 1212 Sed
698 1137 796 1207 Deus
811 1133 965 1203 vicissim
980 1134 1013 1201 ei
1028 1146 1063 1202 et
1078 1156 1161 1224 opes
1175 1134 1291 1217 auxit,
1319 1146 1352 1202 et
1366 1132 1477 1202 victo·
1527 1129 1646 1198 lilium
1673 1123 1914 1199 Theodosium
1943 1132 2192 1221 imperatorem
2215 1149 2327 1217 creat,
2353 1156 2457 1225 qoem
2482 1148 2518 1201 et

496 1249 567 1319 rias
582 1240 734 1330 egregias
752 1235 911 1308 donavit.
950 1232 1045 1304 Dum
1063 1235 1157 1303 enim
1177 1258 1319 1303 auream
1339 1257 1477 1303 crucem
1529 1224 1732 1299 Patriarcha
1752 1223 1929 1299 lohannes
1951 1232 2128 1301 leiunator
2151 1235 2189 1301 iu
2212 1230 2386 1305 Paschate
2410 1256 2514 1301 coro-

497 1343 668 1417 marmori
693 1341 860 1409 insertam
885 1336 924 1403 in
947 1348 1040 1405 terra
1064 1336 1175 1404 levari
1202 1336 1317 1415 iubet,
1353 1335 1478 1403 nolens
1531 1331 1646 1414 navit,
1680 1354 1720 1399 ac
1748 1330 1819 1398 lilia
1845 1328 2016 1400 Germani
2039 1330 2183 1401 Patricii
2203 1348 2286 1403 nata
2318 1360 2362 1404 ex
2393 1358 2517 1403 sorore

498 1470 573 1518 eam
593 1443 741 1533 pedibus
759 1437 903 1519 calcari,
928 1458 1073 1523 magnos
1088 1432 1270 1505 thesauros
1285 1438 1351 1505 sub
1367 1460 1405 1503 ea
1422 1459 1477 1502 re·
1532 1431 1694 1519 coniugis
1733 1429 1902 1500 Mauricii
1943 1427 2147 1500 Theodosio
2196 1435 2406 1525 desponsata
2450 1450 2517 1504 cst.

498 1545 599 1640 perit.
664 1541 907 1612 Pervenerunt
931 1538 976 1604 ad
1000 1561 1080 1607 eum
1110 1550 1144 1606 et
1175 1533 1351 1621 thesauri,
1390 1557 1479 1627 quos
1530 1531 1710 1600 Hactenus
1727 1532 1835 1600 foelix
1851 1546 1887 1603 et
1902 1532 2054 1621 gloriosa
2070 1532 2139 1601 fuit
2154 1530 2317 1605 Mauricii
2332 1538 2518 1624 guberna-

494 1647 685 1734 Narsesex
703 1640 805 1710 Italia
830 1637 983 1705 miserat.
1033 1635 1124 1756 ern
1148 1636 1395 1726 Longobardis
1418 1661 1479 1726 pa·
1532 1633 1600 1715 tio,
1635 1656 1782 1726 sequens
1809 1627 1949 1725 tempus
1975 1658 2049 1702 non
2083 1634 2199 1701 solum
2237 1638 2428 1725 exemplum
2459 1650 2517 1705 est

501 1725 681 1817 cemlecit.
731 1737 864 1809 Contra
880 1734 1003 1807 Persas
1017 1740 1113 1808 misrt
1128 1740 1253 1807 ducem
1264 1737 1478 1807 Mauricium
1530 1732 1773 1803 instabilitatis
1797 1734 1978 1819 fortunae,
2004 1737 2063 1803 sed
2087 1735 2191 1805 etiam
2220 1734 2260 1801 in
2274 1734 2432 1825 principe
2453 1736 2518 1825 pio

499 1846 764 1940 Cappadocem,
791 1839 853 1930 qui
869 1838 1041 1910 foeliciter
1056 1839 1158 1909 victis
1180 1836 1295 1907 Persis
1311 1838 1479 1928 Mesopo·
1532 1835 1771 1903 conversionis
1812 1859 1874 1904 seu
1905 1836 2143 1927 poenitentiae
2177 1834 2329 1905 maxime
2355 1835 2519 1924 ,dignum

499 1948 644 2019 tamiam
671 1939 810 2030 recepit.
876 1935 1043 2028 Captivos
1074 1940 1215 2009 vestitos
1240 1939 1409 2008 Tiberius
1441 1940 1480 2005 in
1534 1936 1826 2008 consideratione.
1877 1936 2040 2031 Apparet
2055 1950 2172 2006 autem
2192 1937 2230 2003 in
2247 1936 2310 2005 illa
2324 1935 2520 2025 indulgen-

499 2047 657 2118 Persiam
688 2040 834 2111 remisit.
892 2037 1069 2110 Mauricio
1091 2064 1231 2110 reverso
1254 2042 1351 2109 dedit
1371 2041 1479 2108 filiam
1533 2037 1580 2104 tia
1613 2037 1774 2105 lortunae
1802 2057 1918 2107 mores
1945 2038 2057 2107 factos
2090 2060 2162 2106 esse
2191 2037 2405 2127 asperiores,
2437 2061 2521 2107 cum

502 2145 771 2221 Constantinam
788 2163 950 2225 uxorem,
976 2166 1125 2236 eumque
1141 2143 1264 2209 vivens
1290 2143 1480 2233 imperato·
1533 2138 1635 2205 initio
1654 2138 1775 2207 luisset
1791 2139 1915 2220 iustus,
1941 2151 1975 2207 et
1992 2153 2030 2209 ut
2045 2141 2197 2227 scriptor
2209 2135 2366 2208 Graecus
2382 2139 2518 2230 inquit:

451 2307 456 2334 ,
501 2274 577 2319 rem
593 2248 675 2317 fecit
691 2243 872 2312 laudatum
894 2245 1054 2313 oratione
1077 2267 1139 2313 sua
1162 2244 1254 2334 apud
1279 2243 1480 2312 exercitum.
1534 2232 1764 2331 συγκεράσας
1779 2234 1849 2330 τὴν
1864 2233 2069 2331 σεμνότητα
2083 2236 2146 2311 καὶ
2161 2230 2354 2334 πραότητα
2369 2234 2516 2311 ἐλεύθε-

503 2349 563 2420 Sic
579 2372 658 2417 cum
674 2344 889 2433 relinqueret
906 2366 1137 2414 successorem
1160 2366 1328 2432 generum
1348 2344 1480 2412 iudicio
1535 2364 1596 2433 ρος
1609 2344 1673 2432 τῆς
1687 2335 1901 2434 ὑπεροψίας.
1952 2338 2077 2410 Postea
2100 2340 2306 2410 iracundior
2327 2342 2437 2410 factus
2461 2355 2516 2411 est

502 2451 694 2525 delectum,
728 2443 909 2535 aliquanto
935 2458 1012 2535 post
1032 2448 1157 2514 morbo
1185 2468 1225 2513 ex
1253 2440 1317 2512 hac
1341 2444 1480 2513 mortali
1534 2456 1568 2511 et
1585 2443 1761 2529 suspicax,
1793 2455 1828 2511 et
1843 2441 1952 2530 magis
1966 2442 2176 2531 contempsit
2191 2463 2274 2510 suos
2288 2454 2324 2509 et
2338 2441 2485 2512 alienos.

503 2551 576 2620 vita
595 2549 730 2640 placide
753 2544 911 2612 decessit.
1635 2539 1771 2610 Eodem
1795 2555 1952 2631 tempore
1973 2543 2107 2611 bellum
2126 2542 2249 2611 intulit
2270 2541 2407 2613 duabus
2431 2565 2519 2631 gen-

1535 2643 1629 2711 tibus
1642 2643 1838 2726 bellicosis,
1861 2643 2107 2733 langobardis
2125 2643 2162 2711 in
2180 2642 2280 2713 ltalia
2302 2659 2336 2714 et
2353 2642 2518 2733 Ungaris.

556 2761 663 2833 Anno
692 2762 817 2832 mundi
840 2776 965 2853 quater
985 2764 1173 2855 millesimo
1202 2766 1481 2857 quingentesimo
1534 2740 2003 2832 El⁸l³¹¹¹⁰m1⁴⁰⁰8⁰b³fdl
2045 2760 2186 2835 P¹⁸⁰P¹⁰f
2215 2767 2294 2813 ⁸⁰³⁸
2322 2745 2516 2814 diffindi&

707 2864 974 2957 quadragesimo
996 2880 1103 2938 sexto,
1537 2846 1707 2938 quaedam
1730 2846 1860 2936 oppida
1881 2846 2089 2916 amiserunt:
2116 2859 2230 2915 tamen
2246 2868 2320 2915 non
2343 2859 2426 2915 sunt
2450 2847 2518 2915 do-

458 3001 460 3006 .
554 3003 588 3071 A
678 2998 712 3072 R
866 3000 954 3068 Ἤ.
1212 3003 1220 3019 .
1343 3003 1351 3017 .
1413 3001 1421 3017 .
1537 2946 1634 3035 miti,
1668 2960 1702 3015 et
1727 2942 2060 3028 ltaliamExarchi‚
2093 2961 2133 3017 ut
2159 2947 2423 3034 supradictum
2455 2960 2521 3029 cst,

590 3026 662 3070 ⁰¹¹⁰
710 3023 875 3195 gffiom
907 3021 1014 3070 ΜΟ
1038 3013 1281 3072 tr⁰⁰⁰¹¹¹⁰⁸¹m⁰
1307 3017 1482 3072 ΝΜΟ
1537 3071 1610 3114 non
1624 3048 1748 3116 leviter
1756 3048 1976 3217 lqlflixqmnt.
2025 3045 2167 3217 Belqur
2183 3046 2517 3218 UngaricumCatro-

839 3153 848 3173 ⁶
1538 3148 1705 3218 ciosluit.
1793 3172 1833 3215 ex
1890 3172 2014 3219 varum
2039 3172 2101 3218 seu
2154 3172 2201 3218 un
2227 3173 2371 3218 acorum
2420 3172 2446 3216 a
2474 3173 2521 3217 a·

559 3234 667 3305 Anno
720 3229 854 3303 Christi
914 3233 1196 3325 quingentesimo
1248 3234 1482 3327 octuagesimo
1537 3271 1607 3315 aas
1647 3250 1870 3334 nominatus,
1902 3252 2003 3320 cuius
2037 3273 2164 3339 magna
2199 3172 2266 3320 ignit
2294 3172 2523 3341 potentiaget

708 3348 845 3429 quarm·
1475 3368 1477 3372 ·
1537 3363 1684 3438 magnus
1699 3372 1783 3419 usus
1797 3350 1955 3421 militiae.
2005 3350 2095 3421 Nam
2109 3353 2148 3420 in
2164 3346 2248 3422 Asia
2263 3352 2396 3422 bellum
2413 3364 2524 3429 antea⁴

1539 3475 1617 3519 cum
1643 3450 1771 3520 Turcis
1793 3465 1961 3541 gesserat,
2001 3478 2151 3547 quorum
2193 3477 2325 3522 nomen
2347 3451 2523 3523 Mauricii

707 3501 985 3599 M⁰“'5⁶.i“⁸
1017 3501 1282 3596 ‘lappam'
1538 3566 1695 3643 tempore
1721 3555 1874 3642 primum
1902 3554 1940 3621 in
1963 3549 2111 3624 historia
2142 3555 2289 3643 legitur,
2323 3556 2525 3649 dequibus

581 3680 584 3686 ·
607 3648 819 3721 Mauricius
834 3641 1046 3743 Cappadox
1067 3676 1173 3741 gener
1189 3650 1328 3722 Tiberii
1349 3677 1482 3721 succes·

505 3759 551 3825 sit
576 3778 697 3823 socero
730 3751 845 3820 tenuit
876 3752 1065 3839 imperium
1098 3776 1210 3820 annos
1239 3755 1383 3843 viginti,
1425 3780 1483 3822 co-

506 3868 655 3927 ronatus
677 3848 917 3923 aPatriarcha
941 3846 1100 3920 Iohanne
1124 3851 1335 3925 leiunatore.
1401 3854 1481 3924 Fuit

503 3958 614 4028 scriba
629 3952 929 4035 lustiniSecundi,
955 3978 995 4021 ac
1012 3967 1155 4044 propter
1169 3955 1380 4023 industriam
1396 3981 1481 4025 con-

503 4059 582 4127 silio
614 4053 768 4149 Sophiae
799 4056 910 4123 factus
939 4069 989 4124 est
1019 4079 1133 4123 comes
1156 4055 1479 4126 praetorianorum,

501 4160 643 4230 Deinde
670 4156 837 4225 Tiberius
868 4180 947 4224 eum
989 4156 1155 4246 praefecit
1186 4159 1350 4227 exercitui
1375 4159 1480 4226 misso

502 4272 625 4327 contra
649 4255 784 4329 Persas.
846 4255 950 4325 loitia
986 4252 1112 4326 hahuit
1142 4257 1307 4346 gloriosa:
1344 4257 1481 4327 Tiberii

502 4375 658 4451 tempore
679 4359 808 4427 vicerat
832 4356 955 4426 Persas
977 4379 1040 4426 suo
1063 4360 1183 4428 ductu.
1239 4356 1377 4427 Deinde
1400 4385 1479 4427 curn

501 4475 589 4531 esset
605 4462 815 4553 imperator,
843 4460 937 4528 misit
960 4474 1080 4528 contra
1105 4480 1163 4526 eos
1195 4460 1318 4528 ducem
1341 4456 1479 4549 Philip-

500 4564 639 4653 picnm,
672 4562 729 4630 cui
762 4573 872 4650 nupta
902 4574 977 4628 erat
1000 4558 1136 4628 Gordia
1176 4582 1276 4629 soror
1298 4560 1477 4631 Mauricii.

499 4659 578 4731 Etsi
595 4678 709 4732 autem
724 4663 842 4731 variae
858 4662 948 4729 vices
964 4675 1061 4729 erant
1084 4661 1121 4728 in
1143 4686 1184 4729 co
1208 4664 1319 4744 bello,
1346 4676 1379 4730 et
1403 4689 1478 4733 cre-

501 4765 585 4831 brae
612 4763 825 4831 exercituum
848 4763 1053 4830 seditiones:
1081 4775 1198 4830 tamen
1223 4758 1377 4832 Romani
1399 4778 1477 4833 tan-

500 4865 579 4932 dem
598 4863 741 4930 luerunt
756 4863 903 4931 victores
918 4877 1061 4953 propter
1075 4863 1265 4931 discordias
1279 4860 1477 4948 Persarum,

500 4963 560 5058 qui
590 4986 653 5030 suo
679 4964 750 5051 regi
769 4958 958 5032 Orimasda
985 4963 1106 5031 oculos
1128 4964 1344 5046 effoderunt,
1371 4990 1474 5056 quem

502 5078 536 5135 et
559 5062 652 5131 filius
665 5061 814 5135 Cotroes
835 5079 953 5155 postea
978 5066 1091 5135 occidi
1112 5066 1221 5138 iussit.
1275 5065 1424 5156 Propter
1439 5069 1474 5136 id

1538 3668 1656 3743 postea
1671 3653 1709 3720 in
1724 3656 1828 3723 rebus
1842 3653 2059 3725 Saracenicis
2073 3657 2241 3728 dicemus.
2267 3653 2337 3727 Hic
2351 3652 2518 3745 Caganus

1537 3768 1706 3844 occupato
1728 3753 1859 3825 Sirmio
1889 3757 2058 3847 processit
2089 3759 2133 3827 ad
2155 3751 2392 3851 Anchialum,
2426 3781 2521 3850 quae

1537 3869 1598 3925 aut
1621 3853 1739 3925 Varna
1771 3871 1840 3937 cst,
1874 3868 1934 3926 ant
1967 3860 2137 3949 oppidum
2173 3859 2331 3929 vicinum
2363 3858 2519 3929 Vacuae.

1537 3954 1625 4024 lnde
1650 3954 1845 4026 Mauricius
1868 3980 2070 4049 progressus
2093 3960 2236 4029 obviam
2260 3954 2351 4029 hosti
2382 3959 2513 4046 recepit
2579 3988 2600 4023 .·

1536 4051 1768 4142 Anchialum,
1794 4072 1828 4127 et
1842 4059 1983 4128 rediens
1991 4058 2325 4151 Constantinopolin
2345 4057 2423 4126 lecit
2438 4056 2513 4123 du-

1535 4181 1608 4227 cem
1638 4159 1807 4227 exercitos
1829 4157 2007 4244 Priscum,
2034 4163 2096 4253 qui
2126 4174 2204 4253 post
2223 4160 2354 4249 aliquot
2375 4157 2518 4248 praelia

1535 4260 1696 4328 inducias
1722 4285 1800 4328 cnm
1826 4257 1967 4348 Cagano
1998 4263 2082 4332 lecit
2111 4264 2216 4330 misso
2246 4271 2408 4341 oratore,
2447 4259 2516 4350 qui

1533 4356 1597 4428 hac
1613 4361 1814 4432 narratione
1832 4362 2105 4450 regemlerocins
2121 4360 2389 4451 respondentem
2397 4358 2516 4429 flexit:

1531 4460 1631 4532 Dixit
1654 4462 1740 4529 olim
1754 4462 1965 4555 Aegyptium
1990 4488 2103 4553 regem
2117 4460 2292 4534 Sesostrin
2318 4455 2399 4528 vehi
2426 4459 2516 4529 soli-

1532 4575 1607 4633 tum
1623 4562 1660 4630 in
1679 4587 1785 4631 aureo
1802 4588 1924 4648 curru,
1950 4566 2012 4657 qui
2036 4591 2053 4633 a
2069 4576 2217 4658 quatuor
2235 4562 2380 4650 regibus
2396 4561 2516 4628 domi-

1531 4664 1576 4734 tis
1592 4659 1806 4736 trahebatur.
1860 4664 1948 4736 Cum
1970 4680 2084 4735 autem
2098 4658 2193 4732 unus
2211 4689 2252 4732 ex
2276 4663 2348 4730 illis
2370 4662 2514 4751 regibus

1530 4788 1629 4855 saepe
1644 4766 1830 4856 respiciens
1857 4781 1969 4835 rotam
1994 4768 2209 4845 intueretur,
2237 4764 2427 4852 interrogat
2447 4762 2514 4833 Se-

1531 4866 1669 4936 sostris:
1692 4890 1755 4935 cur
1770 4868 1871 4936 toties
1886 4867 2069 4959 respiciat?
2097 4865 2246 4936 lntuens
2270 4865 2387 4958 inquit
2409 4878 2512 4934 rotae

1530 4967 1798 5050 volubilitatem,
1822 4969 1858 5036 in
1877 4995 1945 5062 qua
1961 4971 2029 5040 cito
2047 4992 2085 5038 ea
2104 4992 2193 5062 qnae
2210 4990 2344 5036 sumina
2358 4966 2516 5050 inerant,

1529 5068 1618 5136 hunt
1634 5069 1723 5137 ima:
1751 5071 1864 5158 cogito
1879 5074 1922 5138 de
1939 5087 2057 5141 nostra
2081 5073 2235 5141 fortuna.
2286 5066 2362 5136 Hac
2385 5068 2515 5136 admo-

499 5161 728 5258 parricidium
738 5158 821 5231 'cum
832 5163 980 5236 Cosrois
997 5169 1041 5235 ad
1056 5165 1239 5238 Romanos
1255 5170 1476 5258 confugisset,
1529 5168 1664 5239 nitione
1689 5183 1804 5239 motus
1826 5171 1994 5241 Sesostris
2028 5175 2140 5242 sactus
2163 5183 2215 5239 est
2239 5168 2452 5253 modestior,
2480 5183 2516 5238 et

500 5268 537 5334 in
554 5264 609 5336 his
632 5263 817 5331 discordiis
831 5261 956 5334 Persae
980 5267 1064 5335 victi
1086 5282 1180 5337 sunt.
1239 5265 1286 5337 Et
1308 5272 1389 5360 quia
1416 5296 1475 5339 rex
1528 5293 1628 5360 reges
1643 5271 1814 5340 liberavit.
1867 5270 2068 5343 Delectatus
2088 5268 2153 5341 hac
2176 5271 2379 5338 narratione
2396 5266 2515 5354 Caga-

499 5367 646 5438 Cosroiis
663 5365 704 5433 ad
716 5359 896 5432 Romanos
911 5367 1066 5452 fugerat,
1091 5367 1266 5457 sapienter
1280 5367 1476 5439 Mauricius
1527 5396 1594 5439 nus
1613 5373 1694 5440 lecit
1715 5370 1891 5460 inducias,
1926 5399 2016 5463 quae
2041 5389 2156 5444 tamen
2173 5372 2272 5441 brevi
2298 5384 2375 5462 post
2397 5371 2517 5438 viola-

501 5492 617 5556 pacem
643 5462 707 5535 hac
744 5462 924 5532 occasione
947 5467 1042 5535 lecit:
1072 5469 1224 5536 restituit
1253 5466 1410 5539 Cosroe'n
1436 5473 1471 5539 in
1526 5485 1581 5541 tae
1604 5487 1706 5555 sunt,
1731 5487 1765 5539 et
1790 5471 1893 5542 duces
1919 5472 2086 5544 Mauricii
2112 5473 2336 5543 trucidarunt
2362 5470 2516 5560 triginta

499 5591 666 5656 regnum,
692 5564 865 5637 limitibus
885 5563 1113 5653 imperiorum
1130 5567 1314 5652 distinctis,
1341 5585 1374 5639 et
1391 5599 1473 5660 pace
1527 5574 1635 5641 millia
1651 5572 1828 5654 Avarum,
1855 5573 2062 5645 Sclavorum
2082 5566 2370 5665 etGepidarum,
2395 5587 2435 5643 et
2457 5599 2521 5642 ce·

498 5670 665 5760 utrinque
681 5668 868 5758 promissa,
894 5686 983 5757 quae
997 5666 1138 5736 duravit
1154 5673 1318 5760 usquead
1336 5668 1472 5741 Phocae
1523 5687 1651 5762 perant
1667 5672 1834 5740 tredecim
1851 5675 1961 5744 millia
1977 5671 2184 5760 hominum,
2210 5697 2299 5767 quos
2309 5672 2522 5746 Mauricius

498 5765 652 5836 initium.
701 5762 928 5839 Translatum
946 5778 996 5836 est
1014 5765 1121 5854 igitur
1143 5769 1274 5842 bellum
1299 5767 1472 5841 inEuro-
1524 5775 1568 5841 ad
1585 5771 1766 5860 Caganum
1781 5775 1929 5850 remisit.
1971 5775 2112 5848 Deinde
2128 5773 2290 5866 Caganus
2305 5775 2403 5866 cepit
2422 5778 2525 5848 duo-
