6025 6775
2427 537 2504 646 aaa

485 545 578 677 aas
701 673 704 680 ,
739 568 1193 660 securandum.
1218 568 1286 644 an
1310 569 1440 648 nrsr.
1463 566 1610 647 rnor.
1634 565 1702 642 ar
1728 565 2261 648 annosasracrxxru.

484 766 648 855 Cumque
671 755 810 851 Tyrum
841 748 1015 829 rediisset:
1047 742 1172 811 multis
1195 742 1303 810 rebus
1324 741 1363 808 in
1382 740 1468 812 Asia
1623 735 1791 810 Extincto
1808 737 1919 809 Dario
1944 742 2030 810 anni
2053 741 2188 834 aliquot
2208 743 2406 832 consumpti
2424 755 2508 810 sunt

486 863 679 940 ordinatis,
707 854 864 924 celeriter
886 848 987 917 duxit
1009 843 1199 913 exercitum
1214 845 1380 910 adversus
1396 841 1470 910 Da·
1522 842 1561 909 in
1578 840 1798 931 expeditione
1812 837 1952 924 indica,
1979 844 2017 908 in
2033 866 2102 934 qua
2117 842 2270 933 primum
2286 843 2444 931 pervenit
2460 844 2507 909 ad

487 972 592 1040 rium.
640 958 803 1046 Cumque
825 953 868 1019 ad
891 944 1021 1018 Arbela
1044 945 1082 1010 in
1100 939 1279 1033 Assyriam
1307 942 1471 1020 venisset,
1524 939 1695 1024 Taxilen,
1720 940 1782 1032 qui
1799 962 1946 1029 regnum
1965 936 2093 1012 habuit
2109 965 2184 1010 non
2200 942 2318 1011 minus
2334 940 2506 1035 Aegypto,

487 1067 606 1138 vicina
634 1062 780 1129 inerunt
806 1047 1000 1124 Alexandri
1029 1058 1063 1113 et
1090 1039 1193 1120 Darii
1222 1056 1345 1114 castra.
1415 1039 1471 1108 lbi
1525 1055 1559 1109 et
1579 1043 1737 1110 ubertate
1758 1061 1921 1127 agrorum
1940 1041 2120 1115 eximium.
2172 1039 2206 1109 ls
2223 1038 2417 1111 Alexandri
2430 1044 2505 1111 ior-

462 1187 611 1238 mense
637 1158 818 1246 Augusto,
851 1165 892 1220 ut
913 1139 1125 1217 Plutarchus
1155 1143 1295 1223 recitat,
1333 1139 1472 1229 eclipsis

490 1245 597 1338 lunae
619 1267 804 1346 conspecta
826 1261 895 1333 est,
920 1247 1019 1317 cuius
1042 1256 1077 1312 et
1093 1242 1154 1311 alii
1170 1242 1357 1330 scriptores
1372 1264 1472 1308 men-

492 1370 626 1439 tionem
647 1362 824 1433 lecerunt,
850 1350 912 1444 qui
935 1360 969 1417 et
990 1346 1113 1413 eodem
1136 1364 1273 1421 mense,
1299 1340 1358 1409 die
1379 1343 1474 1408 vice-

493 1469 584 1539 simo
607 1473 701 1529 sexto
722 1464 915 1546 pugnatum
937 1470 1009 1515 esse
1031 1444 1129 1515 dicit.
1181 1441 1262 1527 Quo
1285 1442 1323 1507 in
1341 1441 1474 1529 praelio

493 1564 700 1659 prollig'atus
721 1569 771 1625 est
795 1555 919 1640 ingens
940 1546 1041 1617 Darii
1062 1543 1251 1624 exercitus,
1284 1541 1475 1609 intersectis

493 1664 687 1750 nonaginta
715 1655 874 1724 millibus
895 1646 1095 1717 hominum.
1161 1641 1321 1711 Fuerunt
1344 1643 1382 1708 in
1403 1641 1476 1708 acie

492 1764 597 1841 Darii
619 1784 699 1831 cum
714 1750 855 1849 Scythis
872 1749 941 1818 Dai
963 1761 997 1817 et
1013 1744 1140 1827 Sacae,
1162 1756 1202 1811 ut
1224 1742 1373 1810 aliarum
1389 1763 1477 1828 gen.

494 1869 584 1938 tium
607 1855 752 1930 nomina
779 1853 950 1922 omittam.
1009 1841 1115 1913 Acies
1135 1844 1182 1911 ita
1206 1845 1376 1910 instructa
1399 1842 1477 1923 luit,

496 1981 536 2036 nt
551 1961 752 2035 Alexander
775 1957 813 2022 in
837 1950 953 2019 medio
977 1957 1064 2014 esset
1082 1968 1161 2012 cum
1179 1938 1357 2010 Thessalis
1377 1942 1478 2032 equi-

495 2069 609 2147 tibus,
640 2058 756 2130 Clitus
778 2065 913 2124 teneret
938 2049 1099 2115 dextrum
1124 2067 1256 2132 cornu,
1291 2041 1477 2109 Parmenio

496 2149 692 2239 sinistrum.
743 2154 815 2227 Ubi
837 2152 900 2220 etsi
923 2146 1026 2216 multi
1044 2143 1376 2212 interficiebantura
1392 2141 1478 2233 Scy-

497 2265 603 2339 thicis
632 2275 667 2331 et
691 2252 887 2329 Bactrianis
910 2246 1105 2340 equitibus,
1136 2258 1253 2311 tamen
1277 2243 1480 2312 Alexander

498 2380 591 2437 recta
621 2364 666 2432 ad
688 2358 837 2430 Darium
863 2348 1022 2429 accessit,
1053 2345 1203 2413 mediam
1227 2343 1337 2410 aciem
1355 2355 1480 2410 teneu-

500 2482 588 2547 tem,
614 2485 686 2555 quo
710 2458 811 2548 pulso
833 2466 868 2521 et
887 2447 1007 2536 fugato
1027 2457 1145 2533 postca
1168 2466 1273 2533 opem
1294 2442 1375 2512 tulit
1391 2440 1480 2510 Par-

501 2562 681 2641 menioni,
706 2557 769 2626 ubi
786 2550 955 2622 acerrima
971 2566 1088 2635 pugna
1102 2543 1182 2615 suit.
1226 2581 1231 2591 ·

601 2659 732 2730 Darius
755 2649 875 2745 pulsus
899 2647 988 2735 fugit
1010 2667 1074 2736 per
1092 2644 1168 2711 loca
1184 2642 1294 2710 ardua
1311 2655 1345 2710 et
1360 2662 1481 2731 aspera

502 2769 540 2835 in
563 2760 708 2840 Medos,
732 2758 790 2823 sed
808 2748 1008 2822 Alexander
1026 2758 1120 2813 recta
1142 2741 1284 2811 accessit
1305 2744 1349 2809 ad
1362 2739 1482 2833 Baby-

501 2870 618 2935 lonem
645 2873 679 2928 et
700 2855 809 2937 Susa,
836 2873 926 2943 quac
948 2847 1054 2916 urbes
1073 2845 1169 2913 ultro
1190 2841 1407 2910 deditionem
1430 2842 1483 2909 fe-

502 2976 635 3035 cerunt.
685 2956 810 3025 Postea
831 2949 932 3020 duxit
949 2959 1084 3036 partem
1104 2943 1274 3012 exercitus
1290 2942 1328 3009 in
1346 2942 1484 3022 Medos,

501 3078 542 3137 ut
554 3059 704 3132 Darium
721 3063 1004 3149 persequeretur,
1030 3067 1135 3138 quem
1148 3041 1277 3111 Bessus
1291 3044 1484 3132 praefectus

500 3162 782 3236 Bactrianorum,
808 3174 887 3223 cum
901 3147 1113 3235 intelligeret
1120 3140 1361 3213 Alexandrum
1375 3165 1485 3232 prope

503 3287 592 3347 esse,
616 3258 804 3327 interiecit.

602 3358 681 3431 Etsi
702 3372 818 3429 autem
835 3347 1037 3424 Alexander
1058 3356 1137 3435 post
1152 3366 1272 3412 necem
1288 3338 1391 3410 Darii
1404 3362 1485 3408 mox

503 3469 643 3535 inrum
665 3463 783 3529 locum
806 3455 922 3536 venit,
946 3451 1011 3520 ubi
1033 3445 1123 3518 tanti
1145 3445 1236 3533 regis
1253 3464 1381 3534 corpus
1395 3442 1486 3509 vidit

504 3570 618 3634 iacere
639 3572 824 3630 cruentum
847 3570 881 3626 et
897 3553 972 3620 sine
989 3547 1147 3629 honore,
1171 3560 1290 3616 tamen
1308 3566 1381 3612 non
1398 3541 1487 3608 vidit

507 3668 685 3735 viventem
700 3657 865 3727 Darium:
891 3657 951 3723 sed
974 3652 1048 3742 ipse
1069 3647 1166 3735 regio
1187 3640 1324 3714 honore
1346 3642 1485 3731 sepeliri

505 3788 585 3835 cum
603 3760 747 3832 curavit.
798 3755 945 3825 Bessum
959 3774 1043 3819 vcro
1058 3748 1314 3817 interfectorem
1328 3766 1486 3830 compre-

504 3862 655 3935 hensum
675 3859 776 3931 iussit
796 3853 966 3945 discerpi,
992 3849 1174 3936 alligatum
1192 3847 1330 3916 duabus
1350 3843 1487 3911 arbori-

506 3969 572 4036 bus
589 3961 738 4033 inflexis.

606 4061 675 4131 llic
696 4060 767 4131 suit
787 4057 900 4126 exitus
914 4051 1004 4141 regis
1018 4048 1143 4132 Darii,
1167 4046 1230 4139 qui
1246 4045 1350 4113 etiam
1367 4060 1417 4113 est
1430 4045 1487 4111 iu-

506 4169 604 4256 signe
619 4161 818 4251 exemplum
832 4150 1088 4224 inconstantiae
1104 4172 1222 4218 rerum
1238 4141 1487 4215 humanarum.

505 4264 554 4338 Et
577 4265 721 4356 quidem
744 4271 817 4328 tota
832 4254 979 4324 mutatio
993 4250 1153 4340 imperii.
1180 4247 1303 4316 deletis
1320 4258 1372 4314 tot
1387 4245 1488 4314 urbi-

505 4370 589 4450 bus,
615 4376 651 4432 et
674 4356 857 4431 trucidatis
880 4366 934 4424 tot
956 4351 1182 4432 exercitibus,
1206 4347 1311 4439 plena
1328 4359 1378 4415 est
1394 4346 1489 4414 merl-

507 4483 622 4539 torum
644 4459 873 4532 horribilium
896 4450 1153 4541 exemplorum,
1179 4471 1269 4540 quae
1293 4459 1376 4515 sunt
1392 4469 1489 4514 com-

506 4565 781 4637 monefactiones
794 4561 839 4627 de
851 4554 983 4623 indicio
993 4550 1075 4634 Dei,
1100 4549 1162 4642 qui
1177 4571 1251 4616 non
1268 4548 1395 4615 leniter
1408 4569 1489 4614 mrt-

506 4681 558 4737 tat
586 4663 731 4753 imperia
764 4669 909 4750 propter
934 4653 1045 4723 multa
1071 4671 1197 4737 magna
1218 4649 1346 4717 seelera
1372 4641 1489 4714 bomi-

507 4788 612 4845 num,
643 4776 683 4831 ut
713 4781 814 4848 saepe
846 4757 979 4825 dictum
1006 4765 1071 4821 est:
1104 4749 1254 4840 Propter
1274 4747 1489 4817 iniusticiam

507 4875 691 4933 mutantur
706 4879 826 4946 regna.

711 5030 778 5100 De
807 5028 962 5096 tertia
993 5015 1281 5090 monarchia.

1525 1154 1632 1211 tunae
1660 1141 1803 1222 cedens,
1833 1142 1878 1207 ad
1907 1163 1988 1210 cum
2014 1142 2110 1210 ultro
2137 1143 2298 1224 accessit,
2331 1141 2508 1234 inquiens,

1526 1241 1619 1309 nibil
1640 1262 1731 1330 opus
1752 1261 1825 1307 esse
1846 1238 1960 1320 bello,
1985 1243 2088 1309 malle
2112 1263 2149 1309 se
2171 1243 2352 1311 beneficiis
2367 1257 2509 1312 certare.

1527 1342 1565 1411 Si
1588 1342 1633 1411 sit
1649 1338 1845 1429 potentior,
1869 1361 1906 1407 se
1922 1342 2084 1410 daturum
2100 1363 2172 1409 esse
2186 1364 2333 1410 munera
2351 1340 2509 1411 Alexan-

1527 1444 1612 1526 dro,
1644 1441 1673 1507 si
1695 1439 1860 1523 inferior,
1888 1462 1925 1508 sc
1946 1454 2082 1525 gratum
2102 1442 2194 1523 iore,
2221 1443 2250 1509 si
2272 1442 2443 1510 beneficia
2463 1442 2510 1508 ab

1529 1542 1605 1632 ipso
1624 1540 1806 1628 acceperit.
1858 1535 2062 1608 Alexander
2082 1541 2245 1609 adversos
2265 1541 2359 1610 ultro
2375 1543 2509 1610 ceden-

1528 1655 1599 1711 tem
1621 1637 1714 1708 nibil
1735 1635 1862 1709 hostile
1878 1639 2077 1708 laciendum
2093 1661 2166 1708 esse
2182 1642 2332 1721 censuit,
2358 1640 2455 1710 dedit
2473 1654 2509 1706 et

1529 1741 1660 1829 accepit
1678 1741 1770 1828 regia
1785 1742 1897 1817 dona,
1924 1754 1957 1810 et
1974 1762 2119 1828 regnum
2137 1762 2217 1805 eum
2232 1752 2349 1808 tenere
2361 1742 2471 1809 iussit.

1629 1839 1768 1908 Deinde
1791 1864 1870 1909 cum
1884 1838 1980 1908 Poro
2001 1835 2082 1928 rege
2103 1838 2273 1908 Indorum
2296 1840 2428 1908 bellum
2450 1861 2512 1925 ge-

1530 1956 1622 2011 stum
1644 1954 1705 2009 est.
1754 1937 1843 2007 Nam
1868 1940 1898 2007 is
1919 1940 2091 2008 dimicare
2106 1963 2186 2008 cum
2203 1934 2396 2007 Alexandri
2412 1961 2513 2005 exer-

1531 2043 1603 2111 citu
1625 2063 1728 2109 ausus
1750 2052 1835 2111 erat.
1886 2038 1956 2108 Sed
1980 2064 2061 2109 eum
2085 2053 2207 2130 captus
2227 2052 2335 2124 esset,
2359 2040 2515 2108 interro-

1531 2155 1589 2230 gat
1617 2165 1696 2208 eum
1728 2136 1943 2209 Alexander:
1984 2142 2165 2230 quomodo
2195 2152 2336 2228 captum
2364 2150 2513 2209 tractare

1532 2240 1743 2311 conveniat?
1796 2237 1993 2328 Respondit
2021 2239 2097 2308 ille:
2135 2238 2347 2331 βασιλικῶς.
2403 2236 2517 2307 Cum-

1533 2366 1601 2433 que
1631 2342 1824 2427 interrogat
1846 2337 2060 2408 Alexander:
2099 2363 2144 2407 an
2173 2353 2349 2430 praeterea
2378 2338 2517 2429 aliquid

1533 2440 1689 2533 peteret?
1729 2439 1913 2530 respondit
1931 2437 2066 2523 Porus,
2091 2443 2209 2508 omnia
2234 2463 2271 2507 se
2292 2440 2517 2530 complexum

1469 2579 1475 2591 ·
1533 2566 1623 2624 esse,
1649 2564 1729 2609 cum
1752 2540 1842 2611 dixit
1863 2536 2072 2629 βασιλικῶς.
2124 2536 2293 2608 Ostendit
2306 2540 2416 2627 igitur
2429 2534 2519 2606 Ale·

1533 2644 1668 2711 xander
1699 2641 1919 2709 clementiam
1949 2640 2135 2729 praecipue
2163 2640 2295 2727 regiam
2326 2662 2418 2721 esse,
2452 2662 2519 2706 nec

1534 2744 1643 2812 vitam
1672 2763 1738 2808 nee
1767 2762 1916 2829 regnum
1945 2741 1979 2808 ei
2003 2742 2155 2822 ademit,
2190 2752 2327 2810 tautum
2348 2763 2413 2830 pro
2435 2762 2518 2828 rege

1535 2840 1715 2912 nominari
1731 2854 1902 2932 satrapam
1920 2841 2032 2913 iussit.

1638 2939 1735 3010 llaec
1766 2942 1940 3032 sapienter
1970 2957 2004 3010 et
2033 2942 2223 3012 clementer
2252 2941 2343 3012 iacta
2363 2942 2515 3010 maxime

1536 3044 1708 3112 decebant
1737 3064 1871 3129 regem,
1910 3044 1954 3110 ad
1986 3062 2089 3134 quem
2121 3042 2278 3111 scribens
2309 3039 2517 3112 Aristoteles

1536 3141 1700 3213 hortatur
1721 3166 1821 3222 eum,
1847 3156 1886 3211 ut
1908 3144 2051 3230 cogitet,
2072 3164 2220 3229 regnum
2244 3167 2263 3212 a
2281 3141 2357 3212 Deo
2371 3142 2438 3233 ipsi
2453 3143 2519 3211 da-

1537 3258 1612 3313 tum
1626 3265 1709 3325 esse,
1734 3244 1780 3311 ab
1793 3242 2083 3311 benefaciendum
2098 3244 2217 3332 generi
2229 3239 2403 3313 humano:
2427 3240 2520 3336 πρὸς

1538 3336 1767 3441 εὐεργεσίαν,
1796 3339 1840 3415 οὐ
1862 3339 1952 3437 πρὸς
1973 3340 2098 3437 ὕβριν.
2150 3341 2247 3413 Haec
2267 3344 2313 3413 ab
2328 3342 2520 3416 Aristotele

1538 3445 1741 3535 gravissime
1775 3445 1904 3534 scripta
1943 3459 2036 3516 sunt.
2108 3443 2384 3516 Constituuntur
2423 3447 2517 3515 enim

1538 3568 1646 3635 regna
1673 3545 1862 3625 divinitus,
1892 3559 1933 3614 ut
1955 3544 2065 3634 leges,
2097 3569 2216 3636 pacem
2238 3561 2271 3616 et
2294 3547 2519 3637 disciplinam

1539 3646 1758 3730 custodiant,
1783 3660 1816 3714 et
1839 3647 1927 3714 bene
1950 3647 1995 3714 sit
2018 3646 2198 3716 communi
2221 3641 2389 3718 honestae
2410 3650 2520 3717 socie-

1540 3748 1604 3818 tati
1641 3741 1847 3825 bominnm,
1889 3745 1977 3813 sicut
2004 3745 2137 3814 Paulus
2169 3747 2288 3840 inquit
2314 3751 2357 3818 ad
2386 3746 2520 3820 Roma-

1540 3871 1606 3916 nos
1630 3846 1702 3915 tt:
1737 3844 1964 3934 Magistratus
1988 3843 2052 3914 Dei
2084 3848 2248 3918 minister
2277 3862 2345 3932 est,
2379 3850 2446 3920 tihi
2473 3852 2519 3916 ad

1540 3950 1686 4017 bonomi
1745 3942 1794 4016 Et
1816 3945 1975 4016 Danielis
2005 3962 2228 4038 praeceptum
2257 3962 2306 4018 est
2334 3951 2378 4016 ad
2401 3968 2516 4032 regem

1539 4043 1775 4118 Chaldaeum:
1807 4045 1935 4116 Libera
1957 4062 1992 4117 te
2014 4071 2032 4115 a
2057 4062 2199 4139 peccato
2214 4048 2343 4117 iusticia
2359 4058 2392 4113 et
2407 4045 2517 4114 bene-

1540 4147 1628 4217 ficiis
1643 4169 1724 4234 erga
1740 4170 1929 4237 pauperes,
1954 4149 1991 4216 id
2008 4163 2078 4232 est,
2104 4151 2232 4220 iniuste
2246 4167 2440 4236 oppressos.

1641 4243 1749 4317 Hunc
1768 4248 1874 4317 finem
1894 4261 1987 4318 certe
2013 4249 2208 4339 intelligere
2224 4259 2256 4315 et
2269 4246 2402 4314 intueri
2416 4247 2521 4335 prin-

1541 4349 1634 4438 cipes
1664 4348 1806 4422 debent.
1855 4346 1927 4416 Nec
1958 4349 2030 4419 sint
2056 4351 2199 4439 imperia
2221 4345 2351 4415 similia
2374 4347 2521 4416 latroci-

1540 4450 1704 4532 niorum,
1738 4472 1889 4542 quorum
1912 4450 1993 4518 linis
2018 4465 2085 4528 est,
2118 4460 2253 4518 tantum
2280 4469 2410 4515 nocere
2431 4447 2522 4516 aliis.

1541 4547 1613 4619 Nec
1635 4562 1726 4618 recte
1750 4551 1931 4637 respondit
1948 4551 2147 4619 Alexandro
2164 4549 2277 4638 pirata
2293 4562 2434 4638 captus,
2461 4547 2521 4639 qui

1542 4649 1795 4736 interrogatus,
1828 4674 1892 4718 cur
1912 4651 1949 4718 in
1973 4649 2065 4719 Mari
2087 4650 2314 4718 latrocinium
2337 4661 2523 4730 exerceret,

1541 4749 1738 4839 respondit:
1764 4746 1855 4834 Cur,
1883 4775 1961 4818 cnm
1985 4765 2021 4820 tu
2042 4771 2201 4819 exerceas
2224 4750 2262 4820 in
2278 4748 2390 4818 Terra
2410 4751 2523 4817 latro-

1542 4851 1694 4934 cinium,
1725 4845 1814 4919 mibi
1846 4876 1919 4920 non
1950 4853 2041 4920 idem
2069 4852 2107 4918 in
2137 4850 2227 4918 mari
2256 4849 2383 4919 liceat?
2437 4846 2524 4917 Non

1542 4951 1636 5019 enim
1658 4966 1731 5022 erat
1751 4952 1841 5022 latro
1863 4947 2083 5035 Alexander,
2122 4955 2181 5020 sed
2206 4975 2285 5033 rex,
2325 4949 2523 5039 legitimum

1542 5052 1728 5142 imperium
1742 5065 1884 5137 tenens,
1909 5064 1944 5120 et
1958 5075 2082 5140 gerens
2097 5052 2188 5122 bella
2205 5053 2312 5136 iusta,
2338 5053 2375 5119 in
2394 5051 2522 5142 quibus

609 5158 755 5230 Mortuo
771 5151 1016 5246 igiturDario,
1042 5176 1136 5221 anno
1149 5173 1232 5219 suae
1247 5149 1369 5220 aetatis
1382 5150 1490 5242 quin-
1540 5149 1636 5222 Deus
1653 5154 1691 5221 in
1708 5178 1787 5222 eom
1802 5152 1982 5223 transtulit
1995 5149 2255 5245 monarchiam,
2281 5166 2322 5221 ut
2335 5151 2520 5221 Persarum

507 5262 730 5355 quagesimo,
762 5282 844 5328 cum
873 5266 1050 5343 regnasset
1078 5273 1189 5321 annos
1209 5274 1286 5331 sex,
1320 5253 1487 5321 translata
1540 5255 1701 5344 tyrannis
1733 5254 1936 5343 puniretur,
1976 5268 2010 5322 et
2036 5256 2305 5324 restituerentur
2329 5253 2368 5319 in
2397 5272 2523 5339 genere

508 5378 557 5433 est
575 5353 777 5432 monarchia
792 5382 812 5427 a
830 5355 945 5425 Persis
962 5353 1005 5422 ad
1025 5350 1286 5434 Alexandrum,
1312 5373 1391 5420 curu
1401 5348 1488 5418 Per·
1541 5346 1697 5422 humano
1722 5354 1815 5440 leges
1838 5364 1872 5421 et
1895 5351 2094 5446 disciplina.
2154 5353 2227 5423 Nec
2245 5355 2287 5422 de
2311 5353 2416 5422 bellis
2438 5348 2525 5419 Ale·

506 5487 563 5534 sae
585 5462 779 5533 tenuissent
799 5480 876 5527 eam
898 5474 1011 5523 annos
1032 5454 1203 5519 ducentos
1226 5450 1387 5537 et'paulo
1411 5473 1488 5517 am·
1539 5455 1665 5522 xendri
1680 5451 1782 5541 plura
1795 5450 1933 5522 addam.

504 5566 609 5656 plius.
659 5556 794 5655 Estque
807 5555 950 5628 initium
964 5550 1120 5620 Graecae
1134 5543 1358 5618 monarchiae
1373 5571 1488 5620 annus

506 5664 699 5736 Alexandri
714 5662 896 5753 septimun

1641 5550 1724 5619 Post
1747 5549 1910 5622 victorias
1926 5571 2041 5625 autem
2060 5558 2097 5624 in
2115 5558 2184 5626 vita
2201 5556 2392 5625 domestica
2410 5576 2527 5622 mores

1540 5649 1649 5738 ipsius
1666 5649 1765 5718 valde
1778 5656 1903 5724 mutati
1919 5671 2012 5741 sunt,
2039 5671 2079 5728 ut
2093 5658 2130 5725 in
2146 5657 2223 5746 ipso
2237 5654 2424 5757 praecipue
2439 5678 2531 5724 con·
