6025 6775
498 511 572 590 107
667 525 670 530 ’

498 707 581 754 vere
602 683 783 754 decretum
798 677 887 767 Dei,
911 697 946 753 et
965 707 1008 753 ex
1024 684 1141 752 animo
1159 680 1355 761 laetantur,
1380 681 1485 750 nobis

498 785 612 855 tilium
629 782 697 854 Dei
720 785 891 854 donatum
910 799 1033 854 essert
1050 779 1114 851 hac
1130 782 1237 851 erecti
1253 782 1340 867 lide,
1365 784 1483 883 Deum

499 888 682 958 invocant.

686 1080 689 1085 ,
693 1072 1484 1089 mnu—*d

1310 1218 1358 1257 sn.
1381 1193 1474 1259 1555.

1308 1284 1480 1315 Μ

497 1192 565 1263 Νο.
585 1191 670 1266 145.

507 1289 679 1319 Μ

673 1430 679 1444 ·
766 1406 842 1489 Dc
871 1402 1104 1523 ferenento
1130 1419 1211 1495 etc.

564 1585 596 1637 ln
610 1580 702 1661 select.
714 1581 795 1640 Deci.
814 1580 847 1636 T.
861 1580 907 1638 lli.
927 1601 954 1653 p.
967 1583 1019 1637 stt
1030 1601 1107 1665 sqq„
1136 1583 1255 1665 Servest,
1273 1582 1307 1638 T.
1323 1580 1371 1637 lll.
1389 1600 1414 1665 p:
1426 1580 1487 1634 439.

595 1663 621 1703 et
634 1647 752 1703 lltcbard
772 1650 804 1704 T.
820 1650 867 1701 ΙΙΙ.
888 1670 916 1721 p.
924 1651 984 1705 too.
1021 1650 1108 1704 Etiam
1127 1664 1285 1721 separatrms
1309 1648 1434 1720 „.Oratvo
1453 1649 1486 1701 de

594 1717 793 1785 similitudine,
832 1720 860 1771 in
887 1737 939 1789 qua
963 1719 1080 1792 dicitur,
1112 1720 1290 1789 Evangelium
1314 1720 1403 1772 simile
1428 1736 1486 1770 esse

594 1786 733 1839 fermento
755 1789 839 1841 mixto
864 1790 950 1839 tribus
974 1786 1079 1841 farinae
1097 1790 1175 1855 satis,
1205 1789 1315 1842 recita
1336 1788 1392 1841 tat.
1411 1790 1498 1844 Tra.

596 1854 693 1924 tiger.”
713 1854 829 1909 Witeb.
848 1856 922 1909 1555.
941 1856 967 1911 8.
989 1856 1063 1928 apt.

1141 508 1304 584 DECL.
1335 506 1411 583 DE
1444 506 1771 585 FERMENTO
1805 530 1888 587 arc.

2451 527 2524 600 108

1537 680 1703 767 serimus,
1725 705 1790 750 nec
1803 682 1990 753 abiicimus
2003 679 2110 755 huius
2124 690 2236 759 nostri
2252 694 2412 763 muneris
2425 720 2525 767 exer·

1538 783 1619 853 citia
1644 797 1678 853 et
1699 805 1833 875 operas.
1890 779 2047 854 Oramus
2069 802 2186 858 autern
2211 790 2322 861 tilium
2348 794 2436 881 Dei,
2461 801 2525 891 qui

1538 901 1591 954 est
1605 877 1713 984 λόγος
1725 883 1860 953 aeterni
1876 885 2004 976 patris,
2030 899 2070 957 ut
2086 889 2161 981 ipse
2178 884 2270 960 hanc
2286 892 2438 992 λογικὴν
2457 903 2523 969 ta-

1537 981 1663 1081 τρείαν
1685 986 1858 1076 gubernet
1873 999 1907 1057 et
1924 987 2076 1056 adiuvet.
2127 990 2320 1081 vigilantia
2335 1011 2369 1066 et
2385 1000 2524 1090 sapien·

1538 1088 1587 1157 tia
1607 1082 1764 1157 humana
1787 1112 1861 1156 non
1884 1102 1935 1157 est
1950 1109 2014 1178 par
2027 1091 2157 1160 nostris
2173 1106 2208 1161 et
2222 1095 2389 1185 periculis
2404 1113 2437 1169 et
2450 1124 2524 1170 cer-

1538 1189 1744 1259 taminibus.
1795 1187 1886 1259 Nam
1906 1201 1941 1258 et
1960 1202 2086 1260 natura
2108 1190 2210 1261 iacile
2233 1194 2451 1285 languebunt
2468 1202 2525 1269 in-

1538 1290 1661 1380 genia,
1687 1304 1721 1360 et
1742 1290 1876 1359 diaboli
1897 1290 2142 1381 multipliciter
2163 1293 2379 1366 insidiantur
2395 1302 2527 1371 docen-

1538 1391 1634 1462 tibus
1657 1405 1691 1461 et
1711 1390 1947 1476 discentibus,
1971 1406 2012 1462 ut
2032 1394 2193 1462 omnium
2215 1395 2413 1466 seculorum
2439 1398 2527 1472 hor.

1539 1492 1659 1562 ribilia
1680 1493 1836 1583 exempla
1859 1494 2063 1562 ostendunt.
2115 1493 2216 1583 Quae
2232 1496 2327 1565 enim
2345 1513 2440 1570 aetas
2457 1505 2526 1573 fuir

1538 1594 1615 1663 sine
1631 1594 1840 1664 monstrosis
1849 1593 2103 1683 opinionibus?
2125 1596 2202 1665 sine
2212 1598 2425 1668 calumniis?
2449 1603 2526 1673 sine

1539 1689 1802 1789 sycophantiis?
1825 1694 2141 1787 sinecorruptelis?
2167 1697 2428 1770 sinedissidiis?
2450 1698 2525 1772 Ex-

1538 1809 1615 1867 tant
1630 1797 1715 1866 libri
1730 1808 1832 1867 testes
1847 1796 1892 1865 de
1906 1809 1980 1866 tota
1995 1796 2213 1889 antiquitate.
2266 1798 2337 1869 Sed
2352 1815 2469 1872 tamen
2485 1803 2523 1873 in

1537 1892 1695 1967 Ecclesia
1708 1898 1801 1967 iilius
1810 1893 1878 1965 Dei
1893 1920 1967 1966 non
1982 1897 2069 1967 sinit
2083 1898 2224 1989 penitus
2237 1901 2394 1991 extingui
2410 1904 2522 1974 lucem

495 2036 627 2106 omno
652 2028 699 2102 de
719 2025 912 2122 fermento
928 2034 1047 2102 mmo
1064 2029 1184 2103 tribu,
1199 2027 1361 2124 farinae
1379 2036 1485 2103 mi&
1539 2000 1714 2079 veritatis,
1741 2015 1775 2071 et
1790 2022 1871 2068 curn
1886 1997 1933 2068 sit
1950 1994 2059 2117 λόχος
2072 2000 2353 2118 aeternipatris,
2378 2029 2460 2073 vere
2474 2020 2525 2076 est

1538 2100 1656 2169 efficax
1682 2125 1766 2170 voce
1790 2122 1872 2169 suae
1893 2103 2094 2184 doctrinae,
2118 2115 2153 2171 et
2173 2101 2374 2193 aliquorum
2388 2118 2522 2177 mentes

493 2188 584 2274 Nisi
603 2210 697 2268 certo
715 2195 882 2264 sciremus
897 2188 989 2263 hanc
1006 2218 1251 2265 aerrrmnosam
1268 2198 1395 2278 vitam,
1420 2198 1485 2268 iter
1538 2202 1640 2272 docet
1657 2213 1692 2271 et
1709 2202 1913 2286 confirmat,
1939 2224 1984 2271 ne
2000 2226 2019 2271 a
2036 2201 2184 2272 veritate
2199 2204 2373 2274 aberrent.
2425 2204 2525 2276 Sicut

378 2387 382 2394 ι
404 2393 407 2400 Ι
495 2326 567 2374 esse
589 2302 634 2370 ad
655 2296 894 2368 dulcissimam
917 2296 1074 2368 coelestis
1094 2294 1273 2368 Ecclesiae
1294 2312 1484 2369 consuetu·
1538 2317 1572 2370 et
1594 2315 1770 2392 precatur:
1794 2299 1980 2372 Sanctifica
1993 2325 2052 2371 eos
2067 2303 2106 2370 in
2122 2303 2289 2390 veritate,
2313 2328 2427 2374 sermo
2444 2320 2524 2376 tuus

494 2405 634 2485 dinem,
659 2401 697 2467 in
713 2423 782 2491 qua
796 2393 892 2468 Deus
906 2420 980 2467 sese
994 2399 1098 2467 nobis
1113 2399 1228 2490 palam
1245 2403 1424 2481 ostendet,
1451 2414 1485 2469 et
1539 2417 1591 2471 est
1609 2402 1747 2475 veritas.
1798 2398 1846 2471 Et
1862 2396 1948 2470 haec
1961 2404 2088 2473 ultima
2106 2418 2139 2474 et
2157 2406 2268 2475 delira
2286 2406 2413 2475 mundi
2430 2420 2524 2476 aetas

494 2529 593 2578 suam
619 2504 753 2584 lucem,
777 2499 1005 2590 sapientiam,
1030 2500 1225 2586 iusticiam,
1251 2501 1421 2571 laeticiam
1445 2502 1483 2569 in
1537 2527 1578 2571 eo
1603 2504 1682 2592 plus
1706 2499 1851 2573 habebit
1873 2526 2055 2588 errorum,
2081 2506 2165 2598 quia
2188 2506 2357 2598 paulatim
2372 2508 2523 2577 maiores

495 2621 568 2680 tota
588 2602 795 2675 aeternitate
817 2600 1109 2683 communicabit,
1135 2603 1213 2694 quis
1231 2602 1403 2673 sustinere
1419 2605 1484 2672 do-
1537 2604 1621 2672 fient
1643 2618 1678 2674 et
1688 2601 1927 2673 Ecclesiaruur
1947 2618 1982 2676 et
1999 2606 2230 2697 imperiorum
2246 2607 2523 2681 dilacerationes.

494 2713 587 2779 lores
616 2719 650 2774 et
673 2726 802 2791 agonas
824 2696 931 2770 huius
953 2703 1045 2771 vitae
1066 2703 1343 2773 innumerabiles
1366 2719 1482 2795 posset
1536 2702 1584 2774 Et
1604 2720 1761 2773 crescent
1777 2705 1880 2789 odia,
1903 2718 1938 2773 et
1951 2705 2063 2774 iuriae
2077 2707 2345 2779 ambitiosorum
2362 2710 2524 2798 ingenio-

495 2824 558 2882 aut
586 2805 712 2876 vellet?
771 2802 841 2875 Sed
871 2803 1073 2873 intueamur
1101 2804 1204 2873 illum
1234 2818 1397 2897 portum,
1438 2807 1483 2877 ad
1536 2829 1616 2874 rum
1638 2806 1833 2896 impedient
1854 2806 2035 2877 saniorum
2057 2809 2232 2902 colloquia
2248 2822 2283 2878 et
2295 2809 2523 2881 deliberatio·

495 2935 599 3007 quern
620 2905 834 2988 accedimus,
860 2903 966 2973 simul
988 2906 1094 2974 etiam
1115 2906 1266 2974 sciamus
1282 2929 1347 2975 nos
1363 2906 1401 2974 in
1417 2900 1483 2991 hac
1537 2931 1611 2979 nes.
1665 2907 1905 2995 intelligamus
1919 2908 2027 2996 igitur
2043 2910 2216 3000 pericula,
2240 2928 2274 2979 et
2289 2911 2427 2979 assidue
2442 2936 2522 3002 pre-

494 3013 596 3096 navi,
630 3032 719 3103 quae
749 3005 960 3076 saevissimis
986 3006 1129 3076 flatibus
1148 3008 1316 3096 agitatur,
1348 3031 1482 3100 nequa·
1536 3032 1658 3078 remur
1678 3008 1790 3077 filium
1807 3009 1878 3078 Dei
1892 3008 2085 3078 Dominum
2106 3024 2267 3081 nostrum
2286 3008 2399 3079 lesum
2417 3007 2523 3084 Chri·

493 3138 600 3210 quam
621 3110 717 3182 solos
740 3123 773 3179 et
792 3108 868 3192 sine
891 3106 1024 3177 auxilio
1049 3130 1130 3177 ease.
1181 3105 1330 3199 Semper
1352 3109 1484 3179 assidet
1535 3122 1647 3191 stom,
1687 3122 1728 3179 ut
1757 3133 1823 3178 nos
1853 3124 1888 3179 et
1913 3112 2087 3200 gubernet
2111 3124 2147 3182 et
2169 3112 2369 3198 confirmet,
2408 3137 2454 3181 ne
2478 3115 2524 3183 ab

493 3219 538 3287 ad
562 3216 702 3287 clavum
726 3206 916 3298 filiusDei,
943 3222 1059 3279 custos
1071 3204 1222 3279 humani
1236 3210 1392 3299 generis,
1419 3210 1481 3303 qui
1535 3210 1612 3302 ipso
1628 3211 1843 3284 aberremus.
1877 3215 1883 3227 '

494 3331 658 3390 naturam
694 3309 886 3381 humanam
919 3311 1126 3403 assumpsit,
1167 3334 1212 3379 ne
1245 3306 1331 3379 baec
1362 3324 1481 3380 nostra
1636 3308 1734 3379 Haec
1749 3311 1896 3403 praefati
1910 3332 2031 3379 sumus
2045 3311 2090 3379 de
2104 3306 2320 3381 scholasticis
2330 3312 2524 3395 labouibus,

493 3442 607 3490 massa
623 3413 784 3484 funditus
799 3411 941 3503 periret.
992 3409 1062 3478 Hic
1077 3412 1238 3501 protegit,
1264 3425 1387 3495 armat,
1413 3412 1481 3481 eri·
1534 3424 1576 3482 ut
1593 3411 1802 3480 etdiscendi
1818 3426 1852 3481 et
1869 3413 2040 3502 precandi,
2052 3437 2136 3482 cura
2151 3413 2372 3486 exuscitetur.
2419 3414 2524 3484 Nunc

495 3522 565 3607 git,
598 3524 788 3591 sustentat,
819 3511 964 3578 adiuvat
991 3534 1075 3593 nos,
1110 3535 1154 3578 ne
1183 3507 1248 3580 bac
1272 3527 1368 3582 tanta
1390 3513 1482 3582 mole
1536 3513 1616 3606 quia
1640 3511 1677 3580 in
1701 3507 1756 3581 his
1780 3507 1939 3582 honestis
1955 3514 2199 3604 congressibus
2213 3515 2312 3583 decet
2325 3514 2461 3605 aliquid
2478 3518 2522 3584 de

495 3617 718 3688 miseriarum
742 3610 897 3702 oppressi
919 3609 1174 3699 extinguamur.
1227 3611 1390 3682 Vivimus
1415 3615 1481 3702 igi·
1536 3626 1634 3705 parte
1653 3612 1772 3704 aliqua
1792 3614 1975 3683 doctrinae
1995 3619 2039 3682 ad
2062 3616 2220 3684 iuniores
2237 3616 2450 3685 erudiendos
2467 3617 2523 3685 di·

495 3733 572 3800 tur,
597 3741 671 3786 non
691 3729 731 3785 ut
753 3705 973 3810 φιλόψυχοι,
1002 3712 1084 3804 qnia
1107 3711 1177 3781 vita
1199 3736 1262 3803 per
1278 3736 1351 3782 sese
1368 3715 1481 3784 dulcis
1532 3704 1630 3798 cere,
1654 3737 1790 3782 sumam
1815 3725 2061 3799 argumentum
2087 3737 2161 3780 non
2185 3717 2342 3785 alienum
2366 3741 2386 3785 a
2411 3717 2523 3785 medi-

495 3822 560 3905 sit,
585 3831 645 3888 aut
669 3818 714 3886 sit
735 3817 839 3907 plena
855 3814 1094 3902 voluptatum:
1121 3817 1179 3882 sed
1199 3829 1238 3884 ut
1251 3813 1327 3885 Deo
1345 3818 1481 3886 obtem·

493 3944 674 4014 petemus,
699 3932 735 3999 et
750 3917 829 3987 ireti
844 3915 1057 4007 opitulatore
1070 3915 1143 3984 filio
1158 3913 1241 4000 Dei,
1266 3919 1404 3987 labores
1418 3921 1481 3986 ad-

495 4025 636 4104 siduos,
663 4044 783 4101 curas,
807 4017 947 4088 dolores
964 4018 1001 4086 in
1021 4017 1194 4103 ecclesiis,
1215 4019 1253 4087 in
1268 4015 1416 4105 scholis,
1442 4019 1481 4088 in

495 4126 637 4210 castris,
663 4124 701 4192 in
724 4121 841 4204 curia,
869 4119 957 4190 etin
973 4119 1177 4189 oeconomia
1193 4121 1422 4205 sustinemus,
1448 4136 1482 4192 et

493 4228 592 4298 illam
617 4249 733 4294 arcem
753 4237 931 4295 aeternam
954 4217 1021 4292 hoc
1042 4245 1251 4293 aerumnoso
1269 4246 1374 4294 cursu
1389 4224 1480 4314 peti-

491 4353 582 4400 mus.
633 4324 730 4396 Haec
753 4328 797 4395 de
820 4323 964 4392 vivendi
987 4325 1101 4394 causis
1122 4326 1293 4407 miseriis,
1320 4338 1355 4396 et
1379 4325 1480 4393 auxi-

492 4432 567 4516 liis,
591 4428 731 4501 assidue
751 4427 934 4516 cogitanda
951 4441 1053 4510 stant,
1079 4439 1119 4496 ut
1132 4429 1387 4497 confirmentur
1402 4426 1480 4495 ani·

492 4533 559 4617 mi,
593 4555 639 4600 ne
669 4531 807 4599 labores
830 4530 1043 4597 necessarios
1065 4528 1264 4618 defugiant,
1297 4542 1360 4600 aut
1381 4529 1480 4597 dese-

492 4644 584 4701 rant.
636 4628 738 4699 Hanc
762 4630 1132 4700 commonefactionem
1159 4655 1225 4698 vox
1241 4630 1362 4698 divina
1379 4653 1481 4720 saepe

491 4730 677 4823 proponit,
702 4731 801 4799 iubet
821 4730 979 4818 singulos
1002 4732 1115 4798 iacere
1136 4730 1192 4799 sui
1216 4732 1322 4798 oilicii
1344 4753 1479 4820 operas,

493 4847 527 4902 et
543 4845 661 4923 petere
674 4843 707 4899 et
723 4845 903 4922 expectare
917 4830 1057 4899 foelices
1075 4843 1220 4900 eventus
1235 4830 1349 4902 aDeo.
1385 4831 1480 4902 Sub-

493 4934 589 5004 ditus
604 4945 677 5001 esto
695 4927 791 5015 Deo,
817 4929 934 5024 inquit
950 4928 1129 5013 psalmus,
1153 4947 1187 5002 et
1201 4956 1261 5001 ora
1278 4936 1370 5004 eram.

546 5088 549 5104 .
594 5031 673 5105 Etsi
689 5033 797 5123 igitur
810 5027 908 5103 hunc
923 5044 1081 5104 nostrum
1097 5034 1255 5105 laborem
1270 5034 1309 5104 in
1319 5035 1479 5104 docendo

493 5149 527 5205 et
558 5135 747 5220 discendo,
780 5149 814 5205 et
844 5149 953 5206 totam
984 5137 1227 5208 doctrinarum
1257 5137 1480 5228 propagatio-

491 5259 594 5321 nem,
628 5237 841 5308 comitantur
869 5238 1000 5309 multae
1023 5261 1078 5307 res
1100 5241 1288 5319 molestae,
1321 5252 1480 5309 contem-

490 5352 591 5431 ptus,
623 5338 724 5421 odia,
755 5356 958 5430 paupertas,
992 5339 1148 5428 ingentia
1179 5341 1389 5417 certamina,
1423 5365 1480 5408 ca-

491 5438 665 5524 lumniae,
704 5438 939 5528 ingratitudo,
977 5441 1098 5521 exilia,
1138 5441 1328 5530 supplicia,
1362 5456 1480 5510 tamen

492 5543 574 5638 quia
600 5541 729 5610 scimus
752 5537 869 5611 Deum
893 5540 1111 5608 severissime
1135 5542 1335 5632 praecipere
1358 5560 1392 5612 et
1415 5544 1480 5609 do-

490 5643 592 5718 cendi
608 5656 642 5715 et
657 5641 819 5741 discendi
837 5641 1014 5724 laborem,
1040 5635 1132 5710 hanc
1146 5642 1309 5712 militiam
1326 5668 1399 5713 non
1417 5643 1478 5711 de-

1535 3839 1656 3885 corum
1681 3808 1855 3884 doctrina.
1906 3810 2024 3899 Pingit
2039 3810 2215 3882 Dominus
2238 3815 2377 3906 aliquot
2398 3817 2522 3905 imagi-

1535 3940 1597 3986 nes
1620 3913 1816 3998 Ecclesiae,
1849 3936 1998 4006 quarum
2018 3936 2091 3982 una
2114 3908 2199 3983 baec
2223 3927 2291 3984 est:
2323 3914 2385 3985 Ait
2407 3917 2521 3986 simile

1535 4043 1608 4088 esse
1643 4039 1791 4106 regnum
1820 4015 2002 4084 coelorum
2030 4016 2223 4100 fermento,
2266 4019 2364 4112 quod
2395 4017 2520 4087 mulier

1536 4122 1658 4191 miscet
1679 4119 1792 4188 tribus
1813 4118 1947 4187 farinae
1969 4117 2069 4203 satis,
2095 4117 2207 4186 donee
2231 4130 2343 4188 totum
2366 4119 2521 4187 fermen-

1534 4236 1640 4294 tetur.
1699 4215 1824 4288 Brevis
1853 4219 2010 4289 narratio
2034 4233 2103 4305 est,
2136 4221 2198 4288 sed
2223 4219 2336 4289 dulcis
2360 4221 2521 4289 conside·

1533 4325 1649 4407 ranti,
1673 4322 1755 4415 quia
1777 4321 1888 4390 multa
1911 4323 2013 4390 docet
2035 4323 2080 4390 de
2104 4321 2301 4392 ministerio
2325 4316 2522 4410 Evangelii,

1534 4427 1579 4495 de
1602 4423 1809 4494 collectione
1824 4418 2022 4508 Ecclesiae,
2047 4425 2091 4492 de
2107 4424 2336 4494 renovatione
2354 4418 2520 4506 bominis,

1534 4529 1578 4596 de
1602 4522 1827 4596 restitutione
1849 4523 2008 4594 iusticiae
2024 4538 2057 4593 et
2071 4524 2165 4594 vitae
2180 4539 2350 4595 aeternae·
2401 4522 2521 4596 Huius

1534 4627 1715 4699 doctrinae
1737 4626 1971 4695 consideratio
1991 4625 2103 4696 bonas
2127 4641 2262 4698 mentes
2285 4641 2319 4696 et
2338 4626 2522 4699 confirmat

1534 4742 1568 4800 et
1590 4728 1803 4798 consolatur.
1852 4724 1926 4795 Nos
1947 4740 2040 4795 certe
2057 4727 2095 4794 in
2112 4723 2242 4798 scholis
2257 4729 2381 4799 talium
2398 4753 2522 4798 narra·

1534 4833 1671 4902 tionum
1694 4828 1865 4898 vocabula
1888 4827 2089 4898 iunioribus
2103 4831 2327 4923 interpretari
2342 4830 2520 4900 debemus.

1533 4931 1692 5002 Primum
1725 4930 1833 5020 igitur
1861 4930 1906 4997 de
1933 4929 2115 4999 vocabulis
2138 4931 2269 5001 dicam:
2303 4928 2427 5001 Satum
2452 4928 2520 5004 hoc

1532 5036 1612 5103 loco
1635 5058 1703 5102 vox
1724 5028 1842 5100 Ebrea
1864 5044 1934 5122 est,
1961 5055 2162 5101 mensuram
2185 5033 2405 5122 significans,
2432 5046 2519 5127 quae

1534 5150 1586 5206 est
1601 5136 1703 5205 tertia
1720 5158 1800 5226 pars
1812 5134 1983 5202 medimni
1992 5188 2002 5217 ,
2029 5148 2133 5204 erunt
2149 5135 2258 5225 igitur
2273 5134 2344 5205 tria
2358 5151 2428 5204 sata
2444 5158 2517 5202 me-

1533 5239 1677 5307 dimnus
1701 5237 1847 5326 integer.
1904 5233 1954 5306 Ut
1978 5249 2095 5306 autern
2118 5240 2216 5306 velut
2239 5239 2287 5307 ob
2311 5235 2430 5305 oculos
2453 5259 2518 5325 po·

1533 5364 1616 5409 narn
1644 5362 1827 5408 mensurae
1854 5337 2155 5426 magnitudinem,
2191 5340 2389 5408 medimnus
2420 5333 2517 5405 Atti-

1534 5464 1594 5510 cus
1617 5442 1873 5532 propemodum
1895 5441 2060 5529 congruit
2074 5466 2152 5509 cum
2170 5440 2309 5531 Lipsico
2323 5435 2519 5524 medimno,

1534 5566 1638 5632 quem
1663 5543 1850 5613 nominant
1866 5541 2006 5634 Lipsiae
2026 5543 2076 5613 ein
2098 5540 2256 5633 &dtifftb
2289 5540 2324 5607 id
2347 5538 2452 5608 etiam
2475 5564 2517 5608 ex

1533 5641 1642 5710 veteri
1659 5643 1777 5730 precio
1794 5643 1944 5733 intelligi
1963 5659 2085 5736 potest.
2135 5642 2222 5714 Erat
2236 5642 2329 5713 enim
2345 5640 2419 5735 lege
2437 5665 2519 5736 pre-
