6025 6775
979 665 1128 784 4²⁷-

985 834 1236 935 siquis
1265 830 1483 918 dicit,
1533 847 1666 901 nos
1695 813 1969 910 tantum
1999 789 2204 910 loqui
2233 812 2323 885 de
2369 809 2789 901 imaginaria
2820 808 2962 877 im·-

983 939 1357 1037 putatione
1377 988 1399 1021 ,
1441 956 1594 1003 non
1623 931 1712 1001 de
1741 918 2312 1016 regeneratione,
2365 936 2544 1009 quae
2589 912 2670 983 fit
2696 906 2851 980 Deo
2880 908 2958 978 in

986 1041 1199 1115 nobis
1228 1031 1706 1109 inhabitante,
1760 1025 1993 1118 palam
2024 1018 2340 1091 refutant
2364 1038 2528 1087 eum
2554 1009 2960 1085 testimonia

994 1139 1327 1215 omnium
1354 1148 1744 1210 nostrarum
1770 1122 2273 1197 Ecclesiarum.

1197 1286 1334 1358 Sed
1366 1282 1541 1352 facta
1570 1277 1710 1347 iam
1742 1273 1868 1345 tali
1902 1267 2363 1343 conversione
2392 1276 2461 1336 et
2487 1258 2961 1354 regeneratio-

999 1416 1114 1476 ne,
1140 1400 1371 1457 tamen
1395 1374 1568 1450 haec
1603 1374 1921 1473 quaestio
1951 1383 2220 1444 manet:
2276 1366 2660 1458 Quomodo
2687 1363 2960 1457 placeas

999 1491 1183 1569 Deo,
1233 1508 1393 1554 cum
1425 1480 1686 1552 sentias
1711 1489 1983 1551 tantam
2024 1471 2509 1543 infirmitatem
2543 1481 2615 1537 et
2639 1463 2956 1536 immun-

993 1585 1284 1661 ditiem?
1352 1581 1694 1655 Sentiunt
1735 1576 1963 1649 sancti
2007 1574 2368 1647 interdum
2412 1568 2690 1662 aliquos
2733 1584 2962 1635 novos

988 1701 1226 1759 motus
1246 1740 1267 1772 ,
1319 1684 1445 1755 alii
1472 1682 1733 1767 minus,
1781 1679 1908 1750 alii
1942 1676 2164 1767 magis
2189 1673 2521 1756 illustres,
2568 1669 2690 1738 sed
2722 1680 2962 1737 tamen

988 1790 1221 1861 multo
1270 1785 1549 1877 saepius
1597 1804 1843 1854 omnes
1887 1777 2205 1851 sentiunt
2250 1796 2410 1845 suas
2451 1766 2962 1862 trepidationes

995 1904 1068 1963 et
1106 1889 1389 1960 dolores
1434 1896 1729 1979 propter
1754 1891 2171 1974 ⁸praesentes
2213 1876 2491 1968 lapsus,
2532 1884 2606 1943 et
2632 1889 2964 1962 praesen-

997 2006 1140 2065 tem
1167 1987 1649 2060 infirmitatem
1668 2037 1690 2071 ,
1735 1996 1803 2054 et
1834 1982 2150 2072 singulos
2177 1978 2254 2047 in
2303 1972 2718 2070 quotidiana
2754 1969 2966 2038 invo-

1005 2091 1281 2167 catione
1349 2089 1654 2179 cogitare
1721 2084 1810 2155 de
1870 2078 2004 2153 hae
2051 2078 2461 2151 infirmitate
2511 2093 2789 2144 necesse
2840 2080 2967 2151 est,

998 2215 1159 2270 cum
1207 2190 1495 2284 quidem
1539 2202 1609 2258 et
1664 2184 1971 2259 sentiant
2012 2206 2085 2254 se
2141 2175 2540 2252 conflictari
2577 2196 2738 2243 cum
2778 2166 2966 2242 tristi

1001 2291 1476 2367 dubitatione.
1526 2286 1665 2357 Hic
1694 2286 2122 2378 proponitur
2152 2278 2325 2352 haec
2352 2272 2741 2348 consolatio
2773 2291 2969 2339 com-

997 2389 1349 2489 prehensa
1380 2390 1459 2459 in
1483 2384 1598 2458 his
1641 2389 1910 2471 verbis,
1956 2384 2209 2456 Roma.
2241 2374 2346 2455 5.:
2415 2370 2779 2445 iustificati
2827 2369 2967 2438 fide

999 2517 1247 2590 pacem
1277 2487 1618 2563 habemus
1644 2491 1836 2581 apud
1870 2484 2125 2556 Deum.
2195 2478 2375 2550 Fide
2405 2486 2680 2567 oportet
2705 2482 2969 2540 statue-

1007 2619 1128 2681 re,
1168 2593 1434 2686 placere
1461 2612 1838 2684 personam
1868 2595 2158 2676 propter
2185 2580 2409 2650 filium
2442 2574 2577 2648 Dei
2622 2571 2969 2641 mediato-

1011 2718 1193 2781 rem,
1242 2707 1311 2763 ct
1333 2714 1688 2764 summum
1718 2686 2173 2768 sacerdotem,
2201 2677 2431 2751 Deum
2462 2690 2533 2747 et
2577 2668 2969 2760 hominem,

1008 2796 1138 2892 qui
1184 2817 1315 2887 pro
1358 2805 1432 2863 te
1477 2788 1843 2871 satisfecit,
1919 2797 1987 2855 et
2041 2783 2179 2851 iam
2227 2804 2359 2873 pro
2403 2791 2471 2849 te
2522 2778 2973 2866 deprecatur,

1012 2898 1191 2968 sicut
1237 2893 1480 2986 inquit
1521 2889 1828 2969 Paulus,
1880 2881 2094 2956 Rom.
2126 2881 2232 2953 8.:
2300 2878 2449 2968 Qui
2479 2891 2549 2948 et
2585 2899 2715 2967 pro
2762 2870 2973 2942 nobis

1009 2995 1434 3090 interpellat.
1550 2987 1742 3058 Haec
1783 2987 1953 3056 fides
1999 2997 2101 3054 est
2144 2982 2402 3052 fiducia
2451 2972 2975 3047 misericordiae

955 3114 959 3118 “
1006 3109 1300 3195 propter
1355 3089 1817 3163 mediatorem
1883 3084 2289 3178 promissae.
2406 3077 2514 3151 Ita
2577 3070 2974 3167 Prophetae

1007 3196 1446 3272 mentionem
1487 3186 1764 3261 faciunt
1806 3184 2373 3265 misericordiae,
2435 3178 2667 3251 David
2699 3178 2981 3257 clamat,

975 3343 979 3348 ·
1014 3297 1291 3371 Psalmo
1308 3292 1467 3368 61.:
1495 3289 1842 3362 Miserere
1872 3286 2013 3355 mei
2026 3282 2218 3355 Deus
2245 3281 2630 3353 secuudum
2650 3297 2980 3366 magnam

1018 3395 1570 3472 mummrdiam
1602 3405 1853 3464 tuam.·
1903 3384 2082 3458 Item
2113 3383 2377 3457 Psalm.
2397 3382 2500 3456 6.:
2543 3376 2854 3452 Domine
2888 3398 2979 3445 ne

1018 3502 1101 3573 in
1140 3501 1384 3571 furore
1422 3508 1550 3566 tuo
1599 3512 1851 3583 arguas
1893 3513 2044 3574 me,
2092 3488 2366 3561 salvum
2410 3507 2525 3553 me
2556 3480 2664 3551 fac
2696 3489 2986 3572 propter

1020 3599 1383 3685 iusticiam
1424 3608 1639 3667 tuam.
1738 3586 1836 3662 Et
1862 3586 2048 3661 Dan.
2081 3588 2184 3658 9.:
2266 3584 2433 3657 Non
2461 3595 2753 3677 propter
2782 3577 2985 3649 iusti-

1025 3701 1172 3773 cias
1196 3706 1506 3778 nostras,
1555 3692 1673 3763 sed
1702 3691 1777 3760 in
1809 3689 2293 3761 misericordia
2324 3699 2446 3758 tua
2475 3685 2704 3754 multa
2735 3677 2987 3752 exaudi

1026 3821 1201 3884 nos,
1264 3808 1551 3889 propter
1582 3788 1996 3865 Dominum.
2109 3788 2231 3863 Sic
2267 3788 2552 3881 ‚ubique
2598 3784 2993 3876 loquuntur

1028 3892 1454 3993 Prophetae.
1577 3892 1855 3966 Docent
1916 3893 2134 3983 igitur
2186 3908 2561 3960 conversos
2618 3905 2993 3974 agnoscere

1025 3999 1394 4097 propriam
1419 3994 1940 4077 infirmitatem,
1991 4006 2061 4064 et
2086 3992 2225 4062 fide
2256 3989 2585 4061 accedere
2617 3987 2705 4053 ad
2739 3980 2996 4067 Deum,

1024 4120 1097 4176 ct
1125 4100 1312 4175 hane
1341 4098 1559 4171 fidem
1584 4119 1732 4166 esse
1765 4093 2097 4164 fiduciam
2140 4090 2693 4185 acquiescentem
2741 4084 2819 4153 in
2846 4105 2995 4150 me-

1029 4207 1325 4278 diatore.
1421 4196 1632 4269 Hanc
1670 4197 1883 4267 fidem
1929 4206 2208 4287 oportet
2250 4191 2657 4283 praelucere
2695 4185 2769 4254 in
2799 4181 2998 4253 omni

1027 4303 1478 4380 invocatione
1516 4297 1697 4372 etin
1741 4296 2076 4368 omnibus
2118 4293 2537 4366 actionibus.

2505 617 3503 748 puorosvnoNES.

4873 632 5023 709 418

3259 787 3750 869 Certissim'm'fi
3777 793 3881 868 'est
3907 783 4147 868 D‘et'iin
4175 795 4411 888 ipsum
4439 817 4590 870 esse
4619 798 5016 882 effectorem

3061 899 3250 971 vitae
3303 912 3375 969 et
3421 896 3938 969 iustificationis
3984 909 4057 967 et
4091 897 4700 972 sanctificationis:
4752 906 4875 973 sed
4915 919 5025 976 ta-

3061 1023 3225 1071 men
3268 999 3574 1070 discerni
3601 1022 3881 1070 causam
3912 1011 3986 1069 et
4030 996 4317 1071 effectus
4336 1049 4358 1083 ‚

3061 1100 3214 1186 bis,
3265 1113 3578 1193 oportet,
3627 1101 3809 1171 si'cut
3855 1097 4120 1177 Paulus
4170 1100 4408 1196 inquit
4461 1104 4533 1173 2.
4561 1097 4890 1179 Corinth.
4917 1105 5022 1184 3.:

3061 1201 3687 1274 Transformamur
3726 1223 3768 1270 a
3793 1197 4090 1272 Domini
4111 1202 4396 1294 spiritu.
4497 1204 4700 1276 Deus
4740 1218 4842 1278 est
4871 1206 5026 1277 effi-

3061 1327 3185 1375 cax
3203 1356 3226 1390 ,
3274 1304 3396 1388 ita,
3445 1316 3527 1374 ut
3552 1303 3704 1394 ipse
3728 1302 3939 1372 fidem
3972 1314 4041 1372 et
4069 1300 4286 1373 vitam
4314 1304 4395 1373 in
4427 1305 4638 1377 nobis
4668 1308 5024 1383 accendat.

4409 1002 4535 1095 qui
4565 1002 4749 1073 fiunt
4775 1002 4856 1073 in
4889 1026 5025 1076 no·-

3259 1400 3543 1476 Omitto
3612 1416 3846 1500 autem
3925 1402 4447 1487 cavillationes,
4530 1419 4602 1478 et
4677 1403 5026 1480 adhortor

3061 1528 3640 1600 unumquemque
3661 1558 3683 1590 ,
3732 1517 3815 1575 ut
3856 1504 4215 1576 intueatur
4259 1529 4455 1577 suam
4513 1506 5025 1596 infirmitatem,

3061 1619 3131 1679 et
3157 1607 3438 1697 cogitet,
3486 1608 3680 1678 unde
3712 1605 4292 1684 veraconsolatio
4324 1607 4622 1698 petenda
4648 1607 4757 1681 sit.
4821 1606 5024 1681 Con-

3061 1709 3319 1780 sideret
3364 1707 3576 1778 etiam
3618 1707 3804 1778 dicta
3848 1703 4297 1800 prophetica,
4343 1706 4422 1776 in
4466 1708 4723 1801 quibus
4753 1722 4824 1781 et
4847 1732 5025 1781 con-

3061 1809 3267 1881 fessio
3315 1820 3421 1878 est
3466 1820 3750 1879 nostrae
3780 1807 4254 1893 infirmitatis,
4303 1821 4374 1879 et
4401 1810 4668 1879 mentio
4700 1810 5023 1883 iustitiae

3061 1908 3237 1994 Dei,
3289 1905 3572 1978 Psalmo
3625 1908 3773 1979 18.:
3842 1907 4117 1981 Delicta
4160 1909 4320 2001 quis
4363 1910 4734 1999 intelligit,
4782 1911 4872 1983 ab
4902 1935 5026 1984 oc-

3065 2010 3270 2082 cultis
3312 2008 3489 2079 meis
3529 2009 3798 2079 munda
3843 2030 3978 2077 me.
4077 2006 4362 2081 Psalmo
4395 2009 4551 2084 32:
4615 2008 4819 2083 Beati
4843 2037 5024 2107 quo-

3065 2135 3226 2183 rum
3266 2110 3598 2179 remissae
3641 2121 3810 2180 sunt
3860 2108 4306 2202 iniquitates,
4375 2123 4445 2180 et
4493 2135 4797 2204 quorum
4842 2128 5024 2186 tecta

3069 2225 3234 2285 sunt
3280 2225 3556 2303 peccata
3578 2260 3603 2296 ,
3655 2207 3915 2280 Beatus
3957 2210 4072 2279 cui
4117 2232 4266 2278 non
4309 2209 4611 2301 imputat
4641 2211 4831 2284 Deus
4861 2238 5027 2307 pec-

3069 2326 3325 2387 catum.
3423 2310 3779 2405 Loquitur
3809 2307 4133 2382 Psalmus
4177 2311 4266 2380 de
4308 2313 4664 2381 conversis
4710 2338 4834 2385 seu
4867 2319 5029 2387 san-

3069 2413 3235 2500 ctis,
3284 2424 3356 2484 et
3388 2412 3706 2484 continet
3729 2410 4277 2497 confessionem,
4326 2411 4910 2496 consolationem,
4961 2431 5031 2488 et

3069 2513 3566 2609 precationem.
3676 2510 4044 2584 Confessio
4092 2526 4233 2598 est,
4318 2536 4460 2607 qua
4504 2515 4816 2585 fatentur
4856 2539 5033 2588 con-

3069 2615 3251 2685 versi
3280 2616 3520 2686 adesse
3552 2609 3784 2685 adhuc
3827 2625 4229 2707 peccatum,
4281 2628 4570 2707 propter
4610 2618 4800 2709 quod
4832 2612 5030 2689 Deus

3073 2721 3257 2787 iuste
3302 2729 3535 2808 posset
3577 2709 3940 2785 hominem
3979 2714 4341 2787 damnare.
4426 2713 4594 2791 Ideo
4637 2731 4876 2809 postea
4916 2719 5035 2788 in-

3077 2817 3263 2908 quit:
3329 2814 3534 2899 Dixi,
3604 2815 3992 2887 confitebor
4034 2816 4405 2885 adversum
4450 2842 4565 2887 me
4606 2818 5038 2890 iniusticiam.

3077 2938 3301 2985 meam
3331 2910 3666 2987 Domino.

3077 3030 3148 3088 et
3173 3039 3338 3086 vera
3364 3014 3793 3084 contritione
3819 3016 4023 3085 fateri
4045 3068 4067 3101 ,
4119 3017 4309 3109 quod
4342 3017 4561 3094 simus
4605 3018 4709 3085 rei
4738 3030 4806 3087 et
4839 3017 5042 3108 digni

3081 3141 3342 3211 poena,
3394 3128 3464 3187 et
3503 3137 3653 3186 non
3703 3115 4002 3184 fremere
4047 3117 4386 3186 adversus
4415 3111 4647 3187 Deum
4675 3116 4753 3185 in
4788 3133 5048 3210 poena,

3081 3220 3200 3290 sed
3234 3216 3578 3289 subiicere
3610 3240 3731 3285 cor
3765 3212 3917 3285 Deo
3938 3268 3961 3300 ,
4009 3215 4193 3285 sicut
4238 3218 4428 3307 apud
4465 3213 4835 3288 Danielem
4863 3219 5046 3291 dici-

3026 3351 3027 3358 *
3085 3337 3236 3404 tur,
3284 3316 3566 3392 Daniel.
3598 3316 3705 3388 9.:
3772 3315 3945 3388 Tibi
3975 3314 4284 3388 Domine
4313 3317 4631 3405 iusticia,
4678 3321 4887 3392 nobis
4914 3344 5048 3393 au-

3085 3438 3225 3496 tem
3257 3420 3581 3491 confusio
3610 3418 3835 3492 faciei.
3896 3415 4087 3488 Huic
4115 3419 4542 3490 confessioni
4570 3404 4862 3492 addit¹ur
4884 3446 5049 3515 pre-

3089 3523 3302 3594 catio:
3351 3517 3494 3590 Pro
3529 3515 3663 3589 hac
3685 3519 3918 3591 orabit
3943 3519 4034 3589 ad
4063 3532 4134 3590 te
4162 3519 4399 3590 omnis
4430 3534 4711 3592 sanctus
4756 3523 4836 3592 in
4868 3536 5051 3595 tem-

3089 3647 3258 3717 pore
3290 3635 3667 3715 oportuno.
3765 3615 4113 3713 Expresse
4139 3621 4466 3692 nominat
4497 3615 4688 3693 hunc
4718 3646 5054 3717 praesen-

3093 3740 3231 3800 tem
3274 3734 3633 3809 sanctum,
3680 3735 3764 3794 ut
3810 3722 4175 3806 ostendat,
4225 3745 4298 3793 se
4326 3722 4525 3816 loqui
4553 3727 4644 3795 de
4686 3748 5056 3813 converso,

3050 3883 3052 3885 -
3093 3826 3216 3921 qui
3263 3837 3543 3896 sanctus
3580 3836 3729 3910 est,
3778 3823 3853 3892 id
3883 3836 4026 3908 est,
4076 3822 4549 3894 sanctificatur
4581 3848 4620 3895 a
4650 3823 4805 3898 Deo
4842 3823 5059 3900 inha-

3097 3929 3403 4011 bitante,
3455 3936 3525 3994 et
3574 3936 3812 3996 tamen
3858 3923 4002 3993 iam
4047 3925 4356 3994 sentiens
4400 3925 4739 4019 reliquias
4770 3931 5058 4020 peccati,

3097 4029 3373 4123 quaerit
3434 4024 3924 4097 remissionem
3980 4036 4051 4094 et
4108 4024 4706 4114 iustificationem,
4784 4030 5061 4123 quaerit

3099 4142 3334 4200 autem
3359 4125 3527 4194 fide:
3556 4146 3722 4194 nam
3747 4122 3976 4192 oratio
4006 4123 4159 4193 sine
4188 4125 4324 4194 fide
4352 4140 4457 4197 est
4484 4127 4694 4198 inane
4716 4152 5066 4215 murmur,

3100 4242 3171 4301 et
3191 4228 3364 4296 fides
3393 4226 3544 4316 ipsa
3572 4236 3676 4293 est
3705 4222 3960 4294 fiducia
4002 4223 4564 4308 misericordiae,
4614 4229 5062 4321 acquiescens

3104 4331 3181 4399 in
3222 4326 3610 4397 mediatore
3653 4337 3934 4396 ostenso
3980 4324 4057 4394 in
4094 4327 4703 4418 promissionibus.
4805 4327 4912 4399 Ita
4942 4325 5065 4400 hic

3750 2914 3946 2985 Haec
3974 2915 4318 2986 confessio
4351 2928 4455 2986 est
4482 2919 4559 2984 in
4590 2940 4757 2987 vero
4789 2918 5036 2990 dolore

1229 4455 1440 4527 Hane
1468 4448 2024 4526 consolationem
2057 4445 2385 4517 traditam
2415 4463 2563 4513 esse
2592 4430 3004 4528 inProphe-
3104 4441 3386 4504 sanctus
3428 4426 3605 4519 petit
3645 4425 4173 4509 remissionem,
4238 4440 4307 4497 et
4346 4428 4482 4497 fide
4529 4428 4774 4499 statuit
4802 4452 4875 4500 se
4910 4429 5066 4521 pla-

1031 4560 1128 4632 tis
1170 4570 1243 4628 et
1267 4553 1627 4647 Apostolis
1654 4550 2111 4623 manifestum
2141 4561 2260 4618 est.
2342 4540 2437 4616 Et
2470 4564 2629 4612 cum
2660 4533 2795 4608 hac
2830 4559 3004 4606 con-
3107 4555 3260 4604 cere
3293 4526 3450 4601 Deo
3497 4542 3787 4621 propter
3823 4527 4318 4613 mediatorem,
4394 4552 4799 4622 quanquam
4841 4532 5072 4604 cernit

1041 4655 1388 4731 solatione
1419 4657 1631 4726 corda
1662 4653 2073 4744 eriguntur,
2122 4645 2332 4717 simul
2362 4645 2442 4715 fit
2470 4638 2850 4712 vivificatio
2880 4660 3008 4729 per
3109 4630 3550 4705 tristissimos
3594 4632 3831 4720 lapsus
3878 4628 4326 4721 praeteritos,
4375 4642 4445 4701 et
4486 4644 4923 4721 praesentem
4955 4633 5072 4703 in·-

1039 4761 1308 4851 filium,
1360 4754 1553 4830 iuxta
1581 4756 1800 4839 illud,
1851 4750 2119 4823 Habac.
2149 4750 2253 4821 2.:
2309 4744 2543 4816 lustus
2571 4744 2710 4813 fide
2737 4762 2864 4811 sua
2894 4738 3008 4807 vi-

1045 4876 1185 4936 vet.
1273 4856 1484 4930 Hanc
1509 4857 1905 4929 doctrinam
1934 4851 2058 4946 qui
2089 4843 2621 4941 reprehendunt
2645 4856 2715 4914 et
2736 4841 3012 4925 dicunt,

1050 4960 1262 5028 fidem
1294 4984 1443 5030 non
1479 4957 1874 5050 significare
1903 4951 2236 5023 fiduciam
2270 4945 2814 5018 misericordiae.
2867 4940 3012 5011 Po·-

1047 5074 1200 5134 stea
1249 5058 1494 5129 dieunt
1533 5055 1860 5130 homines
1901 5055 2124 5125 iustos
2175 5074 2321 5121 esse
2347 5045 2500 5119 Deo
2545 5042 3014 5123 inhabitante,

1046 5161 1176 5258 qui
1201 5158 1415 5244 facit,
1463 5163 1546 5231 ut
1572 5159 1755 5233 iusta
1790 5157 2079 5228 faciant.
2181 5151 2280 5221 Hi
2324 5173 2538 5244 quam
2587 5142 3016 5218 consolatio-

1048 5286 1217 5335 nem
1287 5260 1652 5333 conversis
1710 5255 2168 5353 proponunt?
2251 5266 2379 5349 aut·
2443 5274 2586 5345 quo
2657 5245 3016 5341 pertinent

1051 5362 1294 5437 omnia
1344 5361 1471 5434 illa
1512 5359 1706 5434 di'cta
1744 5361 1832 5430 de
1870 5355 2394 5434 misericordia,
2475 5352 2554 5423 in
2598 5346 2903 5420 Psalmis
2951 5357 3020 5415 et

1052 5466 1252 5553 alibi,
1298 5465 1358 5536 si
1390 5465 1567 5536 fides
1593 5485 1744 5535 non
1771 5460 2113 5552 significat
2141 5456 2470 5528 fiduciam
2497 5447 3024 5523 misericordiae

1054 5567 1609 5662 acquiescentem
1640 5565 1719 5635 in
1767 5563 2172 5636 mediatore.
2273 5556 2418 5628 Nec
2442 5567 2816 5649 propterea
2845 5547 3024 5620 dici-

1055 5691 1255 5755 mus,
1302 5691 1436 5739 nos
1468 5692 1600 5761 per
1628 5680 1989 5739 creaturas
2010 5715 2031 5746 ,
2085 5681 2210 5752 per
2241 5658 2451 5728 fidem
2480 5671 2606 5731 aut
2643 5655 2818 5728 alias
2850 5672 3028 5744 qua-

1053 5771 1288 5846 litates
1318 5770 1552 5841 salvos
1595 5769 1777 5843 aeri.

1172 5872 1842 5974 linurin-Orza&
1897 5866 2067 5937 von.
2090 5858 2255 5933 XII.

3108 4734 3539 4818 firmitatem,
3568 4732 3729 4803 ideo
3754 4730 4024 4823 inquit:
4066 4726 4258 4811 Dixi,
4290 4731 4676 4802 confitebor
4696 4734 5073 4805 adversum

3113 4861 3226 4906 me
3259 4834 3690 4907 iniusticiam
3722 4856 3953 4903 meam
3981 4830 4336 4918 Domino,
4382 4845 4453 4904 et
4495 4846 4574 4903 tu
4604 4834 4902 4906 remittis
4934 4836 5076 4905 im'·

3113 4938 3444 5028 pietatem
3483 4934 3747 5027 peccati
3790 4933 3955 5007 mei.
4058 4927 4167 5004 Ac
4226 4933 4435 5006 initio
4477 4931 4742 5003 Psalmi
4802 4957 5079 5008 summa

3113 5035 3332 5109 huius
3379 5032 3887 5106 consolationis
3930 5034 4302 5117 recitatur,
4367 5057 4545 5124 quae
4589 5049 4691 5106 est
4728 5038 5077 5126 generalis

3118 5137 3480 5220 doctrina,
3534 5147 3605 5204 et
3637 5132 4011 5224 promissio
4039 5134 4129 5202 ad
4159 5155 4405 5203 omnes
4450 5135 4810 5209 credentes
4856 5140 5077 5231 perti-

3072 5288 3073 5296 1
3118 5260 3331 5309 nens:
3376 5234 3578 5308 Beati
3610 5257 3915 5329 quorum
3947 5233 4277 5314 remissae
4303 5249 4470 5307 sunt
4502 5235 4951 5333 iniquitates,
4999 5239 5080 5308 id

3121 5352 3264 5428 est,
3309 5360 3554 5410 omnes
3600 5336 3778 5408 tales
3825 5349 4027 5423 sunt,
4071 5348 4154 5408 ut
4201 5359 4351 5407 non
4385 5337 4530 5409 sint
4570 5340 4796 5426 beati,
4847 5340 4923 5410 id
4953 5350 5087 5419 est,

3123 5442 3332 5528 iusti,
3381 5453 3450 5511 et
3482 5438 3742 5531 accepti
3773 5433 3931 5508 Deo
3959 5441 4046 5508 ad
4077 5437 4297 5508 vitam
4328 5453 4710 5525 aeternam,
4761 5440 4901 5509 nisi
4925 5438 5076 5508 Deo

3124 5543 3523 5615 remittente
3578 5551 3942 5634 peccatum
3963 5594 3985 5625 ,
4035 5538 4402 5626 videlicet,
4464 5554 4898 5632 praesentem
4943 5540 5084 5607 im-

3124 5643 3571 5719 munditiem.
3687 5637 3790 5714 Et‘
3840 5654 3919 5712 ut
3965 5640 4338 5733 promissio
4384 5641 4808 5722 declaretur,
4879 5640 5100 5725 addit„

3128 5747 3344 5819 verba
3391 5742 3675 5836 tegendi
3719 5755 3792 5815 et
3832 5764 4010 5916 nozn⁷
4034 5738 4472 5836 imputandi,
4522 5737 4919 5829 significans
4956 5743 5088 5818 ad..
