6025 6775
1014 716 1166 791 309

1009 889 1342 972 fortuna,
1393 887 1582 958 etde
1611 885 1699 957 iis
1731 882 2278 970 mutationibus,
2330 908 2513 981 quae
2558 886 2636 956 in
2683 884 2983 979 imperio

1003 1006 1076 1063 et
1124 1011 1307 1083 quae
1351 987 1429 1057 in
1478 984 1788 1059 Ecclesia
1843 985 2273 1056 acciderunt.
2375 983 2722 1059 Existimo
2766 988 2978 1060 etiam

1003 1114 1224 1161 sanos
1275 1083 1595 1160 homines
1637 1083 1811 1159 haec
1862 1089 2122 1159 debere
2172 1090 2567 1174 recordari,
2614 1102 2698 1160 ut
2744 1087 2980 1160 consi-

1003 1195 1261 1263 derent
1308 1214 1424 1272 ea,
1488 1213 1668 1286 quae
1705 1188 2055 1261 divinitus
2100 1189 2282 1260 fiunt
2307 1190 2388 1259 in
2431 1189 2752 1285 imperiis
2777 1204 2848 1262 et
2899 1190 2976 1259 in

1003 1290 1339 1365 Ecclesia.

1204 1407 1385 1498 Quis
1440 1408 1581 1482 suit
1623 1432 1869 1499 regum
1933 1408 2180 1480 multis
2243 1410 2536 1496 seculis,
2614 1411 2703 1481 ad
2760 1433 2972 1505 quem
3030 1486 3031 1490 ,

994 1510 1552 1603 opprimendum
1598 1511 1808 1582 toties
1849 1505 2182 1602 Europae
2225 1511 2545 1602 potentia
2593 1513 2972 1584 coniuncta

990 1614 1131 1685 sit?
1182 1609 1269 1682 In
1301 1610 1517 1684 tantis
1560 1612 1914 1696 motibus,
1965 1626 2201 1684 tamen
2234 1608 2427 1684 Deus
2470 1608 2662 1685 hunc
2689 1613 2973 1685 Princi-

991 1739 1154 1809 pem
1185 1712 1615 1784 mirabiliter
1642 1714 1839 1788 texit.
1941 1712 2095 1787 Rex
2128 1715 2454 1786 Gallicus
2487 1740 2648 1787 cum
2679 1711 2973 1787 haberet

991 1838 1326 1906 magnum
1371 1814 1754 1886 exercitum
1809 1818 1903 1886 ad
1933 1814 2307 1902 Ticinum,
2361 1840 2401 1887 a
2450 1817 2691 1910 parvis
2741 1817 2964 1910 copiis

997 1942 1148 1988 non
1181 1918 1410 1987 solum
1446 1930 1816 2008 superatus
1847 1930 1972 2003 est,
2001 1919 2122 1987 sed
2160 1918 2373 1989 etiam
2407 1934 2671 2011 captus.
2741 1917 2970 1990 Dein-

992 2022 1084 2089 de
1113 2041 1276 2090 cum
1310 2019 1483 2089 urbs
1511 2016 1845 2111 Neapolis
1877 2043 1994 2090 sex
2024 2020 2388 2091 mensibus
2430 2020 2967 2092 circumsidere-

993 2135 1155 2206 tur,
1206 2141 1453 2191 rursus
1496 2121 1713 2192 fracta
1760 2144 1907 2192 esse
1952 2118 2195 2192 Caroli
2240 2122 2558 2213 potentia
2607 2123 2964 2192 existima-

991 2223 1222 2293 batur.
1328 2215 1696 2293 Exercitus
1733 2221 2057 2294 Gallicus
2098 2223 2201 2293 ibi
2247 2224 2365 2293 lue
2413 2224 2649 2316 periit.
2770 2220 2964 2291 Haec

989 2337 1061 2394 et
1091 2323 1229 2394 alia
1265 2322 1489 2394 multa
1537 2328 2025 2410 recordantes,
2078 2325 2544 2415 praesentiam
2574 2321 2709 2394 Dei
2744 2323 2823 2391 in
2852 2323 2964 2392 vi—

998 2426 1222 2497 ctoris
1256 2424 1671 2497 defensione
1706 2427 2084 2498 cernimus.

1197 2537 1446 2630 Qualis
1494 2567 1663 2615 vero
1711 2545 1790 2613 in
1833 2539 1944 2612 his
1995 2540 2485 2629 congressibus
2527 2542 2664 2616 fuit
2689 2544 2963 2617 victor?

987 2638 1137 2713 Res
1163 2643 1470 2715 ostendit
1516 2659 1720 2736 capto
1770 2666 1931 2733 rege
1970 2638 2286 2729 Gallico,
2338 2656 2408 2715 et
2450 2645 2708 2719 deinde
2752 2661 2959 2740 capto

987 2740 1328 2815 Pontifice
1364 2740 1551 2814 nihil
1581 2744 1964 2830 crudeliter
2005 2768 2164 2815 eum
2206 2745 2470 2822 fecisse.
2572 2744 2766 2822 Haec
2807 2750 2960 2819 eius

985 2847 1376 2917 moderatio
1418 2846 1630 2914 laude
1662 2846 1877 2935 digua
1907 2860 2032 2920 est.

1141 2962 1304 3035 Scio
1336 2962 1490 3032 fore
1525 2962 1648 3056 qui
1680 2959 1857 3035 mihi
1883 2981 1963 3038 ut
1994 2967 2334 3058 probrum
2366 2964 2732 3048 obiicient,
2763 2963 2959 3056 quod

987 3065 1065 3133 in
1112 3058 1247 3131 hac
1292 3067 1961 3137 commemoratione
2006 3092 2154 3136 non
2219 3068 2547 3159 vitupero
2594 3064 2957 3137 Carolum.
3000 3116 3001 3124 κ

988 3161 1145 3249 Ego
1181 3183 1349 3229 vero
1382 3186 1519 3255 qua
1553 3165 1787 3237 fronte
1818 3190 2105 3255 possum
2134 3183 2427 3237 eventus
2459 3167 2802 3237 divinitus
2830 3189 2960 3256 gu-

987 3260 1324 3330 bernatos
1363 3263 1807 3355 vituperare?
1860 3263 1956 3335 Et
1999 3290 2181 3359 quae
2224 3269 2584 3336 moderate
2616 3268 2707 3336 ab
2743 3289 2826 3336 eo
2851 3266 2960 3335 fa-

989 3373 1097 3430 cta
1144 3375 1350 3447 sunt,
1399 3388 1630 3458 neque
1670 3365 2010 3438 occultari
2054 3380 2389 3459 possunt,
2440 3366 2958 3459 neque'taxari,

987 3461 1130 3531 nisi
1175 3463 1375 3554 quies
1413 3467 1847 3538 calumniose
1896 3492 1976 3539 ea
2020 3472 2405 3562 depravare
2452 3469 2645 3540 velit.
2747 3465 2957 3539 Grati

985 3586 1157 3634 vero
1194 3566 1424 3638 Deum
1469 3568 1939 3654 celebremus,
1988 3574 2182 3663 quod
2229 3570 2400 3641 texit
2444 3566 2637 3641 hunc
2678 3568 2959 3640 Princi-

985 3687 1194 3754 pem,
1261 3680 1330 3736 et
1374 3667 1472 3738 ita
1521 3670 1822 3739 armavit
1880 3672 2258 3740 autoritate
2316 3683 2384 3740 et
2440 3671 2811 3755 felicitate,
2878 3685 2957 3742 ut

990 3763 1377 3837 Germania
1428 3770 1560 3838 sub
1609 3769 1763 3860 ipso
1812 3771 2263 3841 mediocriter
2302 3772 2688 3865 tranquilla
2721 3771 2954 3846 suerit.

989 3864 1228 3956 Quam
1255 3870 1343 3938 ad
1377 3893 1528 3940 rem
1557 3868 1767 3940 initio
1796 3872 2007 3941 etiam
2039 3873 2192 3943 eius
2223 3873 2616 3943 moderatio
2666 3874 2956 3965 profuit,

984 3991 1145 4039 cum
1196 3971 1421 4042 nollet
1478 3973 1879 4064 pontificiae
1923 3974 2325 4044 crudelitati
2378 3997 2651 4043 morem
2696 3997 2954 4064 gerere,

984 4072 1108 4141 sed
1139 4071 1488 4162 flagitaret
1510 4065 1986 4163 cognitionem
2015 4076 2679 4164 controversiarum,
2709 4089 2778 4147 et
2804 4078 2954 4145 vel-

984 4172 1084 4243 let
1120 4197 1196 4243 re
1224 4175 1613 4246 deliberata
1643 4171 2002 4247 Ecclesiae
2051 4177 2263 4249 saluti
2307 4177 2604 4246 consuli.
2706 4172 2823 4246 Ab
2874 4200 2953 4247 ea

980 4276 1468 4347 moderatione
1509 4280 1699 4371 quod
1731 4293 1968 4369 postea
2001 4279 2336 4362 discessit,
2384 4292 2452 4349 et
2483 4278 2751 4350 bellum
2769 4274 2957 4347 Ger-

873 4376 893 4386 ”
985 4378 1342 4449 manicum
1398 4380 1662 4464 movit,
1724 4381 2171 4470 deploremus
2229 4379 2694 4450 calamitatem
2741 4374 2958 4450 huius

988 4477 1283 4549 ultimae
1314 4493 1383 4551 et
1416 4481 1682 4551 delirae
1716 4494 2035 4552 senectae
2067 4481 2344 4567 mundi,
2394 4495 2465 4552 et
2497 4503 2958 4570 agnoscamus

989 4577 1066 4647 in
1115 4581 1450 4651 omnibus
1483 4583 1800 4674 partibus
1841 4584 2146 4653 multum
2177 4605 2323 4652 esse
2353 4583 2732 4663 scelerum,
2786 4607 2953 4674 pro-

987 4694 1146 4772 pter
1177 4705 1357 4775 quae
1383 4707 1650 4775 poenae
1685 4698 1755 4755 et
1787 4701 2138 4756 venerunt
2163 4698 2232 4755 et
2261 4685 2566 4755 venient.
2667 4679 2766 4755 Et
2795 4708 2955 4754 ore-

991 4803 1150 4849 mus
1189 4783 1415 4856 filium
1463 4783 1634 4871 Dei,
1699 4800 1779 4857 ut
1820 4786 2074 4857 iustam
2128 4787 2313 4881 iram
2353 4785 2611 4867 leniat,
2678 4799 2751 4856 et
2791 4809 2956 4857 suae

999 4881 1276 4954 veritati
1321 4910 1525 4976 opem
1571 4887 1785 4973 ferat,
1826 4903 1895 4958 et
1945 4889 2281 4982 reliquias
2326 4888 2436 4957 sui
2478 4886 2781 4977 agminis
2809 4911 2958 4957 ser-

996 4993 1140 5051 vet.

991 5082 1307 5155 violenta
1338 5085 1474 5155 sibi
1506 5091 1897 5191 non-fuisse
1941 5091 2196 5165 felicia.

1199 5201 1342 5276 Sed
1378 5198 1529 5273 non
1551 5206 1841 5279 instituo
1865 5211 2262 5281 orationem
2315 5213 2404 5281 de
2443 5209 2778 5280 omnibus
2809 5206 2961 5279 eius

989 5305 1215 5380 factis.
1267 5303 1378 5376 De
1410 5329 1783 5397 congressu
1810 5307 2250 5382 Bononiensi
2283 5313 2542 5396 dicam,
2574 5311 2698 5404 qui
2726 5323 2962 5380 osten-

990 5406 1099 5478 dit
1132 5430 1296 5478 eum
1336 5408 1551 5479 initio
1587 5434 1628 5480 a
1663 5409 1991 5482 violentis
2039 5415 2354 5485 consiliis
2383 5409 2861 5484 abhorruisse.

1193 5541 1384 5616 Vera
1418 5559 1584 5615 sunt
1616 5541 1830 5615 baec:
1880 5540 2060 5614 Cum
2104 5548 2182 5617 in
2211 5547 2492 5620 Italiam
2535 5571 2724 5618 anno
2753 5546 2963 5618 trice-

995 5645 1176 5712 simo
1205 5649 1648 5736 profecturus
1680 5642 2199 5728 essetCarolus,
2251 5651 2798 5722 deliberationes
2827 5648 2961 5718 sibi

998 5745 1216 5815 scribi
1259 5748 1464 5820 iussit
1509 5752 1598 5820 de
1630 5747 2128 5820 controversiis
2159 5745 2533 5827 Ecclesiae.

1981 708 2298 787 DECL.
2365 708 2516 788 DE
2573 704 3313 796 CONGRESSU
3357 705 4113 787 BONONIENSI.

3029 921 3032 926 Α
3084 877 3379 960 ctrinae,
3430 895 3553 952 aut
3584 881 3853 953 rituum
3886 885 4306 966 faciendam,
4355 897 4478 955 aut
4509 886 5054 977 permittendam

1244 4980 1401 5076 lpse
1428 4984 1721 5058 Carolus
1756 4990 1965 5060 etiam
2010 5004 2334 5080 expertus
2364 5003 2467 5061 est
2507 4990 2631 5059 illa
2662 4989 2958 5060 consilia
3000 5007 3001 5024 ¹

2633 5748 2964 5845 Respon-

4918 721 5072 794 310

3080 1004 3268 1066 esse,
3315 1004 3445 1050 nec
3478 983 3698 1052 ullam
3729 982 4098 1078 Synodum
4128 990 4653 1058 convocandam
4696 1011 4884 1073 esse,
4929 994 5045 1059 sed

3078 1095 3361 1152 tantum
3398 1082 3612 1154 armis
3653 1085 3994 1157 delendos
4048 1111 4198 1158 esse
4253 1111 4540 1174 omnes,
4598 1103 4667 1160 et
4726 1091 5050 1162 doctores

3078 1195 3149 1253 et
3176 1181 3565 1276 Principes,
3619 1187 3746 1279 qui
3774 1185 4193 1259 labefactare
4226 1203 4663 1280 praesentem
4693 1193 5048 1285 tranquil-

3077 1284 3349 1356 litatem
3393 1288 3773 1385 auderent,
3825 1289 3992 1381 quia
4041 1292 4203 1380 plus
4244 1291 4415 1361 mali
4457 1292 4551 1362 sit
4595 1291 4671 1361 in
4722 1294 5043 1384 exemplo

3075 1386 3383 1457 admissa
3413 1388 3842 1474 mutatione,
3892 1415 4103 1483 quam
4136 1392 4216 1462 in
4246 1394 4518 1478 morbo,
4567 1394 4767 1464 cuius
4801 1418 5041 1465 emen-

3075 1487 3268 1558 datio
3302 1488 3735 1560 instituatur.
3838 1492 4071 1562 Semel
4105 1492 4295 1562 enim
4326 1507 4589 1567 tentata
4616 1496 5038 1582 mutatione,

3074 1589 3349 1659 curiosa
3390 1591 3676 1681 ingenia
3725 1592 4018 1664 invitari
4074 1596 4165 1663 ad
4223 1595 4523 1665 maiores
4584 1596 5032 1670 mutationes.

3070 1685 3219 1758 Alii
3262 1691 3584 1763 mitiores
3618 1696 4174 1786 responderunt,
4224 1690 4614 1766 Ecclesiam
4660 1694 4833 1767 haec
4860 1692 5033 1768 hor-

3069 1791 3227 1860 rida
3277 1804 3349 1861 et
3386 1791 3738 1864 Laconica
3782 1796 4075 1866 consilia
4118 1821 4270 1867 non
4315 1798 4581 1866 decere.
4691 1796 5035 1885 Primum,

3069 1891 3237 1985 quia
3269 1892 3453 1962 alins
3480 1895 3640 1964 finis
3669 1896 3760 1968 sit
3787 1896 4180 1968 Laconicae
4225 1898 4756 1989 gubernationis
4776 1955 4796 1982 ,
4848 1901 5032 1971 alius

3068 1990 3455 2065 Ecclesiae:
3508 1995 3586 2065 in
3611 1994 3964 2068 Laconica
4018 2012 4295 2070 tantum
4341 2001 4586 2093 quaeri
4639 2000 4828 2090 pacis
4855 2024 5029 2071 con-

3066 2094 3574 2182 servationem,
3649 2096 3726 2166 in
3763 2094 4078 2170 Ecclesia
4122 2100 4648 2171 anteferendam
4683 2124 4829 2171 esse
4873 2103 5029 2191 glo-

3067 2195 3247 2265 riam
3292 2196 3445 2270 Dei.
3543 2195 3729 2269 Cum
3772 2214 4007 2271 autem
4069 2202 4519 2272 manifestum
4568 2204 4698 2284 sit,
4764 2204 5023 2275 multas

3064 2299 3275 2368 falsas
3319 2297 3696 2389 opiniones
3743 2325 4025 2388 errore,
4096 2303 4629 2395 superstitione,
4701 2304 5022 2390 avaritia,

3018 2488 3020 2495 Α
3064 2399 3141 2468 in
3156 2395 3545 2471 Ecclesiam
3577 2402 3892 2476 invectos
3923 2427 4093 2487 esse,
4125 2404 4586 2475 necessariam
4607 2428 4754 2475 esse
4781 2429 5028 2476 emen-

3063 2501 3422 2572 dationem
3468 2516 3756 2596 propter
3803 2505 4100 2596 gloriam
4146 2505 4308 2580 Dei.
4406 2502 4682 2577 Deinde
4727 2531 4820 2575 ne
4865 2509 5027 2601 qui-

3062 2605 3223 2673 dem
3251 2604 3406 2674 fore
3436 2628 3715 2694 pacem,
3764 2608 3931 2701 quia
3961 2631 4236 2702 semper
4265 2608 4489 2680 futuri
4516 2608 4694 2694 sint,
4734 2607 4859 2701 qui
4890 2609 5028 2678 ali-

3062 2728 3199 2798 qua
3244 2701 3805 2796 reprehendent,
3882 2710 4098 2805 idque
4156 2712 4659 2782 tumultuosius
4716 2712 5026 2781 facturos

3060 2827 3209 2873 esse
3238 2808 3537 2891 multos,
3588 2811 3756 2901 quia
3804 2811 3956 2881 sine
3993 2813 4276 2902 publica
4328 2814 4704 2885 autoritate
4757 2825 4826 2882 et
4870 2810 5023 2882 sine

3060 2926 3405 2974 consensu
3434 2909 3984 2994 gubernatorum
4015 2913 4089 2981 id
4119 2929 4437 3003 agerent:
4488 2937 4634 2984 esse
4678 2926 4746 2983 et
4793 2916 5024 2981 mani-

3062 3006 3240 3075 festa
3286 3003 3671 3075 libidinum
3715 3011 3976 3080 scelera
4037 3012 4115 3086 in
4174 3014 4565 3096 coelibatu,
4628 3036 4808 3106 quae
4860 3013 5023 3081 tolli

3058 3105 3253 3179 Deus
3283 3108 3731 3199 praeceperit,
3778 3123 4123 3203 quantum
4162 3114 4330 3182 ferri
4362 3135 4401 3180 a
4430 3111 5024 3202 gubernatoribus

3059 3210 3303 3301 possit.
3402 3209 3807 3292 Postremo,
3860 3207 4247 3282 Ecclesiam
4297 3235 4445 3282 non
4494 3214 4748 3283 debere
4775 3226 5020 3305 tyran-

3058 3311 3292 3378 nicam
3341 3332 3524 3394 esse,
3575 3313 3695 3382 sed
3735 3326 4021 3405 propter
4062 3314 4463 3407 probabiles
4503 3335 4743 3385 causas
4794 3313 5016 3385 lenire

3059 3411 3320 3483 iniusta
3383 3437 3628 3485 onera.
3747 3410 4049 3485 Athenis
4107 3414 4332 3487 Solon
4401 3431 4718 3489 veterum
4781 3417 5014 3506 legum

3057 3513 3501 3605 asperitatem
3588 3516 3973 3606 mitigavit,
4054 3531 4122 3588 et
4197 3511 4679 3610 σεισάχθειαν
4767 3518 5017 3589 effecit.

3011 3636 3012 3639 ’
3056 3614 3281 3706 Saepe
3304 3629 3371 3686 et
3390 3615 3465 3684 in
3486 3618 3661 3686 urbe
3683 3616 3945 3703 Roma,
3977 3620 4140 3689 etin
4162 3619 4459 3711 imperio
4476 3620 4832 3707 mitigatae
4850 3635 5018 3691 sunt

3009 3740 3011 3749 ’
3057 3740 3402 3787 nexorum
3449 3718 3901 3797 calamitates.

4023 3718 4310 3810 Quanto
4359 3721 4581 3811 magis
4622 3716 5009 3791 Ecclesiam

3054 3822 3251 3890 decet
3294 3818 3585 3906 lenitas,
3639 3821 3754 3890 cui
3797 3822 4005 3894 toties
4053 3837 4497 3915 praeceptum
4547 3836 4686 3908 est,
4737 3835 4818 3891 ut
4849 3846 5013 3913 par-

3054 3933 3166 3991 cat
3194 3920 3523 3993 infirmis.
3625 3918 3955 4016 Denique
3984 3947 4147 3994 cum
4179 3938 4285 3996 tot
4312 3923 4681 4016 Principes
4710 3926 4800 3993 ad
4818 3921 5009 4018 Syn-

3053 4024 3272 4093 odum
3320 4036 3745 4114 provocent,
3797 4038 3864 4095 et
3907 4024 4235 4118 quidem,
4284 4049 4445 4097 cum
4493 4027 4758 4119 ubique
4793 4039 5017 4097 terra-

3055 4147 3215 4193 rum
3247 4124 3421 4192 boni
3458 4138 3528 4194 et
3556 4124 3746 4195 docti
3777 4126 4078 4195 assiduis
4111 4127 4488 4216 gemitibus
4514 4141 4754 4218 petant
4779 4125 5015 4220 Syno-

3056 4227 3264 4308 dum,
3309 4224 3539 4316 qualis
3589 4227 3911 4317 tyrannis
3957 4242 4172 4313 esset,
4220 4229 4375 4298 sine
4421 4228 4567 4298 ulla
4612 4227 5016 4317 cognitione

3054 4325 3375 4395 sevitiam
3404 4326 3772 4396 exercere?
3823 4322 4181 4400 Adiuncta
4210 4342 4385 4401 sunt
4428 4344 4497 4399 et
4539 4327 4853 4417 exempla
4882 4327 5015 4396 bo-

3054 4450 3312 4496 norum
3361 4424 3818 4519 Principum,
3885 4428 4010 4521 qui
4042 4427 4371 4524 Synodos
4419 4431 4630 4500 utiles
4660 4424 5014 4499 Ecclesiae

3055 4543 3576 4610 convocarunt,
3641 4526 4135 4618 Constantini,
4200 4528 4632 4610 Theodosii,
4701 4525 5015 4612 Arcadii,

3054 4628 3425 4702 Martiani.

3257 4730 3473 4803 Lecto
3503 4746 3806 4824 utroque
3834 4734 4134 4804 consilio
4161 4788 4183 4820 ,
4233 4731 4630 4824 Imperator
4663 4747 4731 4804 et
4762 4745 5013 4804 natura

3055 4834 3273 4919 mitis,
3322 4848 3390 4905 et
3419 4833 3693 4904 alienus
3719 4859 3757 4902 a
3807 4837 4207 4930 tyrannide,
4258 4849 4328 4907 et
4359 4860 4505 4911 non
4537 4837 4897 4926 profanus,
4939 4857 5016 4903 re

3055 4937 3185 5006 diu
3224 4936 3523 5026 cogitata
3566 4948 3633 5005 et
3674 4935 4024 5028 disputata
4068 4962 4227 5010 cum
4257 4937 4790 5029 sapientissimis
4822 4936 5019 5025 viris,

3060 5040 3343 5108 tandem
3397 5035 3727 5127 praetulit
3771 5039 4185 5110 sententiam
4236 5041 4489 5108 iustam
4536 5053 4605 5108 et
4637 5038 5019 5122 mitiorem,

3059 5152 3131 5209 et
3162 5137 3575 5222 affirmavit,
3622 5159 3693 5205 se
3724 5137 3801 5206 in
3828 5162 3909 5208 ea
3938 5164 4477 5232 permansurum
4509 5162 4678 5211 esse.

3261 5235 3442 5309 Cum
3488 5239 3703 5328 igitur
3736 5254 4024 5312 ventum
4068 5255 4171 5313 est
4205 5240 4647 5329 Bononiam,
4698 5240 5016 5310 instituta

3061 5340 3571 5412 deliberatione
3599 5343 3688 5410 de
3718 5365 3885 5433 pace
3911 5338 4267 5414 Ecclesiae
4287 5398 4309 5428 ,
4356 5367 4516 5415 cum
4547 5342 5023 5415 consedissent
5137 5411 5141 5414 ,

3059 5441 3358 5515 Carolus
3397 5456 3466 5513 et
3491 5440 3851 5523 Pontifex,
3900 5459 3968 5516 et
4013 5441 4183 5517 hinc
4232 5446 4542 5517 seniores
4591 5441 5025 5522 Cardinales,

3063 5543 3454 5629 Genutius,
3506 5542 3920 5632 Parnesius,
3969 5561 4038 5618 et
4084 5549 4246 5630 alii,
4294 5549 4463 5617 inde
4489 5545 4851 5634 Principes
4887 5538 5024 5609 Hi-

3062 5646 3367 5740 spanici,
3418 5660 3490 5718 et
3531 5644 3760 5716 Italici
3804 5662 4145 5734 astarent,
4197 5646 4651 5719 Mercurinus
4693 5645 4902 5730 longa
4958 5656 5027 5712 et

3061 5749 3470 5840 gravissima
3529 5750 3850 5819 oratione
3906 5752 4340 5822 voluntatem
4387 5745 4624 5816 Caroli
4687 5746 5029 5833 exposuit,

997 5846 1262 5919 derunt
1291 5849 1620 5944 quidam,
1669 5873 1960 5944 prorsus
2007 5851 2281 5924 nullam
2321 5853 2788 5926 mutationem
2830 5854 2966 5925 do-
3064 5867 3134 5925 et
3166 5849 3537 5948 Synodum
3568 5850 3933 5937 flagitavit.
4036 5848 4225 5920 Huic
4243 5844 4609 5930 Clemens,
4660 5845 4790 5940 qui
4823 5864 4892 5921 et
4920 5871 5031 5918 sa·-

3661 5949 3831 6023 ΞΟ*
