<?xml version="1.0" encoding="UTF-8"?>
<!DOCTYPE html PUBLIC "-//W3C//DTD XHTML 1.0 Transitional//EN"
    "http://www.w3.org/TR/xhtml1/DTD/xhtml1-transitional.dtd">
<html xmlns="http://www.w3.org/1999/xhtml" xml:lang="en" lang="en">
 <head>
  <title>
</title>
<meta http-equiv="Content-Type" content="text/html;charset=utf-8" />
  <meta name='ocr-system' content='tesseract 3.04.00' />
  <meta name='ocr-capabilities' content='ocr_page ocr_carea ocr_par ocr_line ocrx_word'/>
</head>
<body>
  <div class='ocr_page' id='page_1' title='image "./philippimelanth12melagoog_0272.png"; bbox 0 0 6025 6775; ppageno 0'>
   <div class='ocr_carea' id='block_1_1' title="bbox 491 680 2522 796">
    <p class='ocr_par' dir='ltr' id='par_1_1' title="bbox 491 680 2522 796">
     <span class='ocr_line' id='line_1_1' title="bbox 491 680 2522 796; baseline 0.001 -24"><span class='ocrx_word' id='word_1_1' title='bbox 491 715 564 790; x_wconf 70' lang='lat'>523</span> <span class='ocrx_word' id='word_1_2' title='bbox 1267 694 1757 776; x_wconf 78' lang='lat' dir='ltr'>nrsruramonss</span> <span class='ocrx_word' id='word_1_3' title='bbox 2116 680 2118 685; x_wconf 83' lang='grc'><strong>’</strong></span> <span class='ocrx_word' id='word_1_4' title='bbox 2444 718 2522 796; x_wconf 76' lang='lat'>524</span> 
     </span>
    </p>
   </div>
   <div class='ocr_carea' id='block_1_2' title="bbox 409 870 2637 5939">
    <p class='ocr_par' dir='ltr' id='par_1_2' title="bbox 409 870 2637 5939">
     <span class='ocr_line' id='line_1_2' title="bbox 492 870 2522 964; baseline -0.004 -5"><span class='ocrx_word' id='word_1_5' title='bbox 492 892 541 960; x_wconf 91' lang='lat' dir='ltr'>tis</span> <span class='ocrx_word' id='word_1_6' title='bbox 556 887 735 956; x_wconf 88' lang='lat' dir='ltr'>donemur</span> <span class='ocrx_word' id='word_1_7' title='bbox 749 874 952 948; x_wconf 81' lang='lat' dir='ltr'>remissione</span> <span class='ocrx_word' id='word_1_8' title='bbox 971 884 1203 962; x_wconf 91' lang='lat' dir='ltr'>peccatorum,</span> <span class='ocrx_word' id='word_1_9' title='bbox 1228 881 1262 940; x_wconf 88' lang='lat' dir='ltr'>ct</span> <span class='ocrx_word' id='word_1_10' title='bbox 1277 882 1483 962; x_wconf 85' lang='lat' dir='ltr'>reputemur</span> <span class='ocrx_word' id='word_1_11' title='bbox 1505 888 1512 946; x_wconf 76' lang='lat'>,¹</span> <span class='ocrx_word' id='word_1_12' title='bbox 1532 870 1797 944; x_wconf 73' lang='lat' dir='ltr'>misericordiae</span> <span class='ocrx_word' id='word_1_13' title='bbox 1820 874 2026 947; x_wconf 78' lang='lat' dir='ltr'>recorderis.</span> <span class='ocrx_word' id='word_1_14' title='bbox 2085 873 2136 952; x_wconf 90' lang='lat' dir='ltr'>Et</span> <span class='ocrx_word' id='word_1_15' title='bbox 2154 876 2273 955; x_wconf 84' lang='lat' dir='ltr'>Oseae</span> <span class='ocrx_word' id='word_1_16' title='bbox 2291 886 2352 961; x_wconf 80' lang='lat'>11.</span> <span class='ocrx_word' id='word_1_17' title='bbox 2373 889 2522 964; x_wconf 64' lang='lat' dir='ltr'>dicitur:</span> 
     </span>
     <span class='ocr_line' id='line_1_3' title="bbox 494 971 2617 1082; baseline 0 -21"><span class='ocrx_word' id='word_1_18' title='bbox 494 990 600 1071; x_wconf 82' lang='lat' dir='ltr'>iusti,</span> <span class='ocrx_word' id='word_1_19' title='bbox 634 985 672 1054; x_wconf 90' lang='lat' dir='ltr'>id</span> <span class='ocrx_word' id='word_1_20' title='bbox 705 993 773 1062; x_wconf 91' lang='lat' dir='ltr'>est,</span> <span class='ocrx_word' id='word_1_21' title='bbox 809 975 939 1065; x_wconf 87' lang='lat' dir='ltr'>accepti</span> <span class='ocrx_word' id='word_1_22' title='bbox 963 971 1037 1043; x_wconf 84' lang='lat' dir='ltr'>Deo</span> <span class='ocrx_word' id='word_1_23' title='bbox 1070 971 1114 1040; x_wconf 91' lang='lat' dir='ltr'>ad</span> <span class='ocrx_word' id='word_1_24' title='bbox 1143 972 1252 1042; x_wconf 88' lang='lat' dir='ltr'>vitam</span> <span class='ocrx_word' id='word_1_25' title='bbox 1282 986 1482 1053; x_wconf 82' lang='lat' dir='ltr'>aeternam,</span> <span class='ocrx_word' id='word_1_26' title='bbox 1531 973 1616 1044; x_wconf 86' lang='lat' dir='ltr'>Non</span> <span class='ocrx_word' id='word_1_27' title='bbox 1639 974 1765 1044; x_wconf 76' lang='lat' dir='ltr'>faciam</span> <span class='ocrx_word' id='word_1_28' title='bbox 1789 974 1948 1046; x_wconf 73' lang='lat' dir='ltr'>surooem</span> <span class='ocrx_word' id='word_1_29' title='bbox 1974 976 2191 1068; x_wconf 88' lang='lat' dir='ltr'>irae&#39;meae,</span> <span class='ocrx_word' id='word_1_30' title='bbox 2231 988 2317 1079; x_wconf 89' lang='lat' dir='ltr'>quia</span> <span class='ocrx_word' id='word_1_31' title='bbox 2337 984 2435 1061; x_wconf 87' lang='lat' dir='ltr'>Deus</span> <span class='ocrx_word' id='word_1_32' title='bbox 2461 1015 2523 1082; x_wconf 87' lang='lat' dir='ltr'>ego</span> <span class='ocrx_word' id='word_1_33' title='bbox 2613 1030 2617 1036; x_wconf 95' lang='lat'>·</span> 
     </span>
     <span class='ocr_line' id='line_1_4' title="bbox 497 1071 1919 1179; baseline -0.011 -17"><span class='ocrx_word' id='word_1_34' title='bbox 497 1116 572 1161; x_wconf 92' lang='lat' dir='ltr'>non</span> <span class='ocrx_word' id='word_1_35' title='bbox 591 1096 735 1179; x_wconf 86' lang='lat' dir='ltr'>propter</span> <span class='ocrx_word' id='word_1_36' title='bbox 750 1091 869 1147; x_wconf 90' lang='lat' dir='ltr'>nostra</span> <span class='ocrx_word' id='word_1_37' title='bbox 885 1073 1020 1142; x_wconf 89' lang='lat' dir='ltr'>merita.</span> <span class='ocrx_word' id='word_1_38' title='bbox 1333 1125 1338 1134; x_wconf 86' lang='lat'>.</span> <span class='ocrx_word' id='word_1_39' title='bbox 1534 1099 1632 1159; x_wconf 92' lang='lat' dir='ltr'>sum,</span> <span class='ocrx_word' id='word_1_40' title='bbox 1658 1086 1692 1144; x_wconf 93' lang='lat' dir='ltr'>et</span> <span class='ocrx_word' id='word_1_41' title='bbox 1707 1098 1782 1143; x_wconf 90' lang='lat' dir='ltr'>non</span> <span class='ocrx_word' id='word_1_42' title='bbox 1799 1071 1919 1147; x_wconf 89' lang='lat' dir='ltr'>homo.</span> 
     </span>
     <span class='ocr_line' id='line_1_5' title="bbox 597 1172 2530 1276; baseline 0.006 -25"><span class='ocrx_word' id='word_1_43' title='bbox 597 1188 658 1255; x_wconf 80' lang='lat' dir='ltr'>at.</span> <span class='ocrx_word' id='word_1_44' title='bbox 692 1182 794 1251; x_wconf 87' lang='lat' dir='ltr'>Hanc</span> <span class='ocrx_word' id='word_1_45' title='bbox 809 1175 1006 1247; x_wconf 89' lang='lat' dir='ltr'>doctrinam</span> <span class='ocrx_word' id='word_1_46' title='bbox 1023 1188 1055 1244; x_wconf 90' lang='lat' dir='ltr'>et</span> <span class='ocrx_word' id='word_1_47' title='bbox 1071 1176 1199 1264; x_wconf 89' lang='lat' dir='ltr'>passim</span> <span class='ocrx_word' id='word_1_48' title='bbox 1218 1177 1304 1245; x_wconf 89' lang='lat' dir='ltr'>alias</span> <span class='ocrx_word' id='word_1_49' title='bbox 1328 1175 1484 1246; x_wconf 83' lang='lat' dir='ltr'>inculcat</span> <span class='ocrx_word' id='word_1_50' title='bbox 1636 1175 1699 1247; x_wconf 77' lang='lat'>28.</span> <span class='ocrx_word' id='word_1_51' title='bbox 1737 1172 1816 1245; x_wconf 88' lang='lat' dir='ltr'>Hae</span> <span class='ocrx_word' id='word_1_52' title='bbox 1837 1176 1954 1247; x_wconf 85' lang='lat' dir='ltr'>tristes</span> <span class='ocrx_word' id='word_1_53' title='bbox 1974 1201 2108 1269; x_wconf 90' lang='lat' dir='ltr'>poenae</span> <span class='ocrx_word' id='word_1_54' title='bbox 2131 1185 2413 1261; x_wconf 78' lang='lat' dir='ltr'>considerandae</span> <span class='ocrx_word' id='word_1_55' title='bbox 2435 1207 2530 1276; x_wconf 90' lang='lat' dir='ltr'>sunt,</span> 
     </span>
     <span class='ocr_line' id='line_1_6' title="bbox 500 1275 2532 1378; baseline -0.001 -14"><span class='ocrx_word' id='word_1_56' title='bbox 500 1291 652 1372; x_wconf 88' lang='lat' dir='ltr'>Paulus,</span> <span class='ocrx_word' id='word_1_57' title='bbox 695 1297 729 1354; x_wconf 87' lang='lat' dir='ltr'>et</span> <span class='ocrx_word' id='word_1_58' title='bbox 753 1282 906 1349; x_wconf 89' lang='lat' dir='ltr'>illustrat</span> <span class='ocrx_word' id='word_1_59' title='bbox 934 1277 1218 1367; x_wconf 90' lang='lat' dir='ltr'>splendidissima</span> <span class='ocrx_word' id='word_1_60' title='bbox 1247 1277 1483 1368; x_wconf 70' lang='lat' dir='ltr'>descriptione</span> <span class='ocrx_word' id='word_1_61' title='bbox 1536 1292 1570 1349; x_wconf 89' lang='lat' dir='ltr'>et</span> <span class='ocrx_word' id='word_1_62' title='bbox 1586 1277 1789 1371; x_wconf 88' lang='lat' dir='ltr'>quaerenda</span> <span class='ocrx_word' id='word_1_63' title='bbox 1804 1300 1886 1347; x_wconf 84' lang='lat' dir='ltr'>vera</span> <span class='ocrx_word' id='word_1_64' title='bbox 1908 1281 2087 1365; x_wconf 89' lang='lat' dir='ltr'>remedia,</span> <span class='ocrx_word' id='word_1_65' title='bbox 2110 1308 2175 1356; x_wconf 88' lang='lat' dir='ltr'>nec</span> <span class='ocrx_word' id='word_1_66' title='bbox 2193 1275 2360 1378; x_wconf 85' lang='lat' dir='ltr'>putemus</span> <span class='ocrx_word' id='word_1_67' title='bbox 2377 1314 2435 1361; x_wconf 89' lang='lat' dir='ltr'>eas</span> <span class='ocrx_word' id='word_1_68' title='bbox 2450 1294 2532 1365; x_wconf 91' lang='lat' dir='ltr'>tolli</span> 
     </span>
     <span class='ocr_line' id='line_1_7' title="bbox 499 1376 2532 1483; baseline 0.003 -23"><span class='ocrx_word' id='word_1_69' title='bbox 499 1394 638 1464; x_wconf 85' lang='lat' dir='ltr'>Coloss.</span> <span class='ocrx_word' id='word_1_70' title='bbox 659 1392 700 1460; x_wconf 77' lang='lat'>2.</span> <span class='ocrx_word' id='word_1_71' title='bbox 716 1386 759 1451; x_wconf 90' lang='lat' dir='ltr'>de</span> <span class='ocrx_word' id='word_1_72' title='bbox 780 1376 923 1451; x_wconf 86' lang='lat' dir='ltr'>Christo</span> <span class='ocrx_word' id='word_1_73' title='bbox 941 1379 1122 1470; x_wconf 82' lang='lat' dir='ltr'>inquiens:</span> <span class='ocrx_word' id='word_1_74' title='bbox 1148 1377 1366 1449; x_wconf 78' lang='lat' dir='ltr'>condonans</span> <span class='ocrx_word' id='word_1_75' title='bbox 1381 1379 1484 1448; x_wconf 91' lang='lat' dir='ltr'>nobis</span> <span class='ocrx_word' id='word_1_76' title='bbox 1537 1377 2053 1471; x_wconf 78' lang='lat' dir='ltr'>spectaculis·satisfactionum,</span> <span class='ocrx_word' id='word_1_77' title='bbox 2072 1385 2132 1454; x_wconf 91' lang='lat' dir='ltr'>sed</span> <span class='ocrx_word' id='word_1_78' title='bbox 2149 1401 2292 1480; x_wconf 91' lang='lat' dir='ltr'>propter</span> <span class='ocrx_word' id='word_1_79' title='bbox 2306 1415 2427 1461; x_wconf 88' lang='lat' dir='ltr'>veram</span> <span class='ocrx_word' id='word_1_80' title='bbox 2445 1419 2532 1483; x_wconf 91' lang='lat' dir='ltr'>poe-</span> 
     </span>
     <span class='ocr_line' id='line_1_8' title="bbox 506 1476 2532 1579; baseline 0.001 -16"><span class='ocrx_word' id='word_1_81' title='bbox 506 1493 624 1563; x_wconf 88' lang='lat' dir='ltr'>omnia</span> <span class='ocrx_word' id='word_1_82' title='bbox 647 1486 793 1566; x_wconf 89' lang='lat' dir='ltr'>delicta,</span> <span class='ocrx_word' id='word_1_83' title='bbox 818 1481 940 1551; x_wconf 90' lang='lat' dir='ltr'>delens</span> <span class='ocrx_word' id='word_1_84' title='bbox 959 1476 1232 1571; x_wconf 82' lang='lat' dir='ltr'>chirographum</span> <span class='ocrx_word' id='word_1_85' title='bbox 1257 1480 1296 1548; x_wconf 92' lang='lat' dir='ltr'>in</span> <span class='ocrx_word' id='word_1_86' title='bbox 1324 1480 1486 1564; x_wconf 82' lang='lat' dir='ltr'>decretis,</span> <span class='ocrx_word' id='word_1_87' title='bbox 1538 1481 1726 1551; x_wconf 88' lang='lat' dir='ltr'>nitentiam</span> <span class='ocrx_word' id='word_1_88' title='bbox 1749 1479 1980 1568; x_wconf 86' lang='lat' dir='ltr'>mitigantur,</span> <span class='ocrx_word' id='word_1_89' title='bbox 2013 1497 2047 1554; x_wconf 90' lang='lat' dir='ltr'>et</span> <span class='ocrx_word' id='word_1_90' title='bbox 2070 1485 2209 1579; x_wconf 88' lang='lat' dir='ltr'>aliquae</span> <span class='ocrx_word' id='word_1_91' title='bbox 2230 1512 2373 1578; x_wconf 89' lang='lat' dir='ltr'>prorsus</span> <span class='ocrx_word' id='word_1_92' title='bbox 2395 1494 2532 1565; x_wconf 92' lang='lat' dir='ltr'>tollun-</span> 
     </span>
     <span class='ocr_line' id='line_1_9' title="bbox 503 1578 2531 1688; baseline 0 -25"><span class='ocrx_word' id='word_1_93' title='bbox 503 1593 596 1688; x_wconf 91' lang='lat' dir='ltr'>quod</span> <span class='ocrx_word' id='word_1_94' title='bbox 629 1600 702 1657; x_wconf 88' lang='lat' dir='ltr'>erat</span> <span class='ocrx_word' id='word_1_95' title='bbox 736 1584 952 1654; x_wconf 90' lang='lat' dir='ltr'>contrarium</span> <span class='ocrx_word' id='word_1_96' title='bbox 985 1582 1108 1665; x_wconf 92' lang='lat' dir='ltr'>nobis,</span> <span class='ocrx_word' id='word_1_97' title='bbox 1147 1582 1242 1674; x_wconf 92' lang='lat' dir='ltr'>quod</span> <span class='ocrx_word' id='word_1_98' title='bbox 1267 1582 1488 1652; x_wconf 89' lang='lat' dir='ltr'>sublatume</span> <span class='ocrx_word' id='word_1_99' title='bbox 1539 1596 1618 1668; x_wconf 88' lang='lat' dir='ltr'>tur,</span> <span class='ocrx_word' id='word_1_100' title='bbox 1643 1594 1684 1652; x_wconf 92' lang='lat' dir='ltr'>ut</span> <span class='ocrx_word' id='word_1_101' title='bbox 1707 1580 1794 1652; x_wconf 91' lang='lat' dir='ltr'>dicit</span> <span class='ocrx_word' id='word_1_102' title='bbox 1808 1578 2007 1673; x_wconf 89' lang='lat' dir='ltr'>Propheta:</span> <span class='ocrx_word' id='word_1_103' title='bbox 2040 1582 2305 1661; x_wconf 87' lang='lat' dir='ltr'>Convertimini</span> <span class='ocrx_word' id='word_1_104' title='bbox 2326 1594 2370 1664; x_wconf 91' lang='lat' dir='ltr'>ad</span> <span class='ocrx_word' id='word_1_105' title='bbox 2393 1618 2469 1678; x_wconf 90' lang='lat' dir='ltr'>me,</span> <span class='ocrx_word' id='word_1_106' title='bbox 2495 1612 2531 1668; x_wconf 91' lang='lat' dir='ltr'>et</span> 
     </span>
     <span class='ocr_line' id='line_1_10' title="bbox 498 1678 1961 1775; baseline -0.007 -11"><span class='ocrx_word' id='word_1_107' title='bbox 498 1692 617 1764; x_wconf 89' lang='lat' dir='ltr'>medio</span> <span class='ocrx_word' id='word_1_108' title='bbox 633 1689 754 1758; x_wconf 78' lang='lat' dir='ltr'>adlisit</span> <span class='ocrx_word' id='word_1_109' title='bbox 768 1685 881 1767; x_wconf 86' lang='lat' dir='ltr'>cruci,</span> <span class='ocrx_word' id='word_1_110' title='bbox 907 1682 1018 1773; x_wconf 92' lang='lat' dir='ltr'>spolia</span> <span class='ocrx_word' id='word_1_111' title='bbox 1037 1678 1224 1751; x_wconf 84' lang='lat' dir='ltr'>detrahens</span> <span class='ocrx_word' id='word_1_112' title='bbox 1245 1682 1489 1775; x_wconf 85' lang='lat' dir='ltr'>potestatibus,</span> <span class='ocrx_word' id='word_1_113' title='bbox 1538 1704 1604 1774; x_wconf 82' lang='lat' dir='ltr'>ego</span> <span class='ocrx_word' id='word_1_114' title='bbox 1620 1695 1807 1755; x_wconf 87' lang='lat' dir='ltr'>convertar</span> <span class='ocrx_word' id='word_1_115' title='bbox 1822 1682 1867 1752; x_wconf 90' lang='lat' dir='ltr'>ad</span> <span class='ocrx_word' id='word_1_116' title='bbox 1884 1706 1961 1754; x_wconf 85' lang='lat' dir='ltr'>vos.</span> 
     </span>
     <span class='ocr_line' id='line_1_11' title="bbox 499 1787 1092 1882; baseline -0.017 -15"><span class='ocrx_word' id='word_1_117' title='bbox 499 1787 723 1882; x_wconf 87' lang='lat' dir='ltr'>triumphum</span> <span class='ocrx_word' id='word_1_118' title='bbox 739 1787 810 1876; x_wconf 84' lang='lat' dir='ltr'>egit</span> <span class='ocrx_word' id='word_1_119' title='bbox 832 1809 893 1877; x_wconf 90' lang='lat' dir='ltr'>per</span> <span class='ocrx_word' id='word_1_120' title='bbox 911 1807 1000 1868; x_wconf 89' lang='lat' dir='ltr'>sese,</span> <span class='ocrx_word' id='word_1_121' title='bbox 1026 1798 1092 1857; x_wconf 90' lang='lat' dir='ltr'>etc.</span> 
     </span>
     <span class='ocr_line' id='line_1_12' title="bbox 601 1884 1490 1979; baseline -0.012 -16"><span class='ocrx_word' id='word_1_122' title='bbox 601 1895 664 1966; x_wconf 73' lang='lat'>22.</span> <span class='ocrx_word' id='word_1_123' title='bbox 697 1888 770 1978; x_wconf 87' lang='lat' dir='ltr'>Qui</span> <span class='ocrx_word' id='word_1_124' title='bbox 788 1888 952 1979; x_wconf 90' lang='lat' dir='ltr'>ignorant</span> <span class='ocrx_word' id='word_1_125' title='bbox 967 1884 1164 1956; x_wconf 84' lang='lat' dir='ltr'>doctrinam</span> <span class='ocrx_word' id='word_1_126' title='bbox 1180 1884 1225 1953; x_wconf 90' lang='lat' dir='ltr'>de</span> <span class='ocrx_word' id='word_1_127' title='bbox 1243 1885 1335 1969; x_wconf 90' lang='lat' dir='ltr'>lide,</span> <span class='ocrx_word' id='word_1_128' title='bbox 1357 1898 1395 1954; x_wconf 91' lang='grc' dir='ltr'>ει</span> <span class='ocrx_word' id='word_1_129' title='bbox 1415 1906 1490 1953; x_wconf 92' lang='lat' dir='ltr'>non</span> 
     </span>
     <span class='ocr_line' id='line_1_13' title="bbox 459 1982 1491 2090; baseline -0.016 -20"><span class='ocrx_word' id='word_1_130' title='bbox 459 2071 465 2081; x_wconf 76' lang='grc'>,</span> <span class='ocrx_word' id='word_1_131' title='bbox 502 1993 731 2090; x_wconf 87' lang='lat' dir='ltr'>aequiescunt</span> <span class='ocrx_word' id='word_1_132' title='bbox 747 2003 892 2082; x_wconf 91' lang='lat' dir='ltr'>propter</span> <span class='ocrx_word' id='word_1_133' title='bbox 906 1982 1108 2072; x_wconf 89' lang='lat' dir='ltr'>Christum,</span> <span class='ocrx_word' id='word_1_134' title='bbox 1141 1985 1202 2054; x_wconf 87' lang='lat' dir='ltr'>sed</span> <span class='ocrx_word' id='word_1_135' title='bbox 1223 2008 1361 2079; x_wconf 88' lang='lat' dir='ltr'>semper</span> <span class='ocrx_word' id='word_1_136' title='bbox 1383 1986 1491 2056; x_wconf 91' lang='lat' dir='ltr'>dubi-</span> 
     </span>
     <span class='ocr_line' id='line_1_14' title="bbox 500 2081 1491 2177; baseline -0.014 -8"><span class='ocrx_word' id='word_1_137' title='bbox 500 2110 598 2177; x_wconf 88' lang='lat' dir='ltr'>tant,</span> <span class='ocrx_word' id='word_1_138' title='bbox 622 2096 661 2163; x_wconf 92' lang='lat' dir='ltr'>in</span> <span class='ocrx_word' id='word_1_139' title='bbox 676 2088 733 2162; x_wconf 93' lang='lat' dir='ltr'>his</span> <span class='ocrx_word' id='word_1_140' title='bbox 750 2114 824 2161; x_wconf 93' lang='lat' dir='ltr'>non</span> <span class='ocrx_word' id='word_1_141' title='bbox 838 2091 976 2159; x_wconf 89' lang='lat' dir='ltr'>deletur</span> <span class='ocrx_word' id='word_1_142' title='bbox 991 2081 1285 2177; x_wconf 81' lang='lat' dir='ltr'>chirographum,</span> <span class='ocrx_word' id='word_1_143' title='bbox 1306 2089 1369 2157; x_wconf 90' lang='lat' dir='ltr'>sed</span> <span class='ocrx_word' id='word_1_144' title='bbox 1386 2087 1491 2157; x_wconf 89' lang='lat' dir='ltr'>altius</span> 
     </span>
     <span class='ocr_line' id='line_1_15' title="bbox 500 2178 2532 2298; baseline 0.004 -28"><span class='ocrx_word' id='word_1_145' title='bbox 500 2197 678 2289; x_wconf 82' lang='lat' dir='ltr'>infigitur,</span> <span class='ocrx_word' id='word_1_146' title='bbox 718 2206 752 2263; x_wconf 90' lang='grc' dir='ltr'>ει</span> <span class='ocrx_word' id='word_1_147' title='bbox 774 2192 858 2286; x_wconf 89' lang='lat' dir='ltr'>quia</span> <span class='ocrx_word' id='word_1_148' title='bbox 883 2190 981 2261; x_wconf 87' lang='lat' dir='ltr'>nulla</span> <span class='ocrx_word' id='word_1_149' title='bbox 1005 2203 1058 2260; x_wconf 87' lang='lat' dir='ltr'>est</span> <span class='ocrx_word' id='word_1_150' title='bbox 1081 2189 1119 2257; x_wconf 93' lang='lat' dir='ltr'>in</span> <span class='ocrx_word' id='word_1_151' title='bbox 1143 2189 1273 2258; x_wconf 88' lang='lat' dir='ltr'>talibus</span> <span class='ocrx_word' id='word_1_152' title='bbox 1303 2188 1493 2274; x_wconf 86' lang='lat' dir='ltr'>invocatio,</span> <span class='ocrx_word' id='word_1_153' title='bbox 1541 2178 1632 2265; x_wconf 86' lang='lat' dir='ltr'>Una</span> <span class='ocrx_word' id='word_1_154' title='bbox 1663 2202 1716 2262; x_wconf 89' lang='lat' dir='ltr'>est</span> <span class='ocrx_word' id='word_1_155' title='bbox 1740 2186 1897 2264; x_wconf 83' lang='lat' dir='ltr'>Ecclesia</span> <span class='ocrx_word' id='word_1_156' title='bbox 1922 2193 1992 2267; x_wconf 91' lang='lat' dir='ltr'>Dei</span> <span class='ocrx_word' id='word_1_157' title='bbox 2023 2210 2194 2289; x_wconf 87' lang='lat' dir='ltr'>perpetua</span> <span class='ocrx_word' id='word_1_158' title='bbox 2226 2200 2314 2271; x_wconf 90' lang='lat' dir='ltr'>inde</span> <span class='ocrx_word' id='word_1_159' title='bbox 2345 2225 2455 2298; x_wconf 92' lang='lat' dir='ltr'>usque</span> <span class='ocrx_word' id='word_1_160' title='bbox 2486 2209 2532 2279; x_wconf 87' lang='lat' dir='ltr'>ab</span> 
     </span>
     <span class='ocr_line' id='line_1_16' title="bbox 502 2288 2534 2396; baseline 0.003 -24"><span class='ocrx_word' id='word_1_161' title='bbox 502 2325 579 2372; x_wconf 91' lang='lat' dir='ltr'>non</span> <span class='ocrx_word' id='word_1_162' title='bbox 600 2290 792 2367; x_wconf 90' lang='lat' dir='ltr'>detrahunt</span> <span class='ocrx_word' id='word_1_163' title='bbox 812 2292 927 2384; x_wconf 91' lang='lat' dir='ltr'>spolia</span> <span class='ocrx_word' id='word_1_164' title='bbox 948 2288 1120 2376; x_wconf 92' lang='lat' dir='ltr'>Diabolo,</span> <span class='ocrx_word' id='word_1_165' title='bbox 1153 2290 1216 2359; x_wconf 90' lang='lat' dir='ltr'>sed</span> <span class='ocrx_word' id='word_1_166' title='bbox 1239 2303 1383 2361; x_wconf 91' lang='lat' dir='ltr'>manent</span> <span class='ocrx_word' id='word_1_167' title='bbox 1406 2290 1493 2360; x_wconf 90' lang='lat' dir='ltr'>sub·</span> <span class='ocrx_word' id='word_1_168' title='bbox 1544 2290 1683 2377; x_wconf 86' lang='lat' dir='ltr'>Adam,</span> <span class='ocrx_word' id='word_1_169' title='bbox 1708 2293 1747 2362; x_wconf 92' lang='lat' dir='ltr'>in</span> <span class='ocrx_word' id='word_1_170' title='bbox 1762 2317 1831 2387; x_wconf 93' lang='lat' dir='ltr'>qua</span> <span class='ocrx_word' id='word_1_171' title='bbox 1847 2289 2172 2370; x_wconf 85' lang='lat' dir='ltr'>seDeusimmensa</span> <span class='ocrx_word' id='word_1_172' title='bbox 2185 2300 2348 2374; x_wconf 79' lang='lat' dir='ltr'>bonitate</span> <span class='ocrx_word' id='word_1_173' title='bbox 2362 2307 2534 2396; x_wconf 78' lang='lat' dir='ltr'>patefecit,</span> 
     </span>
     <span class='ocr_line' id='line_1_17' title="bbox 409 2395 2532 2488; baseline 0.003 -15"><span class='ocrx_word' id='word_1_174' title='bbox 409 2424 414 2430; x_wconf 89' lang='lat'><strong>·</strong></span> <span class='ocrx_word' id='word_1_175' title='bbox 503 2402 587 2473; x_wconf 89' lang='lat' dir='ltr'>iecti</span> <span class='ocrx_word' id='word_1_176' title='bbox 601 2397 764 2470; x_wconf 89' lang='lat' dir='ltr'>Diabolo.</span> <span class='ocrx_word' id='word_1_177' title='bbox 1545 2407 1581 2465; x_wconf 88' lang='grc' dir='ltr'>ει</span> <span class='ocrx_word' id='word_1_178' title='bbox 1595 2395 1634 2463; x_wconf 93' lang='lat' dir='ltr'>in</span> <span class='ocrx_word' id='word_1_179' title='bbox 1649 2417 1718 2485; x_wconf 89' lang='lat' dir='ltr'>qua</span> <span class='ocrx_word' id='word_1_180' title='bbox 1735 2417 1875 2488; x_wconf 84' lang='lat' dir='ltr'>semper</span> <span class='ocrx_word' id='word_1_181' title='bbox 1888 2409 1926 2469; x_wconf 90' lang='lat' dir='ltr'>et</span> <span class='ocrx_word' id='word_1_182' title='bbox 1941 2399 2080 2485; x_wconf 88' lang='lat' dir='ltr'>sonuit,</span> <span class='ocrx_word' id='word_1_183' title='bbox 2105 2413 2140 2471; x_wconf 91' lang='lat' dir='ltr'>et</span> <span class='ocrx_word' id='word_1_184' title='bbox 2158 2424 2300 2474; x_wconf 89' lang='lat' dir='ltr'>necesse</span> <span class='ocrx_word' id='word_1_185' title='bbox 2317 2405 2387 2477; x_wconf 81' lang='lat' dir='ltr'>suit</span> <span class='ocrx_word' id='word_1_186' title='bbox 2405 2430 2532 2480; x_wconf 91' lang='lat' dir='ltr'>sonare</span> 
     </span>
     <span class='ocr_line' id='line_1_18' title="bbox 606 2491 2535 2596; baseline 0.005 -27"><span class='ocrx_word' id='word_1_187' title='bbox 606 2500 667 2569; x_wconf 72' lang='lat'>25.</span> <span class='ocrx_word' id='word_1_188' title='bbox 699 2495 793 2567; x_wconf 87' lang='lat' dir='ltr'>Vera</span> <span class='ocrx_word' id='word_1_189' title='bbox 812 2496 897 2565; x_wconf 80' lang='lat' dir='ltr'>sides</span> <span class='ocrx_word' id='word_1_190' title='bbox 914 2507 966 2565; x_wconf 93' lang='lat' dir='ltr'>est</span> <span class='ocrx_word' id='word_1_191' title='bbox 977 2515 1069 2564; x_wconf 92' lang='lat' dir='ltr'>nova</span> <span class='ocrx_word' id='word_1_192' title='bbox 1080 2497 1161 2578; x_wconf 87' lang='lat' dir='ltr'>lux,</span> <span class='ocrx_word' id='word_1_193' title='bbox 1187 2507 1223 2565; x_wconf 92' lang='lat' dir='ltr'>et</span> <span class='ocrx_word' id='word_1_194' title='bbox 1241 2492 1436 2564; x_wconf 90' lang='lat' dir='ltr'>consolatio</span> <span class='ocrx_word' id='word_1_195' title='bbox 1455 2492 1495 2560; x_wconf 93' lang='lat' dir='ltr'>in</span> <span class='ocrx_word' id='word_1_196' title='bbox 1545 2517 1667 2566; x_wconf 88' lang='lat' dir='ltr'>vocem</span> <span class='ocrx_word' id='word_1_197' title='bbox 1689 2491 1775 2582; x_wconf 91' lang='lat' dir='ltr'>Dei,</span> <span class='ocrx_word' id='word_1_198' title='bbox 1813 2513 2021 2589; x_wconf 75' lang='lat' dir='ltr'>arguentem</span> <span class='ocrx_word' id='word_1_199' title='bbox 2048 2514 2185 2592; x_wconf 86' lang='lat' dir='ltr'>peccata</span> <span class='ocrx_word' id='word_1_200' title='bbox 2207 2504 2347 2594; x_wconf 84' lang='lat' dir='ltr'>generis</span> <span class='ocrx_word' id='word_1_201' title='bbox 2372 2501 2535 2596; x_wconf 92' lang='lat' dir='ltr'>humani,</span> 
     </span>
     <span class='ocr_line' id='line_1_19' title="bbox 506 2594 2534 2700; baseline 0.003 -25"><span class='ocrx_word' id='word_1_202' title='bbox 506 2603 694 2685; x_wconf 86' lang='lat' dir='ltr'>cordibus,</span> <span class='ocrx_word' id='word_1_203' title='bbox 718 2613 753 2670; x_wconf 89' lang='lat' dir='ltr'>et</span> <span class='ocrx_word' id='word_1_204' title='bbox 777 2597 911 2687; x_wconf 84' lang='lat' dir='ltr'>agnitio</span> <span class='ocrx_word' id='word_1_205' title='bbox 935 2595 1198 2667; x_wconf 89' lang='lat' dir='ltr'>misericordiae</span> <span class='ocrx_word' id='word_1_206' title='bbox 1221 2608 1255 2665; x_wconf 89' lang='grc' dir='ltr'>ει</span> <span class='ocrx_word' id='word_1_207' title='bbox 1278 2594 1495 2685; x_wconf 88' lang='lat' dir='ltr'>praesentiae</span> <span class='ocrx_word' id='word_1_208' title='bbox 1546 2612 1582 2670; x_wconf 91' lang='lat' dir='ltr'>et</span> <span class='ocrx_word' id='word_1_209' title='bbox 1610 2597 1877 2688; x_wconf 87' lang='lat' dir='ltr'>promittentem</span> <span class='ocrx_word' id='word_1_210' title='bbox 1910 2601 2155 2673; x_wconf 83' lang='lat' dir='ltr'>remissionem</span> <span class='ocrx_word' id='word_1_211' title='bbox 2173 2618 2417 2695; x_wconf 85' lang='lat' dir='ltr'>peccatorum,</span> <span class='ocrx_word' id='word_1_212' title='bbox 2449 2635 2534 2700; x_wconf 91' lang='lat' dir='ltr'>pro-</span> 
     </span>
     <span class='ocr_line' id='line_1_20' title="bbox 503 2696 2533 2793; baseline 0.002 -16"><span class='ocrx_word' id='word_1_213' title='bbox 503 2703 585 2777; x_wconf 89' lang='lat' dir='ltr'>Dei.</span> <span class='ocrx_word' id='word_1_214' title='bbox 614 2701 716 2771; x_wconf 90' lang='lat' dir='ltr'>Hanc</span> <span class='ocrx_word' id='word_1_215' title='bbox 730 2699 944 2790; x_wconf 88' lang='lat' dir='ltr'>agnitionem</span> <span class='ocrx_word' id='word_1_216' title='bbox 959 2697 1120 2791; x_wconf 88' lang='lat' dir='ltr'>sequitur</span> <span class='ocrx_word' id='word_1_217' title='bbox 1134 2697 1328 2768; x_wconf 86' lang='lat' dir='ltr'>necessario</span> <span class='ocrx_word' id='word_1_218' title='bbox 1342 2719 1424 2766; x_wconf 85' lang='lat' dir='ltr'>vera</span> <span class='ocrx_word' id='word_1_219' title='bbox 1437 2696 1497 2764; x_wconf 91' lang='lat' dir='ltr'>in·</span> <span class='ocrx_word' id='word_1_220' title='bbox 1546 2712 1625 2793; x_wconf 89' lang='lat' dir='ltr'>pter</span> <span class='ocrx_word' id='word_1_221' title='bbox 1649 2696 1785 2768; x_wconf 86' lang='lat' dir='ltr'>Filium</span> <span class='ocrx_word' id='word_1_222' title='bbox 1817 2701 2052 2791; x_wconf 90' lang='lat' dir='ltr'>promissum,</span> <span class='ocrx_word' id='word_1_223' title='bbox 2087 2717 2125 2775; x_wconf 93' lang='lat' dir='ltr'>et</span> <span class='ocrx_word' id='word_1_224' title='bbox 2157 2704 2411 2779; x_wconf 82' lang='lat' dir='ltr'>restitutionem</span> <span class='ocrx_word' id='word_1_225' title='bbox 2439 2712 2533 2784; x_wconf 84' lang='lat' dir='ltr'>vitae</span> 
     </span>
     <span class='ocr_line' id='line_1_21' title="bbox 505 2795 2322 2894; baseline -0.002 -21"><span class='ocrx_word' id='word_1_226' title='bbox 505 2805 664 2888; x_wconf 90' lang='lat' dir='ltr'>vocatio,</span> <span class='ocrx_word' id='word_1_227' title='bbox 705 2817 739 2872; x_wconf 91' lang='lat' dir='ltr'>et</span> <span class='ocrx_word' id='word_1_228' title='bbox 760 2801 920 2894; x_wconf 90' lang='lat' dir='ltr'>sequitur</span> <span class='ocrx_word' id='word_1_229' title='bbox 945 2822 1038 2868; x_wconf 86' lang='lat' dir='ltr'>nova</span> <span class='ocrx_word' id='word_1_230' title='bbox 1061 2798 1284 2886; x_wconf 85' lang='lat' dir='ltr'>obedientia,</span> <span class='ocrx_word' id='word_1_231' title='bbox 1316 2795 1393 2870; x_wconf 86' lang='lat' dir='ltr'>Deo</span> <span class='ocrx_word' id='word_1_232' title='bbox 1416 2798 1496 2889; x_wconf 90' lang='lat' dir='ltr'>pla·</span> <span class='ocrx_word' id='word_1_233' title='bbox 1547 2814 1721 2872; x_wconf 88' lang='lat' dir='ltr'>aeternae.</span> <span class='ocrx_word' id='word_1_234' title='bbox 2319 2877 2322 2886; x_wconf 54' lang='grc'>,</span> 
     </span>
     <span class='ocr_line' id='line_1_22' title="bbox 505 2896 2533 3002; baseline 0.003 -23"><span class='ocrx_word' id='word_1_235' title='bbox 505 2931 606 2993; x_wconf 91' lang='lat' dir='ltr'>cens,</span> <span class='ocrx_word' id='word_1_236' title='bbox 632 2927 737 2996; x_wconf 89' lang='lat' dir='ltr'>quam</span> <span class='ocrx_word' id='word_1_237' title='bbox 757 2904 909 2973; x_wconf 88' lang='lat' dir='ltr'>retinere</span> <span class='ocrx_word' id='word_1_238' title='bbox 924 2902 1138 2975; x_wconf 88' lang='lat' dir='ltr'>studeamus.</span> <span class='ocrx_word' id='word_1_239' title='bbox 1649 2904 1686 2973; x_wconf 78' lang='lat'>2.</span> <span class='ocrx_word' id='word_1_240' title='bbox 1725 2896 1804 2973; x_wconf 83' lang='lat' dir='ltr'>Etsi</span> <span class='ocrx_word' id='word_1_241' title='bbox 1834 2899 1887 2971; x_wconf 91' lang='lat' dir='ltr'>ira</span> <span class='ocrx_word' id='word_1_242' title='bbox 1911 2899 1980 2971; x_wconf 91' lang='lat' dir='ltr'>Dei</span> <span class='ocrx_word' id='word_1_243' title='bbox 2003 2901 2175 2976; x_wconf 90' lang='lat' dir='ltr'>adversus</span> <span class='ocrx_word' id='word_1_244' title='bbox 2197 2920 2375 2997; x_wconf 89' lang='lat' dir='ltr'>peccatum</span> <span class='ocrx_word' id='word_1_245' title='bbox 2395 2917 2533 3002; x_wconf 84' lang='lat' dir='ltr'>generis</span> 
     </span>
     <span class='ocr_line' id='line_1_23' title="bbox 609 2999 2535 3098; baseline 0.005 -20"><span class='ocrx_word' id='word_1_246' title='bbox 609 3005 670 3078; x_wconf 69' lang='lat'>24.</span> <span class='ocrx_word' id='word_1_247' title='bbox 717 3004 861 3076; x_wconf 90' lang='lat' dir='ltr'>Privata</span> <span class='ocrx_word' id='word_1_248' title='bbox 895 3002 1071 3073; x_wconf 88' lang='lat' dir='ltr'>absolutio</span> <span class='ocrx_word' id='word_1_249' title='bbox 1105 3014 1157 3073; x_wconf 92' lang='lat' dir='ltr'>est</span> <span class='ocrx_word' id='word_1_250' title='bbox 1190 3023 1272 3094; x_wconf 91' lang='lat' dir='ltr'>pars</span> <span class='ocrx_word' id='word_1_251' title='bbox 1305 3000 1497 3073; x_wconf 90' lang='lat' dir='ltr'>ministerii</span> <span class='ocrx_word' id='word_1_252' title='bbox 1547 2999 1698 3075; x_wconf 89' lang='lat' dir='ltr'>humani</span> <span class='ocrx_word' id='word_1_253' title='bbox 1719 3003 1894 3073; x_wconf 84' lang='lat' dir='ltr'>declarata</span> <span class='ocrx_word' id='word_1_254' title='bbox 1917 3014 1985 3087; x_wconf 82' lang='lat' dir='ltr'>cst,</span> <span class='ocrx_word' id='word_1_255' title='bbox 2016 3003 2101 3072; x_wconf 89' lang='lat' dir='ltr'>inde</span> <span class='ocrx_word' id='word_1_256' title='bbox 2121 3028 2233 3098; x_wconf 90' lang='lat' dir='ltr'>usque</span> <span class='ocrx_word' id='word_1_257' title='bbox 2255 3009 2302 3079; x_wconf 90' lang='lat' dir='ltr'>ab</span> <span class='ocrx_word' id='word_1_258' title='bbox 2325 3010 2426 3083; x_wconf 91' lang='lat' dir='ltr'>initio</span> <span class='ocrx_word' id='word_1_259' title='bbox 2449 3040 2535 3086; x_wconf 85' lang='lat' dir='ltr'>voce</span> 
     </span>
     <span class='ocr_line' id='line_1_24' title="bbox 511 3097 2536 3200; baseline -0.002 -20"><span class='ocrx_word' id='word_1_260' title='bbox 511 3106 722 3199; x_wconf 88' lang='lat' dir='ltr'>evangelici,</span> <span class='ocrx_word' id='word_1_261' title='bbox 749 3120 783 3177; x_wconf 89' lang='lat' dir='ltr'>et</span> <span class='ocrx_word' id='word_1_262' title='bbox 800 3130 874 3175; x_wconf 94' lang='lat' dir='ltr'>non</span> <span class='ocrx_word' id='word_1_263' title='bbox 891 3118 996 3176; x_wconf 88' lang='lat' dir='ltr'>estex</span> <span class='ocrx_word' id='word_1_264' title='bbox 1012 3100 1168 3175; x_wconf 82' lang='lat' dir='ltr'>Ecclesia</span> <span class='ocrx_word' id='word_1_265' title='bbox 1184 3101 1352 3175; x_wconf 87' lang='lat' dir='ltr'>tollenda.</span> <span class='ocrx_word' id='word_1_266' title='bbox 1547 3105 1653 3195; x_wconf 90' lang='lat' dir='ltr'>legis,</span> <span class='ocrx_word' id='word_1_267' title='bbox 1690 3117 1727 3176; x_wconf 91' lang='lat' dir='ltr'>et</span> <span class='ocrx_word' id='word_1_268' title='bbox 1756 3097 1991 3174; x_wconf 85' lang='lat' dir='ltr'>horribilibus</span> <span class='ocrx_word' id='word_1_269' title='bbox 2019 3104 2280 3179; x_wconf 88' lang='lat' dir='ltr'>calamitatibus</span> <span class='ocrx_word' id='word_1_270' title='bbox 2304 3114 2443 3200; x_wconf 85' lang='lat' dir='ltr'>generis</span> <span class='ocrx_word' id='word_1_271' title='bbox 2465 3112 2536 3186; x_wconf 89' lang='lat' dir='ltr'>hu.</span> 
     </span>
     <span class='ocr_line' id='line_1_25' title="bbox 610 3202 2541 3298; baseline 0.003 -17"><span class='ocrx_word' id='word_1_272' title='bbox 610 3207 674 3285; x_wconf 76' lang='lat'>25.</span> <span class='ocrx_word' id='word_1_273' title='bbox 705 3207 795 3280; x_wconf 91' lang='lat' dir='ltr'>Cum</span> <span class='ocrx_word' id='word_1_274' title='bbox 813 3207 1020 3277; x_wconf 87' lang='lat' dir='ltr'>remissione</span> <span class='ocrx_word' id='word_1_275' title='bbox 1037 3208 1161 3298; x_wconf 89' lang='lat' dir='ltr'>culpae</span> <span class='ocrx_word' id='word_1_276' title='bbox 1183 3227 1306 3273; x_wconf 91' lang='lat' dir='ltr'>verum</span> <span class='ocrx_word' id='word_1_277' title='bbox 1328 3216 1381 3274; x_wconf 86' lang='lat' dir='ltr'>est</span> <span class='ocrx_word' id='word_1_278' title='bbox 1405 3225 1498 3272; x_wconf 90' lang='lat' dir='ltr'>scm·</span> <span class='ocrx_word' id='word_1_279' title='bbox 1548 3205 1669 3291; x_wconf 91' lang='lat' dir='ltr'>mani,</span> <span class='ocrx_word' id='word_1_280' title='bbox 1699 3229 1741 3276; x_wconf 85' lang='lat' dir='ltr'>ac</span> <span class='ocrx_word' id='word_1_281' title='bbox 1769 3206 1955 3297; x_wconf 90' lang='lat' dir='ltr'>praecipue</span> <span class='ocrx_word' id='word_1_282' title='bbox 1976 3202 2210 3294; x_wconf 90' lang='lat' dir='ltr'>Sanctorum,</span> <span class='ocrx_word' id='word_1_283' title='bbox 2243 3221 2367 3282; x_wconf 88' lang='lat' dir='ltr'>tamen</span> <span class='ocrx_word' id='word_1_284' title='bbox 2398 3228 2433 3287; x_wconf 93' lang='lat' dir='ltr'>et</span> <span class='ocrx_word' id='word_1_285' title='bbox 2452 3213 2541 3286; x_wconf 82' lang='lat' dir='ltr'>Filii</span> 
     </span>
     <span class='ocr_line' id='line_1_26' title="bbox 507 3307 2539 3409; baseline -0 -27"><span class='ocrx_word' id='word_1_286' title='bbox 507 3340 571 3408; x_wconf 79' lang='lat' dir='ltr'>per</span> <span class='ocrx_word' id='word_1_287' title='bbox 587 3313 812 3383; x_wconf 85' lang='lat' dir='ltr'>coniunctam</span> <span class='ocrx_word' id='word_1_288' title='bbox 829 3331 901 3379; x_wconf 87' lang='lat' dir='ltr'>esse</span> <span class='ocrx_word' id='word_1_289' title='bbox 916 3308 1159 3378; x_wconf 85' lang='lat' dir='ltr'>remissionem</span> <span class='ocrx_word' id='word_1_290' title='bbox 1175 3326 1310 3398; x_wconf 86' lang='lat' dir='ltr'>poenae</span> <span class='ocrx_word' id='word_1_291' title='bbox 1323 3320 1498 3378; x_wconf 84' lang='lat' dir='ltr'>aeternae.</span> <span class='ocrx_word' id='word_1_292' title='bbox 1548 3307 1664 3402; x_wconf 88' lang='lat' dir='ltr'>passio</span> <span class='ocrx_word' id='word_1_293' title='bbox 1693 3320 1746 3378; x_wconf 89' lang='lat' dir='ltr'>est</span> <span class='ocrx_word' id='word_1_294' title='bbox 1775 3307 1913 3379; x_wconf 89' lang='lat' dir='ltr'>illustre</span> <span class='ocrx_word' id='word_1_295' title='bbox 1941 3307 2182 3380; x_wconf 89' lang='lat' dir='ltr'>testimonium</span> <span class='ocrx_word' id='word_1_296' title='bbox 2212 3335 2318 3383; x_wconf 86' lang='lat' dir='ltr'>verae</span> <span class='ocrx_word' id='word_1_297' title='bbox 2348 3327 2383 3391; x_wconf 76' lang='lat' dir='ltr'>ee</span> <span class='ocrx_word' id='word_1_298' title='bbox 2413 3316 2539 3409; x_wconf 78' lang='lat' dir='ltr'>ingen.</span> 
     </span>
     <span class='ocr_line' id='line_1_27' title="bbox 507 3405 2637 3500; baseline -0.004 -12"><span class='ocrx_word' id='word_1_299' title='bbox 507 3414 555 3488; x_wconf 87' lang='lat' dir='ltr'>Et</span> <span class='ocrx_word' id='word_1_300' title='bbox 579 3418 707 3485; x_wconf 83' lang='lat' dir='ltr'>salsum</span> <span class='ocrx_word' id='word_1_301' title='bbox 729 3425 799 3500; x_wconf 88' lang='lat' dir='ltr'>est,</span> <span class='ocrx_word' id='word_1_302' title='bbox 825 3423 1004 3479; x_wconf 88' lang='lat' dir='ltr'>aeternam</span> <span class='ocrx_word' id='word_1_303' title='bbox 1025 3423 1175 3479; x_wconf 91' lang='lat' dir='ltr'>mortem</span> <span class='ocrx_word' id='word_1_304' title='bbox 1200 3420 1346 3499; x_wconf 88' lang='lat' dir='ltr'>propter</span> <span class='ocrx_word' id='word_1_305' title='bbox 1362 3405 1499 3498; x_wconf 91' lang='lat' dir='ltr'>Purga-</span> <span class='ocrx_word' id='word_1_306' title='bbox 1549 3412 1595 3482; x_wconf 92' lang='lat' dir='ltr'>tis</span> <span class='ocrx_word' id='word_1_307' title='bbox 1609 3410 1694 3480; x_wconf 84' lang='lat' dir='ltr'>irae.</span> <span class='ocrx_word' id='word_1_308' title='bbox 2635 3407 2637 3411; x_wconf 70' lang='grc'><strong>’</strong></span> 
     </span>
     <span class='ocr_line' id='line_1_28' title="bbox 507 3506 2537 3612; baseline 0.001 -24"><span class='ocrx_word' id='word_1_309' title='bbox 507 3517 661 3599; x_wconf 83' lang='lat' dir='ltr'>torium,</span> <span class='ocrx_word' id='word_1_310' title='bbox 687 3526 749 3582; x_wconf 90' lang='lat' dir='ltr'>aut</span> <span class='ocrx_word' id='word_1_311' title='bbox 764 3511 851 3580; x_wconf 89' lang='lat' dir='ltr'>alias</span> <span class='ocrx_word' id='word_1_312' title='bbox 870 3522 1008 3578; x_wconf 91' lang='lat' dir='ltr'>nostras</span> <span class='ocrx_word' id='word_1_313' title='bbox 1029 3509 1332 3601; x_wconf 87' lang='lat' dir='ltr'>compensationes</span> <span class='ocrx_word' id='word_1_314' title='bbox 1354 3509 1499 3593; x_wconf 90' lang='lat' dir='ltr'>remitti,</span> <span class='ocrx_word' id='word_1_315' title='bbox 1653 3512 1689 3583; x_wconf 80' lang='grc'>3.</span> <span class='ocrx_word' id='word_1_316' title='bbox 1721 3509 1829 3584; x_wconf 87' lang='lat' dir='ltr'>Nulla</span> <span class='ocrx_word' id='word_1_317' title='bbox 1849 3533 1950 3581; x_wconf 90' lang='lat' dir='ltr'>mens</span> <span class='ocrx_word' id='word_1_318' title='bbox 1969 3506 2125 3582; x_wconf 90' lang='lat' dir='ltr'>humana</span> <span class='ocrx_word' id='word_1_319' title='bbox 2148 3513 2332 3607; x_wconf 86' lang='lat' dir='ltr'>intelligit,</span> <span class='ocrx_word' id='word_1_320' title='bbox 2363 3534 2537 3612; x_wconf 87' lang='lat' dir='ltr'>quantum</span> 
     </span>
     <span class='ocr_line' id='line_1_29' title="bbox 510 3607 2539 3712; baseline 0.003 -24"><span class='ocrx_word' id='word_1_321' title='bbox 510 3618 572 3688; x_wconf 90' lang='lat' dir='ltr'>sed</span> <span class='ocrx_word' id='word_1_322' title='bbox 588 3626 726 3684; x_wconf 89' lang='lat' dir='ltr'>tantum</span> <span class='ocrx_word' id='word_1_323' title='bbox 742 3611 880 3683; x_wconf 90' lang='lat' dir='ltr'>tollitur</span> <span class='ocrx_word' id='word_1_324' title='bbox 896 3620 1041 3703; x_wconf 84' lang='lat' dir='ltr'>propter</span> <span class='ocrx_word' id='word_1_325' title='bbox 1049 3607 1252 3696; x_wconf 91' lang='lat' dir='ltr'>Christum,</span> <span class='ocrx_word' id='word_1_326' title='bbox 1277 3610 1374 3681; x_wconf 83' lang='lat' dir='ltr'>iuxta</span> <span class='ocrx_word' id='word_1_327' title='bbox 1391 3611 1498 3681; x_wconf 87' lang='lat' dir='ltr'>illud:</span> <span class='ocrx_word' id='word_1_328' title='bbox 1549 3612 1683 3685; x_wconf 90' lang='lat' dir='ltr'>malum</span> <span class='ocrx_word' id='word_1_329' title='bbox 1699 3614 1745 3684; x_wconf 88' lang='lat' dir='ltr'>sit</span> <span class='ocrx_word' id='word_1_330' title='bbox 1761 3626 1962 3706; x_wconf 88' lang='lat' dir='ltr'>peccatum,</span> <span class='ocrx_word' id='word_1_331' title='bbox 1985 3613 2065 3682; x_wconf 92' lang='lat' dir='ltr'>ideo</span> <span class='ocrx_word' id='word_1_332' title='bbox 2079 3639 2203 3686; x_wconf 89' lang='lat' dir='ltr'>omnes</span> <span class='ocrx_word' id='word_1_333' title='bbox 2218 3642 2299 3688; x_wconf 89' lang='lat' dir='ltr'>vere</span> <span class='ocrx_word' id='word_1_334' title='bbox 2314 3644 2539 3712; x_wconf 79' lang='lat' dir='ltr'>expayescere</span> 
     </span>
     <span class='ocr_line' id='line_1_30' title="bbox 509 3711 2541 3802; baseline 0.004 -13"><span class='ocrx_word' id='word_1_335' title='bbox 509 3714 548 3789; x_wconf 93' lang='grc' dir='ltr'>Ο</span> <span class='ocrx_word' id='word_1_336' title='bbox 564 3739 680 3798; x_wconf 92' lang='lat' dir='ltr'>mors,</span> <span class='ocrx_word' id='word_1_337' title='bbox 705 3739 764 3784; x_wconf 88' lang='lat' dir='ltr'>ero</span> <span class='ocrx_word' id='word_1_338' title='bbox 781 3735 876 3783; x_wconf 92' lang='lat' dir='ltr'>mors</span> <span class='ocrx_word' id='word_1_339' title='bbox 893 3726 965 3787; x_wconf 90' lang='lat' dir='ltr'>tua.</span> <span class='ocrx_word' id='word_1_340' title='bbox 1548 3714 1763 3802; x_wconf 81' lang='lat' dir='ltr'>cogitatione</span> <span class='ocrx_word' id='word_1_341' title='bbox 1784 3716 1856 3783; x_wconf 91' lang='lat' dir='ltr'>irae</span> <span class='ocrx_word' id='word_1_342' title='bbox 1870 3711 1938 3785; x_wconf 92' lang='lat' dir='ltr'>Dei</span> <span class='ocrx_word' id='word_1_343' title='bbox 1959 3714 2187 3801; x_wconf 89' lang='lat' dir='ltr'>deberemus,</span> <span class='ocrx_word' id='word_1_344' title='bbox 2208 3718 2300 3790; x_wconf 86' lang='lat' dir='ltr'>sicut</span> <span class='ocrx_word' id='word_1_345' title='bbox 2310 3718 2444 3793; x_wconf 86' lang='lat' dir='ltr'>Paulus</span> <span class='ocrx_word' id='word_1_346' title='bbox 2466 3725 2541 3797; x_wconf 87' lang='lat' dir='ltr'>cla·</span> 
     </span>
     <span class='ocr_line' id='line_1_31' title="bbox 610 3806 2536 3909; baseline 0.004 -22"><span class='ocrx_word' id='word_1_347' title='bbox 610 3817 671 3890; x_wconf 70' lang='lat'>26.</span> <span class='ocrx_word' id='word_1_348' title='bbox 707 3806 827 3905; x_wconf 86' lang='lat' dir='ltr'>Quare</span> <span class='ocrx_word' id='word_1_349' title='bbox 852 3815 977 3885; x_wconf 89' lang='lat' dir='ltr'>deliria</span> <span class='ocrx_word' id='word_1_350' title='bbox 1001 3815 1045 3884; x_wconf 90' lang='lat' dir='ltr'>de</span> <span class='ocrx_word' id='word_1_351' title='bbox 1066 3810 1364 3882; x_wconf 84' lang='lat' dir='ltr'>satisfactionibus</span> <span class='ocrx_word' id='word_1_352' title='bbox 1389 3833 1500 3880; x_wconf 89' lang='lat' dir='ltr'>cano·</span> <span class='ocrx_word' id='word_1_353' title='bbox 1551 3815 1669 3885; x_wconf 89' lang='lat' dir='ltr'>mitat:</span> <span class='ocrx_word' id='word_1_354' title='bbox 1690 3809 1981 3885; x_wconf 87' lang='lat' dir='ltr'>ConclusitDeus</span> <span class='ocrx_word' id='word_1_355' title='bbox 1996 3840 2120 3885; x_wconf 90' lang='lat' dir='ltr'>omnes</span> <span class='ocrx_word' id='word_1_356' title='bbox 2134 3818 2199 3889; x_wconf 89' lang='lat' dir='ltr'>sub</span> <span class='ocrx_word' id='word_1_357' title='bbox 2212 3834 2404 3909; x_wconf 92' lang='lat' dir='ltr'>peccatum.</span> <span class='ocrx_word' id='word_1_358' title='bbox 2446 3821 2536 3895; x_wconf 88' lang='lat' dir='ltr'>Item</span> 
     </span>
     <span class='ocr_line' id='line_1_32' title="bbox 508 3909 2398 4015; baseline 0.001 -25"><span class='ocrx_word' id='word_1_359' title='bbox 508 3920 601 3992; x_wconf 89' lang='lat' dir='ltr'>nieis</span> <span class='ocrx_word' id='word_1_360' title='bbox 617 3919 729 3989; x_wconf 86' lang='lat' dir='ltr'>taxari</span> <span class='ocrx_word' id='word_1_361' title='bbox 743 3939 882 3989; x_wconf 91' lang='lat' dir='ltr'>necesse</span> <span class='ocrx_word' id='word_1_362' title='bbox 898 3929 968 4001; x_wconf 88' lang='lat' dir='ltr'>est,</span> <span class='ocrx_word' id='word_1_363' title='bbox 992 3938 1058 3984; x_wconf 91' lang='lat' dir='ltr'>nec</span> <span class='ocrx_word' id='word_1_364' title='bbox 1075 3927 1158 3984; x_wconf 89' lang='lat' dir='ltr'>sunt</span> <span class='ocrx_word' id='word_1_365' title='bbox 1182 3914 1286 3985; x_wconf 89' lang='lat' dir='ltr'>novis</span> <span class='ocrx_word' id='word_1_366' title='bbox 1306 3913 1396 3984; x_wconf 81' lang='lat' dir='ltr'>facis</span> <span class='ocrx_word' id='word_1_367' title='bbox 1419 3912 1501 4004; x_wconf 90' lang='lat' dir='ltr'>pin·</span> <span class='ocrx_word' id='word_1_368' title='bbox 1549 3909 1681 3986; x_wconf 87' lang='lat' dir='ltr'>Zacba.</span> <span class='ocrx_word' id='word_1_369' title='bbox 1694 3915 1746 3989; x_wconf 79' lang='lat'>2.:</span> <span class='ocrx_word' id='word_1_370' title='bbox 1772 3913 1881 3986; x_wconf 88' lang='lat' dir='ltr'>Sileat</span> <span class='ocrx_word' id='word_1_371' title='bbox 1898 3939 1917 3987; x_wconf 95' lang='lat' dir='ltr'>a</span> <span class='ocrx_word' id='word_1_372' title='bbox 1934 3916 2022 3987; x_wconf 79' lang='lat' dir='ltr'>facie</span> <span class='ocrx_word' id='word_1_373' title='bbox 2040 3913 2105 3986; x_wconf 87' lang='lat' dir='ltr'>Dei</span> <span class='ocrx_word' id='word_1_374' title='bbox 2123 3920 2238 3990; x_wconf 87' lang='lat' dir='ltr'>omnis</span> <span class='ocrx_word' id='word_1_375' title='bbox 2252 3944 2347 3993; x_wconf 87' lang='lat' dir='ltr'>caro.</span> <span class='ocrx_word' id='word_1_376' title='bbox 2395 4010 2398 4015; x_wconf 91' lang='lat'>.</span> 
     </span>
     <span class='ocr_line' id='line_1_33' title="bbox 508 4015 2539 4114; baseline 0 -21"><span class='ocrx_word' id='word_1_377' title='bbox 508 4024 634 4114; x_wconf 81' lang='lat' dir='ltr'>gendo.</span> <span class='ocrx_word' id='word_1_378' title='bbox 1652 4019 1690 4089; x_wconf 80' lang='lat'>4.</span> <span class='ocrx_word' id='word_1_379' title='bbox 1725 4015 1937 4102; x_wconf 81' lang='lat' dir='ltr'>Alexander,</span> <span class='ocrx_word' id='word_1_380' title='bbox 1958 4018 2095 4088; x_wconf 89' lang='lat' dir='ltr'>etiamsi</span> <span class='ocrx_word' id='word_1_381' title='bbox 2112 4021 2229 4093; x_wconf 92' lang='lat' dir='ltr'>doluit</span> <span class='ocrx_word' id='word_1_382' title='bbox 2242 4022 2421 4095; x_wconf 85' lang='lat' dir='ltr'>interiecto</span> <span class='ocrx_word' id='word_1_383' title='bbox 2429 4018 2539 4108; x_wconf 88' lang='lat' dir='ltr'>Clito,</span> 
     </span>
     <span class='ocr_line' id='line_1_34' title="bbox 611 4114 2539 4220; baseline -0.002 -21"><span class='ocrx_word' id='word_1_384' title='bbox 611 4122 672 4199; x_wconf 79' lang='lat'>27.</span> <span class='ocrx_word' id='word_1_385' title='bbox 707 4119 841 4192; x_wconf 89' lang='lat' dir='ltr'>Verum</span> <span class='ocrx_word' id='word_1_386' title='bbox 858 4132 922 4205; x_wconf 91' lang='lat' dir='ltr'>est,</span> <span class='ocrx_word' id='word_1_387' title='bbox 947 4114 1140 4188; x_wconf 90' lang='lat' dir='ltr'>horribiles</span> <span class='ocrx_word' id='word_1_388' title='bbox 1155 4139 1287 4210; x_wconf 91' lang='lat' dir='ltr'>poenas</span> <span class='ocrx_word' id='word_1_389' title='bbox 1301 4114 1501 4208; x_wconf 88' lang='lat' dir='ltr'>corporales</span> <span class='ocrx_word' id='word_1_390' title='bbox 1551 4132 1863 4209; x_wconf 89' lang='lat' dir='ltr'>tamenpeccatum</span> <span class='ocrx_word' id='word_1_391' title='bbox 1879 4143 1953 4188; x_wconf 92' lang='lat' dir='ltr'>non</span> <span class='ocrx_word' id='word_1_392' title='bbox 1970 4119 2210 4210; x_wconf 86' lang='lat' dir='ltr'>intelligebat,</span> <span class='ocrx_word' id='word_1_393' title='bbox 2237 4127 2321 4220; x_wconf 87' lang='lat' dir='ltr'>quia</span> <span class='ocrx_word' id='word_1_394' title='bbox 2337 4123 2441 4198; x_wconf 93' lang='lat' dir='ltr'>dolor</span> <span class='ocrx_word' id='word_1_395' title='bbox 2463 4148 2539 4195; x_wconf 91' lang='lat' dir='ltr'>non</span> 
     </span>
     <span class='ocr_line' id='line_1_35' title="bbox 514 4216 2075 4318; baseline -0.006 -20"><span class='ocrx_word' id='word_1_396' title='bbox 514 4227 665 4318; x_wconf 86' lang='lat' dir='ltr'>grassari</span> <span class='ocrx_word' id='word_1_397' title='bbox 683 4248 746 4318; x_wconf 90' lang='lat' dir='ltr'>per</span> <span class='ocrx_word' id='word_1_398' title='bbox 762 4224 965 4294; x_wconf 89' lang='lat' dir='ltr'>universam</span> <span class='ocrx_word' id='word_1_399' title='bbox 983 4216 1198 4305; x_wconf 87' lang='lat' dir='ltr'>Ecclesiam,</span> <span class='ocrx_word' id='word_1_400' title='bbox 1219 4234 1253 4291; x_wconf 89' lang='lat' dir='ltr'>et</span> <span class='ocrx_word' id='word_1_401' title='bbox 1270 4219 1403 4291; x_wconf 90' lang='lat' dir='ltr'>multae</span> <span class='ocrx_word' id='word_1_402' title='bbox 1417 4229 1502 4289; x_wconf 91' lang='lat' dir='ltr'>sunt</span> <span class='ocrx_word' id='word_1_403' title='bbox 1552 4220 1757 4291; x_wconf 89' lang='lat' dir='ltr'>intuebatur</span> <span class='ocrx_word' id='word_1_404' title='bbox 1772 4220 1860 4289; x_wconf 90' lang='lat' dir='ltr'>iram</span> <span class='ocrx_word' id='word_1_405' title='bbox 1875 4219 1954 4296; x_wconf 89' lang='lat' dir='ltr'>Dei.</span> <span class='ocrx_word' id='word_1_406' title='bbox 2071 4305 2075 4309; x_wconf 17' lang='grc' dir='ltr'>ι</span> 
     </span>
     <span class='ocr_line' id='line_1_36' title="bbox 509 4317 2539 4420; baseline -0.001 -20"><span class='ocrx_word' id='word_1_407' title='bbox 509 4353 645 4401; x_wconf 90' lang='lat' dir='ltr'>causae.</span> <span class='ocrx_word' id='word_1_408' title='bbox 700 4326 772 4398; x_wconf 91' lang='lat' dir='ltr'>Nec</span> <span class='ocrx_word' id='word_1_409' title='bbox 796 4324 997 4414; x_wconf 85' lang='lat' dir='ltr'>negandum</span> <span class='ocrx_word' id='word_1_410' title='bbox 1021 4335 1090 4408; x_wconf 92' lang='lat' dir='ltr'>cst,</span> <span class='ocrx_word' id='word_1_411' title='bbox 1116 4323 1299 4415; x_wconf 89' lang='lat' dir='ltr'>plerasque</span> <span class='ocrx_word' id='word_1_412' title='bbox 1320 4344 1393 4392; x_wconf 90' lang='lat' dir='ltr'>esse</span> <span class='ocrx_word' id='word_1_413' title='bbox 1417 4342 1499 4389; x_wconf 82' lang='lat' dir='ltr'>vere</span> <span class='ocrx_word' id='word_1_414' title='bbox 1652 4317 1690 4395; x_wconf 86' lang='lat'>5.</span> <span class='ocrx_word' id='word_1_415' title='bbox 1726 4319 1795 4392; x_wconf 87' lang='lat' dir='ltr'>Sed</span> <span class='ocrx_word' id='word_1_416' title='bbox 1817 4320 1857 4389; x_wconf 90' lang='lat' dir='ltr'>in</span> <span class='ocrx_word' id='word_1_417' title='bbox 1878 4318 2018 4393; x_wconf 90' lang='lat' dir='ltr'>Davide</span> <span class='ocrx_word' id='word_1_418' title='bbox 2041 4337 2094 4396; x_wconf 91' lang='lat' dir='ltr'>est</span> <span class='ocrx_word' id='word_1_419' title='bbox 2116 4326 2233 4420; x_wconf 88' lang='lat' dir='ltr'>aliqua</span> <span class='ocrx_word' id='word_1_420' title='bbox 2256 4332 2392 4417; x_wconf 88' lang='lat' dir='ltr'>peccati</span> <span class='ocrx_word' id='word_1_421' title='bbox 2413 4341 2448 4400; x_wconf 88' lang='lat' dir='ltr'>ct</span> <span class='ocrx_word' id='word_1_422' title='bbox 2465 4326 2539 4401; x_wconf 87' lang='lat' dir='ltr'>irae</span> 
     </span>
     <span class='ocr_line' id='line_1_37' title="bbox 509 4421 2539 4523; baseline 0 -23"><span class='ocrx_word' id='word_1_423' title='bbox 509 4455 643 4523; x_wconf 89' lang='lat' dir='ltr'>poenas</span> <span class='ocrx_word' id='word_1_424' title='bbox 675 4445 851 4502; x_wconf 89' lang='lat' dir='ltr'>certorum</span> <span class='ocrx_word' id='word_1_425' title='bbox 882 4427 1065 4516; x_wconf 90' lang='lat' dir='ltr'>lapsuum,</span> <span class='ocrx_word' id='word_1_426' title='bbox 1104 4437 1143 4492; x_wconf 92' lang='lat' dir='ltr'>ut</span> <span class='ocrx_word' id='word_1_427' title='bbox 1174 4424 1320 4492; x_wconf 83' lang='lat' dir='ltr'>exilium</span> <span class='ocrx_word' id='word_1_428' title='bbox 1341 4421 1502 4505; x_wconf 87' lang='lat' dir='ltr'>Davidis,</span> <span class='ocrx_word' id='word_1_429' title='bbox 1550 4421 1618 4496; x_wconf 88' lang='lat' dir='ltr'>Dei</span> <span class='ocrx_word' id='word_1_430' title='bbox 1633 4424 1808 4514; x_wconf 88' lang='lat' dir='ltr'>cognitio,</span> <span class='ocrx_word' id='word_1_431' title='bbox 1833 4447 1913 4495; x_wconf 89' lang='lat' dir='ltr'>cum</span> <span class='ocrx_word' id='word_1_432' title='bbox 1939 4425 2006 4496; x_wconf 92' lang='lat' dir='ltr'>ait:</span> <span class='ocrx_word' id='word_1_433' title='bbox 2032 4422 2187 4497; x_wconf 90' lang='lat' dir='ltr'>Domine</span> <span class='ocrx_word' id='word_1_434' title='bbox 2206 4449 2251 4496; x_wconf 91' lang='lat' dir='ltr'>ne</span> <span class='ocrx_word' id='word_1_435' title='bbox 2273 4428 2313 4497; x_wconf 92' lang='lat' dir='ltr'>in</span> <span class='ocrx_word' id='word_1_436' title='bbox 2335 4431 2456 4503; x_wconf 82' lang='lat' dir='ltr'>lurore</span> <span class='ocrx_word' id='word_1_437' title='bbox 2478 4443 2539 4501; x_wconf 91' lang='lat' dir='ltr'>tuo</span> 
     </span>
     <span class='ocr_line' id='line_1_38' title="bbox 509 4520 1757 4625; baseline -0.002 -25"><span class='ocrx_word' id='word_1_438' title='bbox 509 4535 747 4625; x_wconf 87' lang='lat' dir='ltr'>captivitatem</span> <span class='ocrx_word' id='word_1_439' title='bbox 764 4529 969 4607; x_wconf 88' lang='lat' dir='ltr'>Manassae,</span> <span class='ocrx_word' id='word_1_440' title='bbox 994 4525 1150 4596; x_wconf 77' lang='lat' dir='ltr'>furorem</span> <span class='ocrx_word' id='word_1_441' title='bbox 1169 4523 1262 4612; x_wconf 82' lang='lat' dir='ltr'>regis</span> <span class='ocrx_word' id='word_1_442' title='bbox 1284 4520 1500 4609; x_wconf 85' lang='lat' dir='ltr'>Nabugodo-</span> <span class='ocrx_word' id='word_1_443' title='bbox 1552 4548 1677 4616; x_wconf 78' lang='lat' dir='ltr'>arguas</span> <span class='ocrx_word' id='word_1_444' title='bbox 1691 4550 1757 4598; x_wconf 91' lang='lat' dir='ltr'>me.</span> 
     </span>
     <span class='ocr_line' id='line_1_39' title="bbox 511 4623 2538 4724; baseline 0 -25"><span class='ocrx_word' id='word_1_445' title='bbox 511 4655 632 4720; x_wconf 88' lang='lat' dir='ltr'>nosor.</span> <span class='ocrx_word' id='word_1_446' title='bbox 683 4629 730 4702; x_wconf 87' lang='lat' dir='ltr'>Et</span> <span class='ocrx_word' id='word_1_447' title='bbox 744 4631 903 4724; x_wconf 89' lang='lat' dir='ltr'>quotidie</span> <span class='ocrx_word' id='word_1_448' title='bbox 920 4626 1043 4696; x_wconf 88' lang='lat' dir='ltr'>multis</span> <span class='ocrx_word' id='word_1_449' title='bbox 1064 4623 1193 4694; x_wconf 89' lang='lat' dir='ltr'>sanctis</span> <span class='ocrx_word' id='word_1_450' title='bbox 1211 4634 1356 4715; x_wconf 91' lang='lat' dir='ltr'>propter</span> <span class='ocrx_word' id='word_1_451' title='bbox 1376 4643 1500 4690; x_wconf 92' lang='lat' dir='ltr'>eorum</span> <span class='ocrx_word' id='word_1_452' title='bbox 1653 4624 1690 4696; x_wconf 82' lang='lat'>6.</span> <span class='ocrx_word' id='word_1_453' title='bbox 1722 4625 1968 4700; x_wconf 78' lang='lat' dir='ltr'>Perterrefacti</span> <span class='ocrx_word' id='word_1_454' title='bbox 1991 4643 2107 4703; x_wconf 90' lang='lat' dir='ltr'>autem</span> <span class='ocrx_word' id='word_1_455' title='bbox 2133 4626 2245 4699; x_wconf 89' lang='lat' dir='ltr'>sciant</span> <span class='ocrx_word' id='word_1_456' title='bbox 2267 4629 2538 4722; x_wconf 89' lang='lat' dir='ltr'>promissionem</span> 
     </span>
     <span class='ocr_line' id='line_1_40' title="bbox 510 4721 2540 4822; baseline -0.004 -22"><span class='ocrx_word' id='word_1_457' title='bbox 510 4732 631 4821; x_wconf 89' lang='lat' dir='ltr'>lapsus</span> <span class='ocrx_word' id='word_1_458' title='bbox 662 4733 890 4800; x_wconf 88' lang='lat' dir='ltr'>cumulantur</span> <span class='ocrx_word' id='word_1_459' title='bbox 918 4750 1053 4818; x_wconf 84' lang='lat' dir='ltr'>poenae</span> <span class='ocrx_word' id='word_1_460' title='bbox 1081 4725 1239 4819; x_wconf 90' lang='lat' dir='ltr'>privatae</span> <span class='ocrx_word' id='word_1_461' title='bbox 1269 4735 1304 4791; x_wconf 88' lang='grc' dir='ltr'>ει</span> <span class='ocrx_word' id='word_1_462' title='bbox 1327 4722 1500 4813; x_wconf 90' lang='lat' dir='ltr'>publicae.</span> <span class='ocrx_word' id='word_1_463' title='bbox 1550 4721 1759 4814; x_wconf 84' lang='lat' dir='ltr'>Evangelii,</span> <span class='ocrx_word' id='word_1_464' title='bbox 1783 4729 1826 4797; x_wconf 92' lang='lat' dir='ltr'>de</span> <span class='ocrx_word' id='word_1_465' title='bbox 1842 4730 2049 4801; x_wconf 88' lang='lat' dir='ltr'>remissione</span> <span class='ocrx_word' id='word_1_466' title='bbox 2072 4742 2312 4822; x_wconf 90' lang='lat' dir='ltr'>peccatorum,</span> <span class='ocrx_word' id='word_1_467' title='bbox 2337 4755 2397 4802; x_wconf 84' lang='lat' dir='ltr'>seu</span> <span class='ocrx_word' id='word_1_468' title='bbox 2414 4756 2540 4802; x_wconf 72' lang='lat' dir='ltr'>recon-</span> 
     </span>
     <span class='ocr_line' id='line_1_41' title="bbox 509 4818 2543 4928; baseline 0.004 -32"><span class='ocrx_word' id='word_1_469' title='bbox 509 4831 570 4921; x_wconf 84' lang='lat' dir='ltr'>De</span> <span class='ocrx_word' id='word_1_470' title='bbox 590 4826 648 4900; x_wconf 86' lang='lat' dir='ltr'>his</span> <span class='ocrx_word' id='word_1_471' title='bbox 671 4831 756 4900; x_wconf 87' lang='lat' dir='ltr'>dicit</span> <span class='ocrx_word' id='word_1_472' title='bbox 783 4824 939 4897; x_wconf 87' lang='lat' dir='ltr'>Ecclesia</span> <span class='ocrx_word' id='word_1_473' title='bbox 964 4822 1194 4897; x_wconf 62' lang='lat' dir='ltr'>Micheaets</span> <span class='ocrx_word' id='word_1_474' title='bbox 1236 4818 1329 4892; x_wconf 84' lang='lat' dir='ltr'>Iram</span> <span class='ocrx_word' id='word_1_475' title='bbox 1351 4819 1502 4892; x_wconf 76' lang='lat' dir='ltr'>Domini</span> <span class='ocrx_word' id='word_1_476' title='bbox 1551 4828 1751 4915; x_wconf 89' lang='lat' dir='ltr'>ciliatione,</span> <span class='ocrx_word' id='word_1_477' title='bbox 1777 4852 1839 4900; x_wconf 91' lang='lat' dir='ltr'>seu</span> <span class='ocrx_word' id='word_1_478' title='bbox 1862 4831 2124 4917; x_wconf 85' lang='lat' dir='ltr'>iustificatione,</span> <span class='ocrx_word' id='word_1_479' title='bbox 2150 4834 2247 4927; x_wconf 95' lang='lat' dir='ltr'>quod</span> <span class='ocrx_word' id='word_1_480' title='bbox 2269 4833 2434 4906; x_wconf 88' lang='lat' dir='ltr'>videlicet</span> <span class='ocrx_word' id='word_1_481' title='bbox 2455 4859 2543 4928; x_wconf 89' lang='lat' dir='ltr'>pro-</span> 
     </span>
     <span class='ocr_line' id='line_1_42' title="bbox 509 4919 2544 5030; baseline 0.003 -28"><span class='ocrx_word' id='word_1_482' title='bbox 509 4934 681 5026; x_wconf 88' lang='lat' dir='ltr'>portabo,</span> <span class='ocrx_word' id='word_1_483' title='bbox 706 4931 788 5025; x_wconf 92' lang='lat' dir='ltr'>quia</span> <span class='ocrx_word' id='word_1_484' title='bbox 804 4927 946 5020; x_wconf 89' lang='lat' dir='ltr'>peccavi</span> <span class='ocrx_word' id='word_1_485' title='bbox 960 4926 1005 4996; x_wconf 90' lang='lat' dir='ltr'>ei.</span> <span class='ocrx_word' id='word_1_486' title='bbox 1058 4924 1146 4996; x_wconf 88' lang='lat' dir='ltr'>Vult</span> <span class='ocrx_word' id='word_1_487' title='bbox 1161 4924 1255 4994; x_wconf 91' lang='lat' dir='ltr'>cuim</span> <span class='ocrx_word' id='word_1_488' title='bbox 1269 4921 1366 4996; x_wconf 91' lang='lat' dir='ltr'>Deus</span> <span class='ocrx_word' id='word_1_489' title='bbox 1381 4924 1419 4993; x_wconf 92' lang='lat' dir='ltr'>in</span> <span class='ocrx_word' id='word_1_490' title='bbox 1430 4919 1500 4993; x_wconf 90' lang='lat' dir='ltr'>Ec·</span> <span class='ocrx_word' id='word_1_491' title='bbox 1551 4943 1630 5022; x_wconf 91' lang='lat' dir='ltr'>pter</span> <span class='ocrx_word' id='word_1_492' title='bbox 1649 4924 1832 5002; x_wconf 87' lang='lat' dir='ltr'>Christum</span> <span class='ocrx_word' id='word_1_493' title='bbox 1862 4932 2091 5004; x_wconf 88' lang='lat' dir='ltr'>mediatorem</span> <span class='ocrx_word' id='word_1_494' title='bbox 2124 4935 2252 5023; x_wconf 84' lang='lat' dir='ltr'>gratis,</span> <span class='ocrx_word' id='word_1_495' title='bbox 2293 4960 2367 5005; x_wconf 92' lang='lat' dir='ltr'>non</span> <span class='ocrx_word' id='word_1_496' title='bbox 2398 4952 2544 5030; x_wconf 88' lang='lat' dir='ltr'>propter</span> 
     </span>
     <span class='ocr_line' id='line_1_43' title="bbox 509 5026 2539 5130; baseline 0.002 -25"><span class='ocrx_word' id='word_1_497' title='bbox 509 5035 615 5105; x_wconf 84' lang='lat' dir='ltr'>clesia</span> <span class='ocrx_word' id='word_1_498' title='bbox 630 5033 786 5125; x_wconf 87' lang='lat' dir='ltr'>conspici</span> <span class='ocrx_word' id='word_1_499' title='bbox 801 5031 890 5101; x_wconf 90' lang='lat' dir='ltr'>iram</span> <span class='ocrx_word' id='word_1_500' title='bbox 906 5030 1073 5100; x_wconf 88' lang='lat' dir='ltr'>adversus</span> <span class='ocrx_word' id='word_1_501' title='bbox 1088 5041 1286 5121; x_wconf 86' lang='lat' dir='ltr'>peccatum,</span> <span class='ocrx_word' id='word_1_502' title='bbox 1312 5040 1348 5098; x_wconf 92' lang='lat' dir='ltr'>et</span> <span class='ocrx_word' id='word_1_503' title='bbox 1362 5026 1439 5098; x_wconf 85' lang='lat' dir='ltr'>vult</span> <span class='ocrx_word' id='word_1_504' title='bbox 1460 5026 1500 5096; x_wconf 94' lang='lat' dir='ltr'>in</span> <span class='ocrx_word' id='word_1_505' title='bbox 1551 5033 1643 5102; x_wconf 87' lang='lat' dir='ltr'>ullas</span> <span class='ocrx_word' id='word_1_506' title='bbox 1671 5047 1809 5106; x_wconf 88' lang='lat' dir='ltr'>nostras</span> <span class='ocrx_word' id='word_1_507' title='bbox 1839 5035 1987 5106; x_wconf 80' lang='lat' dir='ltr'>virtutes</span> <span class='ocrx_word' id='word_1_508' title='bbox 2011 5057 2270 5130; x_wconf 88' lang='lat' dir='ltr'>consequamur</span> <span class='ocrx_word' id='word_1_509' title='bbox 2299 5038 2539 5110; x_wconf 88' lang='lat' dir='ltr'>remissionem</span> 
     </span>
     <span class='ocr_line' id='line_1_44' title="bbox 510 5128 2539 5226; baseline -0.001 -20"><span class='ocrx_word' id='word_1_510' title='bbox 510 5136 617 5207; x_wconf 90' lang='lat' dir='ltr'>nobis</span> <span class='ocrx_word' id='word_1_511' title='bbox 637 5159 789 5206; x_wconf 88' lang='lat' dir='ltr'>crescere</span> <span class='ocrx_word' id='word_1_512' title='bbox 819 5131 1086 5225; x_wconf 90' lang='lat' dir='ltr'>poenitentiam.</span> <span class='ocrx_word' id='word_1_513' title='bbox 1152 5128 1236 5202; x_wconf 89' lang='lat' dir='ltr'>Ideo</span> <span class='ocrx_word' id='word_1_514' title='bbox 1267 5130 1373 5200; x_wconf 90' lang='lat' dir='ltr'>nobis</span> <span class='ocrx_word' id='word_1_515' title='bbox 1399 5152 1500 5221; x_wconf 88' lang='lat' dir='ltr'>saepe</span> <span class='ocrx_word' id='word_1_516' title='bbox 1551 5148 1795 5226; x_wconf 88' lang='lat' dir='ltr'>pcccatorum,</span> <span class='ocrx_word' id='word_1_517' title='bbox 1836 5135 1926 5220; x_wconf 85' lang='lat' dir='ltr'>lide,</span> <span class='ocrx_word' id='word_1_518' title='bbox 1960 5133 1998 5202; x_wconf 92' lang='lat' dir='ltr'>id</span> <span class='ocrx_word' id='word_1_519' title='bbox 2022 5148 2090 5220; x_wconf 92' lang='lat' dir='ltr'>est,</span> <span class='ocrx_word' id='word_1_520' title='bbox 2124 5139 2254 5209; x_wconf 89' lang='lat' dir='ltr'>fiducia</span> <span class='ocrx_word' id='word_1_521' title='bbox 2281 5139 2539 5210; x_wconf 87' lang='lat' dir='ltr'>misericordiae</span> 
     </span>
     <span class='ocr_line' id='line_1_45' title="bbox 510 5231 2115 5330; baseline -0.001 -22"><span class='ocrx_word' id='word_1_522' title='bbox 510 5252 593 5330; x_wconf 92' lang='lat' dir='ltr'>post</span> <span class='ocrx_word' id='word_1_523' title='bbox 617 5238 737 5328; x_wconf 88' lang='lat' dir='ltr'>lapsus</span> <span class='ocrx_word' id='word_1_524' title='bbox 761 5237 880 5307; x_wconf 89' lang='lat' dir='ltr'>induit</span> <span class='ocrx_word' id='word_1_525' title='bbox 903 5236 1001 5326; x_wconf 88' lang='lat' dir='ltr'>signa</span> <span class='ocrx_word' id='word_1_526' title='bbox 1026 5249 1163 5313; x_wconf 88' lang='lat' dir='ltr'>reatus,</span> <span class='ocrx_word' id='word_1_527' title='bbox 1197 5247 1238 5302; x_wconf 93' lang='lat' dir='ltr'>ut</span> <span class='ocrx_word' id='word_1_528' title='bbox 1261 5232 1434 5303; x_wconf 90' lang='lat' dir='ltr'>induebat</span> <span class='ocrx_word' id='word_1_529' title='bbox 1460 5256 1500 5301; x_wconf 91' lang='lat' dir='ltr'>ea</span> <span class='ocrx_word' id='word_1_530' title='bbox 1552 5250 1697 5329; x_wconf 87' lang='lat' dir='ltr'>propter</span> <span class='ocrx_word' id='word_1_531' title='bbox 1709 5231 1892 5308; x_wconf 86' lang='lat' dir='ltr'>Christum</span> <span class='ocrx_word' id='word_1_532' title='bbox 1909 5236 2115 5326; x_wconf 90' lang='lat' dir='ltr'>promissae.</span> 
     </span>
     <span class='ocr_line' id='line_1_46' title="bbox 510 5330 2540 5429; baseline -0 -19"><span class='ocrx_word' id='word_1_533' title='bbox 510 5330 643 5410; x_wconf 77' lang='lat' dir='ltr'>David&#39;i</span> <span class='ocrx_word' id='word_1_534' title='bbox 660 5337 940 5429; x_wconf 83' lang='lat' dir='ltr'>pulsoeregno,</span> <span class='ocrx_word' id='word_1_535' title='bbox 965 5338 1094 5406; x_wconf 89' lang='lat' dir='ltr'>scelere</span> <span class='ocrx_word' id='word_1_536' title='bbox 1107 5335 1172 5404; x_wconf 90' lang='lat' dir='ltr'>lilii</span> <span class='ocrx_word' id='word_1_537' title='bbox 1188 5345 1253 5404; x_wconf 80' lang='lat' dir='ltr'>etc.</span> <span class='ocrx_word' id='word_1_538' title='bbox 1304 5330 1363 5415; x_wconf 89' lang='lat' dir='ltr'>Et,</span> <span class='ocrx_word' id='word_1_539' title='bbox 1389 5346 1429 5404; x_wconf 89' lang='lat' dir='ltr'>ut</span> <span class='ocrx_word' id='word_1_540' title='bbox 1447 5334 1499 5403; x_wconf 90' lang='lat' dir='ltr'>ira</span> <span class='ocrx_word' id='word_1_541' title='bbox 1655 5338 1690 5408; x_wconf 82' lang='lat'>7.</span> <span class='ocrx_word' id='word_1_542' title='bbox 1732 5337 1837 5408; x_wconf 85' lang='lat' dir='ltr'>Fides</span> <span class='ocrx_word' id='word_1_543' title='bbox 1871 5337 1909 5405; x_wconf 93' lang='lat' dir='ltr'>in</span> <span class='ocrx_word' id='word_1_544' title='bbox 1942 5331 2010 5408; x_wconf 89' lang='lat' dir='ltr'>hac</span> <span class='ocrx_word' id='word_1_545' title='bbox 2042 5340 2208 5413; x_wconf 85' lang='lat' dir='ltr'>doctrina</span> <span class='ocrx_word' id='word_1_546' title='bbox 2234 5341 2336 5412; x_wconf 89' lang='lat' dir='ltr'>Pauli</span> <span class='ocrx_word' id='word_1_547' title='bbox 2368 5339 2540 5428; x_wconf 80' lang='lat' dir='ltr'>significat</span> 
     </span>
     <span class='ocr_line' id='line_1_47' title="bbox 508 5431 2540 5538; baseline 0 -27"><span class='ocrx_word' id='word_1_548' title='bbox 508 5437 580 5511; x_wconf 90' lang='lat' dir='ltr'>Dei</span> <span class='ocrx_word' id='word_1_549' title='bbox 597 5454 650 5512; x_wconf 83' lang='lat' dir='ltr'>est</span> <span class='ocrx_word' id='word_1_550' title='bbox 666 5441 756 5509; x_wconf 90' lang='lat' dir='ltr'>iusta</span> <span class='ocrx_word' id='word_1_551' title='bbox 774 5451 808 5508; x_wconf 89' lang='lat' dir='ltr'>et</span> <span class='ocrx_word' id='word_1_552' title='bbox 822 5460 968 5529; x_wconf 84' lang='lat' dir='ltr'>magna,</span> <span class='ocrx_word' id='word_1_553' title='bbox 1001 5436 1051 5510; x_wconf 89' lang='lat' dir='ltr'>ita</span> <span class='ocrx_word' id='word_1_554' title='bbox 1074 5431 1141 5504; x_wconf 87' lang='lat' dir='ltr'>hae</span> <span class='ocrx_word' id='word_1_555' title='bbox 1163 5457 1296 5524; x_wconf 88' lang='lat' dir='ltr'>poenae</span> <span class='ocrx_word' id='word_1_556' title='bbox 1321 5457 1397 5504; x_wconf 91' lang='lat' dir='ltr'>non</span> <span class='ocrx_word' id='word_1_557' title='bbox 1417 5450 1501 5507; x_wconf 89' lang='lat' dir='ltr'>sunt</span> <span class='ocrx_word' id='word_1_558' title='bbox 1551 5440 1734 5526; x_wconf 83' lang='lat' dir='ltr'>fiduciam,</span> <span class='ocrx_word' id='word_1_559' title='bbox 1759 5451 1881 5510; x_wconf 87' lang='lat' dir='ltr'>elnon</span> <span class='ocrx_word' id='word_1_560' title='bbox 1897 5439 2008 5509; x_wconf 89' lang='lat' dir='ltr'>solam</span> <span class='ocrx_word' id='word_1_561' title='bbox 2030 5441 2220 5530; x_wconf 90' lang='lat' dir='ltr'>noticiam,</span> <span class='ocrx_word' id='word_1_562' title='bbox 2245 5465 2335 5538; x_wconf 87' lang='lat' dir='ltr'>quae</span> <span class='ocrx_word' id='word_1_563' title='bbox 2347 5455 2381 5513; x_wconf 90' lang='lat' dir='ltr'>et</span> <span class='ocrx_word' id='word_1_564' title='bbox 2395 5442 2433 5510; x_wconf 91' lang='lat' dir='ltr'>in</span> <span class='ocrx_word' id='word_1_565' title='bbox 2450 5441 2540 5512; x_wconf 88' lang='lat' dir='ltr'>Dia-</span> 
     </span>
     <span class='ocr_line' id='line_1_48' title="bbox 510 5529 2542 5638; baseline 0.002 -28"><span class='ocrx_word' id='word_1_566' title='bbox 510 5543 606 5613; x_wconf 90' lang='lat' dir='ltr'>leves</span> <span class='ocrx_word' id='word_1_567' title='bbox 624 5562 825 5612; x_wconf 89' lang='lat' dir='ltr'>aerumnae.</span> <span class='ocrx_word' id='word_1_568' title='bbox 877 5536 948 5608; x_wconf 87' lang='lat' dir='ltr'>Sed</span> <span class='ocrx_word' id='word_1_569' title='bbox 963 5535 1102 5623; x_wconf 85' lang='lat' dir='ltr'>mitigat</span> <span class='ocrx_word' id='word_1_570' title='bbox 1116 5548 1234 5604; x_wconf 91' lang='lat' dir='ltr'>tamen</span> <span class='ocrx_word' id='word_1_571' title='bbox 1256 5529 1320 5604; x_wconf 91' lang='lat' dir='ltr'>has</span> <span class='ocrx_word' id='word_1_572' title='bbox 1341 5536 1500 5607; x_wconf 85' lang='lat' dir='ltr'>miserias</span> <span class='ocrx_word' id='word_1_573' title='bbox 1550 5542 1643 5612; x_wconf 92' lang='lat' dir='ltr'>bolis</span> <span class='ocrx_word' id='word_1_574' title='bbox 1665 5553 1736 5622; x_wconf 91' lang='lat' dir='ltr'>cst,</span> <span class='ocrx_word' id='word_1_575' title='bbox 1760 5554 1800 5612; x_wconf 94' lang='lat' dir='ltr'>ut</span> <span class='ocrx_word' id='word_1_576' title='bbox 1827 5537 1931 5612; x_wconf 89' lang='lat' dir='ltr'>lacob</span> <span class='ocrx_word' id='word_1_577' title='bbox 1958 5543 2089 5638; x_wconf 91' lang='lat' dir='ltr'>inquit:</span> <span class='ocrx_word' id='word_1_578' title='bbox 2114 5541 2312 5616; x_wconf 88' lang='lat' dir='ltr'>Daemones</span> <span class='ocrx_word' id='word_1_579' title='bbox 2334 5544 2484 5613; x_wconf 90' lang='lat' dir='ltr'>credunt</span> <span class='ocrx_word' id='word_1_580' title='bbox 2507 5560 2542 5615; x_wconf 93' lang='lat' dir='ltr'>et</span> 
     </span>
     <span class='ocr_line' id='line_1_49' title="bbox 508 5629 1839 5726; baseline 0.002 -14"><span class='ocrx_word' id='word_1_581' title='bbox 508 5638 607 5714; x_wconf 89' lang='lat' dir='ltr'>Deus</span> <span class='ocrx_word' id='word_1_582' title='bbox 626 5640 895 5724; x_wconf 85' lang='lat' dir='ltr'>invocantibus,</span> <span class='ocrx_word' id='word_1_583' title='bbox 920 5651 960 5708; x_wconf 93' lang='lat' dir='ltr'>ut</span> <span class='ocrx_word' id='word_1_584' title='bbox 976 5649 1079 5705; x_wconf 89' lang='lat' dir='ltr'>orant</span> <span class='ocrx_word' id='word_1_585' title='bbox 1095 5629 1310 5726; x_wconf 87' lang='lat' dir='ltr'>Prophetae:</span> <span class='ocrx_word' id='word_1_586' title='bbox 1335 5635 1500 5722; x_wconf 88' lang='lat' dir='ltr'>Domine,</span> <span class='ocrx_word' id='word_1_587' title='bbox 1551 5643 1839 5719; x_wconf 90' lang='lat' dir='ltr'>contremiscunt.</span> 
     </span>
     <span class='ocr_line' id='line_1_50' title="bbox 509 5736 2544 5834; baseline 0.002 -24"><span class='ocrx_word' id='word_1_588' title='bbox 509 5743 549 5811; x_wconf 88' lang='lat' dir='ltr'>in</span> <span class='ocrx_word' id='word_1_589' title='bbox 565 5745 700 5817; x_wconf 91' lang='lat' dir='ltr'>iudicio</span> <span class='ocrx_word' id='word_1_590' title='bbox 717 5742 856 5834; x_wconf 90' lang='lat' dir='ltr'>corripe</span> <span class='ocrx_word' id='word_1_591' title='bbox 873 5764 948 5828; x_wconf 89' lang='lat' dir='ltr'>me,</span> <span class='ocrx_word' id='word_1_592' title='bbox 972 5759 1047 5807; x_wconf 92' lang='lat' dir='ltr'>non</span> <span class='ocrx_word' id='word_1_593' title='bbox 1071 5737 1111 5806; x_wconf 93' lang='lat' dir='ltr'>in</span> <span class='ocrx_word' id='word_1_594' title='bbox 1133 5736 1277 5822; x_wconf 87' lang='lat' dir='ltr'>lurore,</span> <span class='ocrx_word' id='word_1_595' title='bbox 1303 5759 1349 5807; x_wconf 86' lang='lat' dir='ltr'>ne</span> <span class='ocrx_word' id='word_1_596' title='bbox 1372 5739 1417 5806; x_wconf 88' lang='lat' dir='ltr'>ad</span> <span class='ocrx_word' id='word_1_597' title='bbox 1440 5739 1501 5807; x_wconf 86' lang='lat' dir='ltr'>ni·</span> <span class='ocrx_word' id='word_1_598' title='bbox 1655 5742 1691 5819; x_wconf 85' lang='grc'>8.</span> <span class='ocrx_word' id='word_1_599' title='bbox 1721 5740 1880 5819; x_wconf 89' lang='lat' dir='ltr'>Econtra</span> <span class='ocrx_word' id='word_1_600' title='bbox 1894 5746 2021 5819; x_wconf 76' lang='lat' dir='ltr'>deiide</span> <span class='ocrx_word' id='word_1_601' title='bbox 2036 5746 2247 5821; x_wconf 79' lang='lat' dir='ltr'>aitPaulus:</span> <span class='ocrx_word' id='word_1_602' title='bbox 2270 5743 2453 5819; x_wconf 89' lang='lat' dir='ltr'>lustilicati</span> <span class='ocrx_word' id='word_1_603' title='bbox 2476 5746 2544 5816; x_wconf 86' lang='lat' dir='ltr'>lide</span> 
     </span>
     <span class='ocr_line' id='line_1_51' title="bbox 508 5833 2543 5939; baseline 0.002 -26"><span class='ocrx_word' id='word_1_604' title='bbox 508 5839 626 5915; x_wconf 89' lang='lat' dir='ltr'>hilum</span> <span class='ocrx_word' id='word_1_605' title='bbox 657 5847 795 5939; x_wconf 87' lang='lat' dir='ltr'>redigas</span> <span class='ocrx_word' id='word_1_606' title='bbox 822 5866 891 5920; x_wconf 90' lang='lat' dir='ltr'>me.</span> <span class='ocrx_word' id='word_1_607' title='bbox 950 5838 1056 5913; x_wconf 90' lang='lat' dir='ltr'>ltem:</span> <span class='ocrx_word' id='word_1_608' title='bbox 1095 5835 1188 5912; x_wconf 91' lang='lat' dir='ltr'>Cum</span> <span class='ocrx_word' id='word_1_609' title='bbox 1210 5837 1371 5932; x_wconf 83' lang='lat' dir='ltr'>irasceris</span> <span class='ocrx_word' id='word_1_610' title='bbox 1389 5833 1500 5925; x_wconf 85' lang='lat' dir='ltr'>Deus,</span> <span class='ocrx_word' id='word_1_611' title='bbox 1551 5865 1672 5937; x_wconf 89' lang='lat' dir='ltr'>pacem</span> <span class='ocrx_word' id='word_1_612' title='bbox 1688 5837 1872 5923; x_wconf 85' lang='lat' dir='ltr'>babemus.</span> <span class='ocrx_word' id='word_1_613' title='bbox 1925 5846 2030 5923; x_wconf 88' lang='lat' dir='ltr'>ltem:</span> <span class='ocrx_word' id='word_1_614' title='bbox 2056 5847 2130 5939; x_wconf 86' lang='lat' dir='ltr'>Qui</span> <span class='ocrx_word' id='word_1_615' title='bbox 2150 5849 2262 5921; x_wconf 88' lang='lat' dir='ltr'>credit</span> <span class='ocrx_word' id='word_1_616' title='bbox 2284 5849 2324 5920; x_wconf 91' lang='lat' dir='ltr'>in</span> <span class='ocrx_word' id='word_1_617' title='bbox 2343 5873 2445 5937; x_wconf 90' lang='lat' dir='ltr'>eum,</span> <span class='ocrx_word' id='word_1_618' title='bbox 2470 5874 2543 5920; x_wconf 90' lang='lat' dir='ltr'>nou</span> 
     </span>
    </p>
   </div>
   <div class='ocr_carea' id='block_1_3' title="bbox 1539 1871 2532 2105">
    <p class='ocr_par' dir='ltr' id='par_1_3' title="bbox 1539 1871 2532 2105">
     <span class='ocr_line' id='line_1_52' title="bbox 1539 1871 2532 2029; baseline 0.018 -38"><span class='ocrx_word' id='word_1_619' title='bbox 1539 1914 1662 2016; x_wconf 88' lang='lat' dir='ltr'>(Lll.)</span> <span class='ocrx_word' id='word_1_620' title='bbox 1694 1920 1807 1992; x_wconf 69' lang='lat' dir='ltr'>Atio</span> <span class='ocrx_word' id='word_1_621' title='bbox 1833 1916 2129 2015; x_wconf 75' lang='lat' dir='ltr'>disputatio:</span> <span class='ocrx_word' id='word_1_622' title='bbox 2162 1911 2213 1999; x_wconf 81' lang='lat' dir='ltr'>de</span> <span class='ocrx_word' id='word_1_623' title='bbox 2232 1949 2323 2002; x_wconf 80' lang='lat' dir='ltr'>vern</span> <span class='ocrx_word' id='word_1_624' title='bbox 2341 1940 2380 2005; x_wconf 86' lang='lat' dir='ltr'>et</span> <span class='ocrx_word' id='word_1_625' title='bbox 2398 1871 2532 2029; x_wconf 82' lang='lat' dir='ltr'>perpe·</span> 
     </span>
     <span class='ocr_line' id='line_1_53' title="bbox 1793 2022 2285 2105; baseline 0.022 -11"><span class='ocrx_word' id='word_1_626' title='bbox 1793 2029 1862 2096; x_wconf 83' lang='lat' dir='ltr'>tuo</span> <span class='ocrx_word' id='word_1_627' title='bbox 1880 2022 2056 2100; x_wconf 74' lang='lat' dir='ltr'>doctcim</span> <span class='ocrx_word' id='word_1_628' title='bbox 2078 2030 2285 2105; x_wconf 78' lang='lat' dir='ltr'>Ecclesiae.</span> 
     </span>
    </p>
   </div>
   <div class='ocr_carea' id='block_1_4' title="bbox 0 0 3031 6772">
    <p class='ocr_par' dir='ltr' id='par_1_4' title="bbox 0 0 3031 6772">
     <span class='ocr_line' id='line_1_54' title="bbox 0 0 3031 6772; baseline 0 0"><span class='ocrx_word' id='word_1_629' title='bbox 0 0 3031 6772; x_wconf 95' lang='lat' dir='ltr'> </span> 
     </span>
    </p>
   </div>
  </div>
 </body>
</html>
