6025 6775
460 705 534 779 ooo
576 647 580 654 ⁵
1100 685 1479 772 nummatus

476 881 482 888 “
560 876 624 950 88.
656 867 723 945 Est
739 886 858 947 autem
872 875 1005 962 integra
1019 881 1053 954 et
1068 868 1311 940 substantialis
1326 866 1444 957 imago

457 978 570 1071 patris
595 970 659 1048 arai
681 971 933 1071 ὑφισταμένη,
969 985 1004 1043 et
1026 962 1141 1069 λόγον
1162 971 1243 1039 ideo
1264 968 1334 1039 dici
1355 968 1443 1038 scri-

455 1092 608 1170 pserunt
622 1090 775 1161 veteres,
808 1075 890 1169 quia
911 1073 1125 1164 cogitatione
1149 1071 1318 1143 nascitur.
1369 1068 1441 1140 Sed

456 1190 553 1248 recte
585 1179 635 1248 sic
662 1178 808 1259 dicitur,
850 1174 933 1269 quia
959 1173 1064 1244 nobis
1088 1173 1138 1243 sic
1160 1173 1354 1258 patefactus
1379 1182 1443 1256 est,

457 1282 556 1372 quod
571 1302 634 1371 per
647 1301 725 1347 eum
739 1276 872 1345 dictum
886 1288 939 1346 est
952 1277 1130 1345 decretum
1143 1275 1187 1343 de
1202 1271 1328 1342 ordine
1343 1294 1440 1342 crea-

456 1382 567 1451 tionis
599 1392 632 1449 et
658 1377 890 1468 reparationis
913 1373 1060 1446 humani
1085 1374 1241 1464 generis,
1276 1385 1312 1442 et
1340 1375 1438 1465 quod

421 1553 424 1557 ,
455 1481 588 1573 profert
603 1501 642 1546 ex
658 1467 787 1547 arcano
803 1478 886 1547 sinu
898 1475 1032 1548 aeterni
1048 1475 1157 1568 patris
1172 1472 1358 1563 Evangelii
1374 1497 1439 1543 vo·

453 1604 527 1651 cem
549 1579 733 1671 alloquens
755 1579 890 1670 primos
912 1590 1092 1669 parentes,
1126 1589 1161 1647 et
1183 1573 1328 1667 dinceps
1348 1572 1440 1644 Pro-

450 1676 593 1770 phetas,
619 1693 653 1750 et
670 1675 1006 1769 colligitEcclesiam
1020 1692 1221 1762 aeternam,
1246 1691 1282 1748 et
1296 1674 1438 1748 estefli·

443 1801 511 1853 cax
527 1805 592 1875 per
605 1781 845 1852 ministerium
859 1778 1059 1871 Evangelii.

553 1929 614 2008 89.
652 1926 812 2002 Ecclesia
831 1928 961 2006 Latina
990 1929 1094 2002 aliter
1115 1950 1178 2000 usa
1207 1941 1259 1999 est
1290 1925 1437 1998 nomine

448 2053 621 2123 personae
638 2056 745 2125 quam
767 2046 869 2112 vetus
892 2031 1036 2122 lingua,
1068 2029 1201 2122 graecis
1221 2028 1435 2099 vocabulum

448 2126 701 2228 ὑφιστάμενος
725 2134 837 2223 magis
860 2132 1042 2227 proprium
1064 2144 1101 2203 ct
1120 2129 1344 2223 perspicuum
1365 2132 1436 2200 'est-

444 2229 497 2305 Εἰ
512 2233 672 2305 delinitio
690 2236 819 2306 tradita
838 2247 890 2305 est
911 2257 930 2303 a
954 2231 1184 2326 scriptoribus
1207 2232 1245 2299 in
1267 2227 1436 2317 Ecclesia,

446 2358 598 2425 persona
615 2350 664 2408 est
675 2335 866 2406 subsistens
881 2335 1109 2406 individuum
1124 2332 1342 2421 intelligens,
1375 2331 1433 2401 in·

449 2437 763 2519 communicabile,
788 2460 863 2508 non
877 2446 1111 2509 sustentatum
1124 2433 1164 2502 in
1180 2433 1263 2507 alio.

550 2583 612 2663 40.
644 2586 759 2660 Tanta
783 2613 871 2659 cum'
889 2588 962 2659 sint
985 2584 1196 2672 certamina,
1226 2581 1290 2656 oro
1311 2583 1428 2677 ipsum

446 2688 562 2758 filium
583 2688 648 2760 Dei
670 2690 869 2762 Dominum
898 2702 1061 2761 nostrum
1091 2684 1208 2758 lesum
1234 2681 1431 2768 Christum,

446 2789 509 2882 qui
528 2789 634 2861 dixit:
670 2789 799 2862 Venite
820 2791 866 2861 ad
887 2814 943 2862 me
965 2811 1106 2877 omnes,
1131 2788 1193 2881 qui
1207 2787 1377 2858 laboratis
1392 2801 1427 2858 et

447 2891 583 2962 onerati
598 2892 692 2977 estis,
716 2905 751 2963 ct
764 2913 828 2982 ego
842 2892 994 2982 reficiam
1011 2913 1087 2976 vos,
1110 2902 1152 2960 ut
1165 2913 1231 2960 uos
1245 2890 1430 2977 gubernet,

445 3006 480 3062 et
498 2993 639 3084 copulet
654 3007 789 3078 mentes
804 3005 840 3063 et
855 2994 961 3064 corda
976 2991 1213 3084 plurimorum
1236 2991 1276 3058 in
1298 2990 1430 3059 nostris

442 3086 630 3181 Ecclesiis‚
652 3108 693 3166 ut
707 3117 818 3166 unum
832 3094 943 3164 simus
959 3092 1108 3185 inipso,
1133 3104 1169 3163 et
1192 3090 1283 3162 sicut
1303 3091 1342 3159 in
1357 3089 1431 3160 Da-

444 3193 537 3264 niele
548 3197 718 3288 scriptum
734 3209 804 3276 est,
824 3194 862 3265 in
877 3194 985 3266 tantis
1007 3193 1150 3286 praeliis
1169 3205 1237 3264 stet
1260 3216 1325 3283 pro
1347 3193 1430 3262 filiis

444 3297 567 3387 populi
582 3298 639 3369 sui
654 3311 688 3369 et
702 3296 847 3368 adiuvet
859 3318 936 3383 nos,
950 3319 1016 3366 uec
1031 3294 1124 3366 sinat
1138 3294 1296 3384 extingui
1313 3295 1428 3366 lucem

443 3396 611 3473 veritatis.

544 3530 606 3606 41.
637 3529 739 3603 Nihil
751 3527 839 3605 haec
863 3555 966 3604 curae
990 3548 1072 3604 sunt
1086 3530 1257 3621 Papistis,
1280 3534 1344 3626 qui
1365 3556 1429 3603 sua

444 3631 541 3701 idola
556 3648 802 3724 propugnant,
823 3637 952 3705 docent
965 3634 1229 3704 invocationem
1250 3647 1429 3705 creatura-

443 3755 525 3801 rum
542 3731 761 3825 absentium,
786 3760 876 3831 quae
895 3729 1117 3808 horribiliter
1136 3735 1301 3807 obscurat
1323 3736 1428 3806 invo-

443 3833 618 3917 cationem
634 3835 701 3905 lilii
717 3833 795 3911 Dei.

540 3970 601 4044 42·
625 3967 674 4043 Et
687 3971 810 4043 colunt
822 3971 979 4042 Maozim
993 3995 1080 4043 auro
1098 3984 1131 4041 et
1146 3983 1304 4059 argento.
1336 3966 1427 4039 Ner-

441 4095 503 4143 vus
517 4085 569 4144 est
583 4073 678 4144 euim
694 4075 873 4166 potentiae
889 4086 924 4144 et
937 4098 1044 4165 opum
1062 4071 1323 4165 pontificiarum
1346 4072 1427 4161 opi-

440 4175 518 4260 nio,
551 4177 647 4268 quod
669 4177 776 4245 missa
799 4187 976 4245 mereatur
996 4174 1240 4245 remissionem
1264 4186 1425 4263 peccato-

437 4299 536 4363 rum,
563 4291 597 4347 et
611 4279 732 4348 omnia
749 4277 842 4348 bona
858 4276 902 4344 iis
918 4301 981 4366 pro
998 4277 1127 4370 quibus
1145 4274 1196 4345 fit.
1245 4272 1340 4348 Cum
1360 4297 1424 4342 au-

437 4390 507 4442 tem
523 4379 708 4471 multiplex
725 4380 771 4450 sit
787 4378 967 4447 idolorum
984 4379 1118 4460 cultus,
1143 4376 1181 4443 in
1198 4375 1302 4466 missa
1321 4375 1424 4464 papi-

439 4475 537 4556 stica‚
561 4499 699 4550 necesse
711 4494 762 4552 est
776 4478 924 4551 obedire
938 4473 1023 4547 huic
1038 4477 1150 4545 dicto:
1173 4474 1299 4562 Fugite
1314 4475 1422 4547 idola.

438 4572 511 4642 Nec
526 4574 620 4644 ullus
635 4579 726 4651 ritus
739 4577 846 4654 habet
864 4579 1041 4650 rationem
1058 4575 1296 4659 sacramenti,
1320 4590 1362 4648 ut
1383 4577 1423 4646 in

438 4672 596 4789 Ecclesia
611 4677 809 4771 loquimur,
832 4683 902 4754 nisi
916 4682 955 4752 in
970 4678 1049 4773 ipso
1063 4700 1149 4764 usu,
1172 4677 1235 4772 qui
1248 4677 1423 4749 divinitus

439 4776 620 4849 sustitutus
633 4793 696 4855 est.

538 4909 599 4980 48.
623 4910 807 4988 Discamus
821 4923 1017 4992 doctrinam
1033 4919 1170 4987 devera
1188 4916 1422 5000 invocatione,

438 5023 473 5079 et
495 5022 657 5082 tueamur
675 5027 782 5087 verae'
793 5016 968 5095 Ecclesiae
989 5022 1190 5091 societatem
1216 5032 1249 5089 et
1271 5018 1422 5087 coniun-

435 5112 610 5199 ctionem,
632 5118 770 5188 etiamsi
785 5132 836 5189 est
850 5122 966 5215 aliqua
981 5123 1222 5193 membrorum
1239 5117 1422 5188 dissimili-

434 5213 543 5298 tudo,
582 5239 673 5308 quae
700 5232 819 5290 tamen
846 5222 890 5289 de
912 5222 1144 5295 fundamento
1167 5244 1250 5292 vere
1272 5241 1422 5288 consen·
1467 5268 1470 5273 -

435 5315 546 5399 tium,
573 5330 609 5387 et
625 5320 735 5395 simus
750 5320 933 5410 vigilantes
948 5324 1152 5396 invitandis
1178 5322 1285 5393 idolis
1312 5333 1346 5392 et
1365 5322 1421 5390 fa-

434 5417 560 5487 naticis
588 5423 833 5512 opinionibus.
900 5419 1045 5512 Semper
1064 5422 1258 5496 Ecclesiam
1285 5421 1424 5515 praeci-

431 5541 502 5607 pue
528 5520 601 5589 duo
628 5546 757 5613 genera
783 5519 940 5593 hostium
969 5542 1207 5599 exercuerunt.
1267 5523 1327 5595 Ab
1351 5547 1422 5593 una

432 5634 531 5708 parte
542 5619 728 5696 Pharisaei
744 5637 930 5719 sequentes
945 5621 1093 5692 rationis
1102 5620 1282 5698 'humanae
1297 5624 1423 5715 imagi-

432 5721 609 5800 nationes.
660 5726 991 5799 abalienantem
1016 5735 1115 5814 parte
1134 5727 1278 5799 fanatici
1303 5723 1423 5797 homi-

361 5879 364 5885 .
433 5843 497 5890 nes
520 5823 583 5916 qui
606 5840 642 5898 et
666 5826 925 5901 enthusiasmos
947 5825 1169 5909 iactitarunt,
1208 5828 1331 5920 quales
1352 5828 1423 5922 ipsi

484 5922 672 5998 Mamm.
698 5935 804 6003 Orza.
828 5933 913 6003 voc.
939 5929 1018 6000 XII.

1485 685 1846 768 LANTHONIS.
2407 685 2483 786 610

1492 862 1696 985 audivimus
1717 865 1853 959 aliquot
1867 833 2116 983 hnabaptistas
2137 872 2301 964 gloriari,
2325 904 2478 973 quorum

1490 979 1683 1037 vamtatem
1701 980 1820 1057 postea
1834 967 2025 1040 tristissimi
2040 986 2185 1045 eventus
2200 982 2442 1058 ostenderunt.

1593 1111 1655 1187 44.
1695 1110 1832 1213 Omnes
1861 1118 1912 1209 pii
1930 1124 2039 1190 'suam
2061 1120 2321 1200 invocationem
2345 1136 2479 1225 cogita-

1489 1216 1588 1288 tione
1617 1214 1817 1289 discernere
1848 1220 1983 1293 debent,
2005 1223 2050 1292 ab
2082 1220 2222 1299 ethnica
2248 1244 2283 1303 ct
2312 1238 2476 1312 omnium

1488 1318 1639 1436 aliarum
1657 1330 1829 1392 sectamm
1850 1320 2084 1399 invocatione.
2136 1325 2283 1401 Necesse
2300 1347 2352 1405 est
2367 1336 2477 1426 igitur

1487 1417 1621 1490 cntueri
1635 1415 1751 1491 Deum
1768 1423 1979 1511 patefactum
1996 1421 2192 1502 illustribus
2209 1433 2422 1508 testimoniis
2435 1440 2474 1510 in

1486 1514 1656 1607 Ecclesia,
1681 1535 1716 1593 et
1728 1521 1884 1613 cogitare
1899 1523 2011 1594 editas
2026 1529 2289 1620 promissiones,
2311 1537 2402 1611 sicut
2417 1538 2475 1610 la-

1486 1621 1554 1691 cob
1568 1634 1746 1712 precatur:
1771 1622 1867 1695 Deus
1886 1638 2026 1714 patrum
2047 1652 2206 1700 meorum
2220 1630 2403 1709 Abraham
2436 1657 2471 1715 et
2554 1647 2562 1704 ζ
2693 1677 2697 1690 ·

1487 1718 1602 1807 Isaac,
1628 1721 1666 1791 id
1692 1737 1764 1809 est,
1797 1727 1915 1818 quite
1938 1725 2130 1819 patefecisti
2152 1732 2348 1809 illustribus
2369 1744 2471 1812 testi·

1485 1821 1617 1893 moniis
1632 1822 1721 1893 meis
1735 1825 1892 1916 patribus
1907 1841 1941 1898 et
1953 1831 2130 1900 tradidisti
2146 1834 2196 1901 eis
2214 1830 2304 1907 hanc
2317 1823 2470 1931 promis-

1484 1924 1634 1995 sionem.
1682 1919 1732 1996 Et
1746 1937 1866 2015 postea
1879 1924 2147 2018 dicitEcclesia,
2173 1933 2269 2007 Deus
2285 1954 2382 2030 pater
2395 1944 2469 2015 Do-

1484 2025 1576 2110 mini
1592 2025 1706 2096 nostri
1722 2023 1802 2097 lesu
1818 2022 1967 2113 Christi,
1992 2043 2027 2101 et
2048 2033 2296 2123 cogitationem
2318 2045 2471 2132 promis-

1483 2126 1595 2197 sionis
1610 2126 1723 2198 adfert
1738 2127 1783 2197 ad
1791 2124 1925 2198 Deum:
1952 2126 2130 2224 Quicquid
2149 2138 2320 2226 petieritis
2335 2156 2470 2234 patrem

1483 2228 1523 2297 in
1538 2228 1685 2298 nomine
1705 2251 1795 2313 meo,
1809 2229 1909 2301 dabit
1924 2231 2036 2324 vobis.
2072 2230 2124 2307 lta
2143 2237 2230 2306 etin
2246 2240 2470 2318 invocatione

1482 2352 1582 2402 mens
1603 2328 1760 2418 cogitans
1779 2354 1885 2425 quem
1907 2327 2042 2418 Deum,
2080 2334 2144 2405 ubi
2166 2340 2397 2431 patefactum,
2434 2364 2471 2420 et

1483 2430 1690 2502 distinctum
1706 2453 1726 2500 a
1740 2429 1991 2502 commentitiis
2006 2435 2214 2507 numinibus
2229 2440 2385 2532 invocet,
2410 2450 2472 2518 in-

1482 2542 1601 2603 tuetur
1617 2531 1745 2623 scripta
1765 2528 1992 2625 prophetica,
2018 2547 2053 2607 et
2074 2536 2181 2610 simul
2200 2544 2470 2633 promissionem

1479 2632 1627 2724 cogitat,
1650 2644 1692 2705 ut
1706 2633 1791 2703 fides
1806 2636 2028 2713 accendatur.
2079 2634 2175 2711 Haec
2190 2645 2353 2719 exercitia
2366 2649 2470 2722 invo-

1480 2734 1630 2807 cationis
1646 2748 1783 2807 noruut
1797 2759 1922 2807 omnes
1936 2737 2001 2829 pii.

1582 2882 1643 2955 4⁵.
1664 2885 1785 2977 Quare
1799 2911 1904 2958 nemo
1919 2887 2012 2959 sinat
2029 2911 2066 2959 se
2079 2892 2208 2962 abduci
2223 2917 2242 2963 a
2257 2900 2469 2986 cogitatione

1479 2982 1603 3076 scripti
1632 2986 1734 3057 verbi
1764 2999 1799 3056 et
1830 3011 1850 3058 a
1879 2989 2079 3060 ministerio
2107 2989 2295 3084 Evangelii
2324 3015 2469 3091 propter

1479 3084 1827 3180 grandiloquentiam
1865 3088 2218 3177 Stenkefeldianam‚
2266 3099 2328 3167 sed
2363 3098 2469 3174 Pauli

1479 3212 1601 3262 vocem
1616 3189 1822 3269 audiamus,
1852 3191 1916 3283 qui
1940 3191 2007 3262 ait:
2043 3191 2168 3263 Sermo
2185 3190 2252 3265 Dei
2273 3192 2409 3272 habitet
2429 3204 2469 3273 in

1479 3289 1582 3359 vobis
1594 3292 1737 3360 abunde
1753 3291 1906 3359 inomni
1922 3293 2107 3383 sapientia,
2133 3306 2168 3363 et
2185 3296 2307 3370 docete
2322 3314 2355 3372 et
2371 3327 2468 3372 com-

1478 3392 1765 3465 monefacitevos
1779 3405 1915 3463 mutuo.
1966 3392 2039 3466 Ubi
2054 3396 2153 3489 loqui
2170 3420 2250 3466 eum
2266 3403 2310 3471 de
2325 3415 2468 3476 externa

1480 3493 1641 3565 doctrina
1656 3506 1829 3564 testantur
1843 3488 1929 3563 haec
1953 3496 2081 3582 verba,
2107 3499 2201 3590 quod
2224 3499 2324 3574 iubet
2347 3508 2468 3577 etalii

1478 3595 1751 3684 aliosdoceant‚
1775 3593 1861 3665 item
1883 3608 2003 3686 postea
2027 3598 2244 3669 mentionem
2266 3604 2350 3676 facit
2367 3604 2467 3677 Psal-

1479 3720 1631 3766 morum.
1681 3692 1799 3766 Simul
1820 3710 1939 3767 autem
1962 3696 2114 3770 sciamus
2134 3701 2355 3774 verissimum
2380 3732 2466 3794 esse,

1476 3798 1541 3867 ubi
1556 3793 1819 3886 vorEvangelii
1834 3796 1903 3866 lide
1916 3798 2107 3892 accipitur,
2129 3801 2182 3871 ibi
2199 3827 2281 3873 vere
2295 3805 2389 3877 lilius
2398 3806 2466 3880 Dei

1418 3910 1420 3914 ’
1477 3893 1586 3997 λόγος
1598 3899 1637 3968 ἱο
1650 3901 1756 3969 corde
1770 3910 1821 3969 est
1836 3899 1975 3983 efficax,
2001 3901 2157 3973 ostendit
2171 3904 2281 4002 patris
2299 3908 2465 3980 volunta-

1477 4014 1568 4088 tem,
1593 4014 1628 4071 et
1643 4003 1704 4070 dat
1712 3998 1885 4090 Spiritum
1903 4015 2083 4083 sanctum,
2109 4004 2225 4095 quiin
2242 4008 2347 4077 corde
2362 3996 2465 4083 laeti.

1476 4103 1562 4173 tiam
1588 4114 1624 4171 et
1644 4098 1906 4169 invocationem
1931 4102 2100 4196 accendit
2164 4102 2259 4174 Haec
2284 4107 2323 4199 in
2343 4116 2464 4202 quoii.

1477 4205 1580 4272 diana
1597 4199 1822 4270 invocatione
1837 4210 1872 4268 et
1888 4200 2129 4272 consolatione
2142 4205 2341 4292 discuntur,
2367 4213 2464 4284 unde

1476 4318 1509 4374 et
1524 4323 1625 4371 verae
1639 4297 1818 4370 Ecclesiae
1831 4299 2033 4371 testimonia
2048 4303 2214 4374 adversos
2229 4301 2393 4380 homiues
2409 4314 2463 4384 fa-

1475 4404 1613 4473 naticos
1625 4401 1716 4472 sumi
1731 4414 1892 4494 possunt.
1942 4397 2020 4472 Oro
2035 4417 2151 4475 autem
2169 4407 2283 4475 fitium
2300 4407 2367 4479 Dei
2385 4411 2463 4486 Do.

1475 4507 1613 4575 minum
1629 4500 1917 4574 nostmmlesum
1925 4499 2120 4592 Christum,
2140 4520 2181 4578 ut
2193 4507 2284 4577 sicut
2296 4510 2334 4578 in
2351 4535 2462 4602 agone

1475 4619 1634 4699 precatus
1650 4617 1716 4675 est:
1733 4602 1848 4691 Pater,
1865 4604 1972 4695 dilige
1986 4628 2047 4677 eos
2061 4629 2101 4676 ea
2117 4607 2307 4680 dilectione
2320 4637 2389 4707 qua
2406 4640 2463 4687 me

1474 4708 1612 4798 diligis,
1637 4707 1686 4779 ita
1701 4730 1766 4799 pro
1786 4705 1890 4776 nobis
1906 4731 2047 4800 quoque
2065 4731 2203 4804 semper
2218 4727 2401 4804 precetur,
2427 4733 2463 4791 et

1474 4835 1539 4882 nos
1552 4812 1677 4882 doceat
1691 4822 1726 4881 et
1738 4809 1931 4899 gubernet,
1954 4804 2083 4886 Amen.

1472 5055 1531 5122 Ec*
1553 5046 1721 5124 secunda
1743 5052 1916 5120 oratione
1932 5016 2172 5124 Noetanzem’
2194 5049 2242 5123 de
2258 5044 2348 5158 filio
2370 5059 2459 5135 Dei.
2502 5072 2506 5081 ‘

1472 5200 1489 5218 ⁵*
1549 5209 1661 5286 Ἀλλὰ
1680 5206 1739 5284 ἐπὶ
1753 5207 1821 5291 τὰς
1832 5213 1902 5282 τοῦ
1917 5207 2005 5282 υἱοῦ
2017 5210 2160 5306 κλήσεις
2175 5211 2345 5311 ἔλθοιμεν
2360 5219 2467 5298 δοκεῖ

1471 5311 1548 5416 γάρ
1569 5341 1634 5408 μοι
1658 5311 1854 5412 λέγεσθαι,
1887 5307 1967 5393 υἱὸς
1986 5307 2077 5405 μὲν,
2111 5310 2168 5387 ὅτι
2183 5322 2240 5412 τῷ
2254 5320 2367 5418 πατρὶ
2380 5324 2460 5398 κατ’
2513 5351 2517 5359 ·

1473 5412 1611 5491 οὐσίαν
1624 5410 1714 5508 μὲν,
1738 5405 1937 5504 ὃμοούσιος
1961 5409 2056 5505 ἐστὶ,
2089 5409 2198 5515 λόγος
2210 5413 2251 5492 dd
2272 5419 2328 5492 ὅτι
2343 5422 2461 5507 οὕτως

1473 5519 1546 5611 ἔχει
1563 5514 1655 5613 πρὸς
1669 5511 1737 5588 τὸν
1750 5511 1911 5609 πατέρα’,
1938 5510 1989 5596 ὥς
2002 5514 2093 5611 πρὸς
2106 5524 2202 5593 νοῦν
2214 5514 2322 5617 λόγος
2334 5519 2398 5596 διὰ
2417 5523 2461 5598 τὸ

1469 5614 1620 5701 ’ἀπαθὲς
1641 5622 1705 5713 τῆς
1729 5608 1929 5716 γενήσειος,
1956 5613 2021 5690 καὶ
2045 5617 2316 5718 ἐξαγγιλτικὸν,
2343 5620 2461 5699 δύνα.

1472 5714 2027 5818 praedamnatorium
2045 5717 2282 5818 γενομένων,
2309 5719 2372 5796 καὶ
2392 5725 2462 5823 τὴν

1471 5828 1541 5900 τοῦ
1558 5819 1784 5918 συνέχεσθαι
1792 5823 1918 5995 ἔαῡτα
1931 5823 2107 5917 χορηγῶν
2123 5816 2300 5912 δύναμιν.
