6025 6775
498 613 573 686 929
1052 598 1104 690 1..
1134 533 1703 718 cunomcoucamoms.
1752 597 1881 678 raus
1908 601 1956 682 11.
2441 623 2519 699 930

504 780 655 851 deletam
679 796 753 845 esse
776 768 936 864 politiam
959 764 1155 853 Iudaicam,
1193 780 1228 842 ει
1249 765 1366 841 Deum
1386 768 1485 840 nolle
1534 766 1628 838 dere.
1672 764 1799 841 Facete
1814 772 1907 845 dicta
1921 774 2026 846 etiam
2042 778 2179 869 placide
2196 785 2290 859 tulit.
2335 786 2533 879 Ingressus,

505 903 580 950 eam
595 874 749 949 restitui,
1534 868 1573 936 in
1596 869 1742 939 domum
1769 874 1874 943 amici
1897 899 1976 945 cum
2001 877 2052 947 ibi
2079 880 2220 955 vidisset
2250 883 2515 982 porphyreticas

605 976 703 1048 Haec
720 972 864 1045 Iudaica
888 965 1033 1056 historia
1053 968 1093 1039 in
1106 963 1188 1039 'vita
1202 965 1357 1039 Adriani
1380 991 1482 1061 prae-
1533 968 1734 1056 columnas,
1760 971 1993 1066 interrogavit
2008 980 2104 1050 unde
2119 984 2246 1056 allatae
2261 989 2399 1059 essent?
2438 987 2514 1063 Re·

504 1083 608 1172 cipue
623 1078 728 1166 digna
743 1087 794 1145 est
807 1069 1098 1143 consideratione.
1144 1066 1186 1138 ln
1202 1070 1280 1160 ipso
1293 1094 1378 1139 vero
1391 1092 1482 1163 quae
1532 1071 1677 1160 spondit
1691 1075 1957 1162 paterfamilias:
1986 1076 2028 1148 ln
2045 1081 2160 1152 aliena
2176 1087 2283 1155 domo
2306 1092 2452 1159 surdum
2479 1105 2515 1163 et

504 1180 711 1270 magnitudo
743 1170 895 1264 ingenii,
945 1169 1172 1254 eruditionis,
1221 1169 1417 1240 industriae
1447 1182 1482 1240 et
1530 1183 1669 1242 mutum
1686 1195 1758 1242 esse
1774 1177 1886 1263 decet,
1910 1177 1945 1246 id
1963 1192 2025 1265 est,
2049 1180 2123 1253 Nec
2137 1184 2285 1257 fabellas
2300 1188 2514 1276 efferentem,

504 1279 646 1352 consilii
659 1274 781 1353 fuerit,
806 1272 942 1360 legatur
956 1272 1050 1360 apud
1066 1269 1166 1339 alios.
1205 1267 1331 1341 Studia
1348 1270 1480 1342 doctri-
1531 1293 1597 1340 nec
1634 1272 1772 1362 curiose
1805 1278 2037 1351 sciscitantem
2067 1283 2200 1371 aliena,
2247 1310 2313 1358 nec
2344 1303 2512 1382 petacem.

504 1405 632 1451 narum
655 1372 829 1446 intellexit
854 1385 889 1442 et
912 1369 1064 1443 ornavit.
1113 1367 1283 1441 Removit
1298 1394 1317 1440 a
1332 1394 1479 1442 munere
1528 1368 1730 1444 Delectatus
1745 1389 1796 1446 est
1818 1377 2011 1468 imperator
2032 1377 2098 1454 hac
2119 1386 2293 1460 libertate.
2345 1389 2512 1463 Mortuus

504 1478 654 1551 docendi
670 1498 796 1568 pamm
811 1473 976 1555 idoneos,
1000 1469 1091 1540 datis
1105 1470 1295 1555 alimentis,
1320 1486 1354 1542 et
1367 1474 1479 1563 magis
1530 1484 1581 1541 est
1595 1496 1691 1544 anno
1708 1476 1833 1570 aetatis
1846 1500 1929 1549 suae
1947 1486 2215 1575 septuagesimo.

501 1582 650 1652 idoneos
661 1573 838 1669 praefecit.
886 1567 1043 1641 Certavit
1061 1594 1140 1640 cum
1154 1572 1267 1643 doctis
1281 1573 1477 1657 {scribendo

501 1663 536 1752 et
551 1676 778 1771 disputando.
830 1667 1032 1760 Quotannis
1048 1672 1116 1740 sibi
1133 1673 1273 1766 scripsit
1285 1672 1361 1763 ipse
1374 1697 1476 1766 prae-

501 1781 674 1852 dictiones
686 1772 956 1857 astronomicas,
981 1773 1163 1862 respondit
1177 1789 1211 1845 et
1225 1774 1344 1863 inepte
1357 1773 1477 1846 iocan-

501 1881 609 1956 tibua.
661 1876 817 1968 Quidam
831 1870 940 1942 Poeta
957 1893 1078 1941 versus
1093 1872 1125 1941 ei
1141 1868 1362 1945 exhibuerat:
1629 1864 1878 1944 MAurelr'us
1886 1870 2098 1949 Antoninus
2106 1872 2358 1978 Philosophus
2374 1905 2510 1956 succes-

705 1980 771 2063 Ego
790 1982 863 2041 nolo
880 1976 984 2042 cacan
1000 1999 1071 2055 esse,
1436 2041 1442 2059 ,
1526 1970 1573 2041 sit
1587 1967 1771 2042 Antonino
1788 1970 1873 2058 Pio,
1897 1975 2040 2048 volente
2053 1978 2196 2053 Senatu.
2248 1983 2382 2058 Tenuit
2395 1986 2510 2079 impe·

703 2081 869 2145 Ambulare
883 2101 937 2161 per
949 2076 1122 2158 Britannos,
1528 2071 1624 2141 rium
1639 2096 1752 2142 annos
1766 2076 1886 2144 decem
1903 2087 1938 2144 et
1950 2100 2097 2164 novem,
2122 2082 2198 2151 dies
2211 2085 2388 2161 undecim.
2434 2086 2511 2157 lni-

705 2180 859 2266 Soytbioas
871 2184 935 2261 peti
949 2185 1081 2262 pruinas.
1527 2171 1577 2242 tio
1593 2172 1738 2266 imperii
1753 2174 1921 2265 collegam
1935 2176 2019 2246 fecit
2032 2178 2174 2249 fratrem
2189 2176 2241 2253 L.
2256 2179 2409 2258 Verum.
2455 2184 2509 2258 Ac

500 2279 595 2374 Hpic
610 2300 691 2347 mox
704 2275 895 2368 respondit,
919 2276 1087 2345 deridens
1100 2272 1176 2344 eius
1192 2273 1351 2369 cynicam
1366 2273 1474 2345 simu-
1527 2272 1682 2363 primum
1707 2288 1793 2345 tunc
1811 2299 1956 2366 regnare
1970 2271 2045 2348 duo
2060 2272 2224 2373 Augusti
2242 2286 2321 2376 pari
2336 2299 2506 2378 potestate

500 2378 689 2450 lationem:
1527 2387 1714 2465 ceperunt.

698 2480 765 2565 Ego
780 2483 853 2543 nolo
867 2477 975 2541 Florus
988 2501 1065 2572 esse,
1587 2543 1600 2568 ‚
1628 2474 1821 2548 Sciendum
1837 2490 1889 2550 est
1903 2490 2041 2566 autem,
2073 2504 2148 2551 non
2171 2482 2279 2554 fuisse
2301 2508 2360 2555 eos
2381 2483 2509 2558 natura

697 2583 865 2652 Ainbutrre
878 2602 932 2662 per
947 2582 1092 2659 tabernas,
1526 2576 1671 2661 fratres,
1704 2581 1766 2648 sed
1787 2578 1989 2670 adoptione.
2045 2576 2094 2653 Et
2115 2596 2155 2653 ut
2177 2584 2334 2655 discerni
2354 2587 2510 2660 familiae

698 2681 832 2746 Latiare
846 2704 899 2764 per
915 2685 1055 2764 popinas,
1526 2676 1682 2766 possint,
1730 2679 1912 2749 sciendum
1949 2692 2004 2750 est
2037 2682 2083 2751 ab
2111 2681 2274 2756 Adriano
2304 2689 2508 2779 adoptatum

701 2783 819 2849 Culioes
833 2786 897 2865 pati
912 2783 1068 2845 rotundos·
1526 2775 1633 2846 fuisse
1663 2777 1769 2847 initio
1792 2777 1936 2849 Aelium
1959 2777 2115 2867 Verum,
2152 2808 2222 2877 quo
2253 2800 2395 2860 mortuo
2426 2801 2508 2859 ante

500 2881 700 2956 Morituros
717 2878 966 2972 pronunciavit
980 2872 1045 2947 hos
1062 2898 1202 2948 versus:
1525 2874 1661 2965 ipsum,
1686 2878 1820 2949 deinde¹
1836 2879 2019 2970 adoptavit
2035 2875 2261 2956 Antoninum
2275 2884 2394 2958 Pium.

619 3063 622 3068 Ι
705 2987 852 3049 Animula
865 2989 974 3066 vagula
989 2984 1140 3061 blandula,
1526 2971 1656 3044 Aelius
1670 2972 1715 3048 V
1709 2999 1802 3054 erus.
1837 2973 2048 3049 Antoninus
2073 2974 2173 3051 Pius
2197 2985 2378 3076 adoptavit
2407 2982 2509 3055 Mar·

662 3166 666 3175 ’
703 3088 821 3171 Hospes
835 3108 994 3170 comesque
1008 3088 1154 3167 corporis,
1352 3167 1355 3173 .
1676 3071 1685 3172 Ι
1838 3104 1920 3150 cum
1957 3077 2185 3153 Antoninum
2235 3079 2509 3179 Philosophum,

708 3186 797 3271 Quae
810 3212 891 3251 nune
904 3191 1045 3250 sbibtsin
1060 3183 1153 3249 loce?
1527 3170 1578 3246 L·
1588 3170 1721 3255 Verus,
1731 3201 1796 3246 na·
1834 3194 1958 3251 natum
1981 3203 2029 3251 ex
2059 3183 2167 3254 fratre
2187 3187 2308 3256 uxoris
2329 3182 2508 3257 Antonini

703 3288 871 3368 Pallidula,
895 3290 1009 3370 rigide,
1034 3290 1159 3372 nudula,
1549 3291 1606 3347 tus
1621 3301 1662 3346 ex
1677 3276 1781 3346 Aelio
1832 3279 1910 3362 Pii,
1962 3282 2126 3354 videlicet
2162 3308 2204 3355 ex
2241 3282 2366 3383 Annio
2398 3285 2507 3363 Vero.

697 3392 762 3458 Neo
776 3397 903 3456 utsoles
918 3392 1110 3452 dabisiocos.
1197 3400 1201 3411 ’
1621 3374 1728 3448 Vero·
1828 3377 2371 3477 Adopidvlipluselhvemm,
2392 3388 2506 3460 filium

501 3487 600 3559 Talis
627 3500 679 3560 est
709 3489 851 3582 querela
879 3499 914 3556 et
939 3483 1115 3556 dubitatio
1136 3482 1174 3549 in
1199 3479 1379 3551 mentibus
1392 3501 1474 3547 non
1835 3479 1929 3553 Aelii
1945 3484 2041 3557 Veri.

499 3587 715 3661 confirmatis
729 3590 807 3659 luce
824 3586 1006 3658 doctrinae
1020 3580 1256 3655 Christianae.
1309 3578 1475 3649 Mortuus
1628 3577 1752 3649 Mores
1779 3581 1991 3673 collegarum
2022 3586 2208 3658 dissimiles
2243 3589 2402 3660 luerunt.
2466 3588 2507 3661 L.

499 3704 551 3760 est
571 3713 666 3760 anno
690 3689 813 3760 aetatis
833 3711 916 3760 suae
930 3687 992 3761 63.
1051 3681 1144 3755 Ossa
1165 3682 1307 3753 condita
1330 3693 1414 3750 sunt
1436 3679 1474 3747 in
1527 3676 1642 3749 Verus
1658 3682 1900 3772 voluptatibus
1915 3687 2055 3757 deditus
2071 3686 2158 3772 suit,
2183 3692 2243 3758 sed
2260 3687 2376 3761 Marci
2393 3689 2507 3762 virtus

495 3790 591 3861 mole
604 3786 774 3874 Adriani,
799 3813 888 3882 quae
914 3812 1009 3860 nunc
1023 3784 1161 3860 Romae
1181 3797 1233 3854 est
1248 3776 1332 3852 Arx
1353 3778 1478 3851 sancti
1525 3780 1612 3852 texit
1647 3781 1732 3851 vitia
1762 3782 1885 3870 Lucii,
1929 3800 1964 3857 et
1996 3789 2239 3859 moderatione
2265 3812 2305 3859 ac
2333 3790 2506 3881 patientia

496 3887 648 3985 Angeli,
1526 3880 1643 3951 Marci
1657 3883 1847 3955 concordia
1862 3898 1997 3958 retenta
2012 3901 2078 3974 est,
2102 3889 2192 3959 sicut
2206 3890 2302 3962 inter
2315 3891 2507 3963 dissimiles

1292 3970 1310 3999 ⁶
1525 4006 1601 4052 non
1633 3997 1746 4074 potest
1775 3985 1920 4053 retineri
1949 3988 2157 4070 concordia,
2188 3991 2258 4060 nisi
2281 3991 2428 4064 alterius
2448 4015 2506 4062 sa·

546 4090 654 4165 Anno
693 4089 820 4162 mundi
859 4104 983 4185 quater
1023 4087 1236 4170 millesimo,
1283 4084 1473 4156 centesimo
1525 4083 1657 4174 pientia
1673 4095 1707 4152 ει
1721 4095 1819 4151 sanet
1834 4098 1868 4153 et
1883 4084 1972 4154 ferat
1986 4086 2209 4161 deteriorem.

644 4246 647 4253 ,
699 4192 827 4285 primo.
1628 4180 1727 4250 Mota
1743 4195 1777 4252 et
1798 4204 1953 4272 repressa
1973 4199 2025 4257 est
2046 4189 2192 4260 saevicia
2216 4190 2384 4261 adversus
2397 4184 2505 4261 Chri.

548 4292 799 4365 AnnoRomae
813 4288 1104 4378 octingentesimo
1118 4285 1354 4375 octuagesimo
1368 4306 1476 4355 nono.
1526 4281 1658 4351 stianos
1674 4279 1788 4352 Marci
1803 4294 1981 4375 tempore,
2012 4299 2053 4356 ut
2077 4301 2194 4378 postea
2214 4291 2348 4376 dimm,
2381 4293 2440 4361 sed
2465 4291 2504 4359 in
2578 4376 2581 4383 Ι

548 4392 655 4465 Anno
670 4389 803 4466 Christi
817 4389 1006 4462 centesimo
1024 4388 1200 4460 tricesimo
1214 4409 1321 4455 nono.
1527 4382 1694 4452 omuibus
1731 4383 1812 4477 aliis
1847 4384 2007 4476 partibus
2036 4389 2299 4477 gubernationis
2341 4391 2504 4482 princeps

1526 4483 1680 4574 optimus
1702 4483 1790 4573 luit,
1825 4485 1982 4576 sapiens,
2014 4488 2144 4574 iustus,
2171 4490 2370 4577 modestus,
2394 4491 2504 4562 bene-

1525 4584 1628 4668 ficus,
1653 4608 1775 4656 amans
1790 4600 1824 4657 et
1838 4582 2039 4677 intelligens
2054 4589 2307 4666 doctrinarum.
2358 4589 2431 4662 Nec
2445 4593 2503 4659 in-

600 4689 809 4763 Antons'nus
818 4687 907 4763 Pius
922 4692 1108 4781 adoptatus
1122 4691 1167 4759 ab
1181 4683 1343 4758 Adriano
1360 4683 1475 4756 tenuit
1525 4684 1699 4755 foeliciter
1724 4686 1829 4776 gessit
1857 4686 1960 4757 bella.
2019 4684 2128 4769 Extat
2157 4690 2234 4761 eius
2261 4691 2417 4763 laudatio
2444 4692 2502 4760 in-

500 4795 689 4888 imperium
719 4815 836 4882 annos
862 4792 989 4885 viginti
1019 4802 1100 4862 tres.
1174 4786 1281 4859 Solus
1311 4784 1473 4855 omnium
1524 4785 1650 4874 signis,
1676 4799 1712 4857 et
1727 4787 1833 4876 digna
1847 4789 2017 4859 memoria
2036 4791 2128 4881 apud
2145 4788 2317 4878 Dionem,
2343 4787 2399 4861 his
2421 4815 2502 4862 ser-

498 4898 699 4990 principnm
716 4891 1088 4984 sinecivilisanguine
1107 4889 1188 4961 nite
1237 4887 1388 4959 Senatus
1409 4910 1473 4956 au·
1524 4887 1595 4958 bis:
1635 4884 1760 4979 ὅμοιος
1779 4881 1842 4960 διὰ
1865 4880 2019 4961 πάντων
2040 4887 2199 4988 ἐγένετοε
2228 4886 2293 4964 καὶ
2314 4890 2355 4964 ἐν
2375 4887 2500 4965 οὐδένι

497 4997 676 5069 toritatem
698 4991 845 5084 plurimi
864 4993 954 5067 fecit.
1014 4990 1057 5062 ln
1081 4989 1271 5060 iudicando
1295 4985 1472 5057 luriscon·
1522 4984 1698 5080 ἠλλιαίθη.
1744 4985 1910 5085 :tyanae
1927 4983 1969 5060 de*
1990 4982 2059 5084 ἦν,
2083 4987 2148 5063 καὶ
2170 4987 2283 5066 οὐδὲν
2303 4989 2499 5087 προςποίη·

491 5099 608 5183 ¹sultos
624 5092 809 5178 adhibuit,
834 5089 1044 5184 Ulpianum,
1069 5090 1279 5162 Marcellum
1293 5086 1473 5160 etlabole-
1521 5080 1914 5179 τονεῖχενΠαμπόλλα
1926 5083 1967 5161 δὲ
1980 5085 2044 5161 καὶ
2055 5086 2499 5190 ὑπὸπαιδείαςώφελήθη.

425 5264 431 5289 ,
497 5224 596 5274 num.
647 5195 832 5286 Stipendia
847 5194 1025 5264 literarum
1042 5184 1472 5282 ethilosophiaedocto·
1521 5184 1617 5258 Sunt
1645 5200 1762 5259 autem
1786 5189 1877 5258 duae
1895 5190 2052 5280 egregiae
2075 5192 2223 5265 virtutes
2244 5195 2284 5265 in
2306 5195 2443 5286 magnis
2465 5209 2499 5262 et

426 5306 443 5343 *³
495 5302 595 5373 ribus
610 5300 717 5370 etiam
735 5296 774 5365 in
790 5293 983 5386 provinciis
996 5293 1143 5367 attribui
1157 5289 1350 5364 constituit.
1400 5287 1472 5359 Ne-
1521 5286 1560 5355 in
1593 5287 1729 5379 parvis:
1779 5290 1977 5360 constantia
2007 5292 2047 5361 in
2079 5295 2297 5384 perferendis
2333 5295 2499 5377 adversis,

492 5404 584 5472 mini
607 5402 741 5471 bellom
764 5395 905 5479 intulit,
934 5392 1206 5466 sed-inferentes
1225 5390 1407 5483 repressit,
1430 5414 1472 5459 ac
1520 5412 1610 5481 quae
1635 5390 1727 5459 serre
1750 5390 1941 5461 necessaria
1961 5415 2065 5462 causa
2090 5409 2163 5479 est,
2198 5409 2233 5467 et
2246 5395 2498 5467 misericordia

495 5504 533 5571 in
558 5503 732 5573 limitibus
757 5493 968 5567 nominatim
991 5493 1195 5565 scribuntur
1217 5491 1364 5584 repressi
1383 5486 1471 5561 Daci
1520 5512 1600 5579 erga
1615 5490 1727 5575 cives,
1759 5491 1823 5560 ubi
1840 5494 1938 5563 decet
1955 5492 2061 5562 leniri
2075 5498 2315 5588 asperitatem,
2345 5509 2403 5580 ut,
2426 5492 2498 5589 Cy-

494 5616 526 5673 et
536 5599 654 5673 Alani.
689 5601 801 5690 Saepe
818 5595 981 5689 repetivit
996 5592 1126 5661 dictum
1136 5594 1332 5687 Scipionis:
1359 5591 1470 5662 Malle
1518 5611 1598 5677 rus,
1622 5590 1742 5691 Scipio
1759 5591 1903 5665 fuerunt
1918 5592 2009 5663 finni
2025 5596 2191 5668 adsersus
2207 5593 2322 5665 hostes
2342 5596 2499 5687 pertina-

492 5690 655 5774 seuuum
671 5704 783 5774 civem
798 5720 955 5784 servare,
986 5708 1093 5788 quam
1114 5694 1211 5764 mille
1232 5692 1349 5787 hostes
1373 5692 1463 5765 occi·
1517 5713 1593 5783 ces,
1629 5692 1873 5766 misericordes
1900 5716 1981 5785 erga
2007 5699 2185 5781 cedentes,
2223 5696 2319 5767 iuxta
2343 5696 2496 5769 dictum:

1663 1708 1717 1777 M.
1743 1650 2013 1784 Antoninus
2038 1712 2365 1812 Philosophus.

522 3227 558 3290 si:

775 4544 1044 4616 Antoniane
1069 4542 1196 4612 Pina.
