6025 6775
1076 797 1085 806 ’
1203 801 1348 875 879

1201 969 1454 1043 orandi
1487 963 1757 1045 Deum,
1805 971 1885 1031 ut
1928 958 2073 1048 ipse
2122 956 2443 1025 extrudat
2484 952 2844 1042 operarios
2873 951 2952 1019 in
2979 971 3168 1021 mes-

1203 1097 1345 1143 sem
1401 1090 1634 1145 suam,
1686 1061 1822 1132 hoc
1868 1073 2009 1127 est:
2051 1057 2184 1127 -det
2228 1056 2423 1146 pios,
2472 1053 2788 1138 sedulos,
2836 1054 3165 1122 modera-

1204 1189 1349 1252 tos,
1399 1168 1638 1240 fideles
1686 1175 1753 1231 et
1803 1160 2139 1228 salutares
2183 1155 2561 1239 Doctores,
2610 1155 2740 1245 qui
2785 1165 2856 1222 et
2902 1153 3174 1224 instru-

1206 1286 1444 1341 menta
1476 1268 1561 1335 ad
1594 1259 2177 1353 gubernationem
2196 1253 2550 1325 Ecclesiae
2583 1254 2970 1324 necessaria
3000 1254 3176 1321 affe-

1209 1384 1410 1452 rant,
1463 1362 1854 1453 ingenium,
1906 1359 2327 1441 doctrinam,
2366 1355 2616 1425 iudicii
2652 1354 3176 1433 rectitudinem,

1206 1487 1273 1539 et
1321 1464 1581 1535 similia
1627 1462 1854 1544 dona,
1901 1474 1973 1530 et
2020 1460 2110 1528 iis
2156 1457 2380 1527 velint
2430 1469 2617 1525 recte
2655 1456 2761 1525 uti
2814 1457 2903 1524 ad
2956 1455 3177 1523 colle-

1201 1572 1509 1639 ctionem
1540 1577 1609 1634 et
1639 1560 2194 1633 aedificationem
2223 1555 2609 1639 Ecclesiae,
2659 1579 2808 1625 non
2838 1558 2928 1624 ad
2966 1554 3178 1623 dissi-

1204 1670 1565 1761 pationem
1612 1678 1681 1733 et
1727 1661 2276 1733 destructionem
2320 1681 2605 1735 eorum,
2673 1679 2854 1748 quae
2898 1657 2988 1724 ab
3019 1653 3178 1723 aliis

1203 1791 1459 1856 magno
1486 1766 1751 1847 labore,
1798 1763 1935 1832 fide
1966 1786 2046 1832 ac
2070 1759 2406 1829 felicitate
2436 1769 2748 1828 extructa
2782 1769 2969 1825 sunt.

1411 1905 1749 1986 Eitrudit
1791 1923 2026 1981 autem
2071 1920 2142 1977 et
2184 1916 2384 1974 vocat
2429 1899 2622 1972 Deus
2687 1904 3046 1993 operarios
3096 1904 3178 1972 in

1209 2040 1503 2089 messem
1536 2035 1735 2083 suam
1764 2013 1938 2081 alias
1974 2005 2420 2089 immediate,
2474 2003 2648 2074 alias
2673 2017 2757 2074 ut
2788 2004 3180 2097 plurimum

1208 2145 1335 2213 per
1372 2114 1697 2186 homines
1735 2112 1891 2203 pios
1921 2122 1990 2179 et
2036 2107 2452 2198 prudentes,
2502 2104 2630 2199 qui
2670 2104 3007 2195 praesunt
3037 2102 3181 2175 Ec-

1211 2221 1500 2302 clesiae,
1544 2236 1847 2307 quorum
1897 2208 2311 2282 electionem
2361 2206 2508 2299 ipse
2552 2220 2789 2277 tamen
2833 2207 3178 2297 gubernat

1211 2338 1280 2392 et
1307 2322 1650 2389 fortunat.

1417 2467 1578 2538 Hoc
1648 2464 1864 2533 modo
1920 2473 2025 2531 est
2076 2471 2365 2530 vocatus
2414 2460 2504 2529 ad
2562 2478 2824 2527 munus
2880 2455 3183 2526 docendi

1221 2568 1693 2657 Evangelium
1739 2588 1781 2633 a
1810 2562 2078 2635 Senatu
2126 2560 2432 2654 inclytae
2466 2556 2886 2628 Academiae
2913 2554 3183 2646 Regio-

1222 2684 1633 2751 montanae‚
1699 2658 2125 2734 authoritate
2177 2674 2246 2728 et
2305 2660 2665 2729 voluntate
2720 2656 3183 2728 illustrissimi

1225 2768 1579 2858 Principis
1615 2788 1694 2835 ac
1724 2760 2021 2833 Domini
2049 2757 2142 2833 D.
2179 2758 2467 2831 ailberti
2496 2753 2939 2828 Marchionis
2951 2756 3185 2827 Bran-

1217 2865 1712 2957 deburgensis,
1762 2862 1981 2932 Ducis
2007 2859 2383 2930 Borussiae
2418 2872 2548 2928 etc.
2630 2858 2928 2930 Domini
2954 2857 3185 2928 nostri

1216 2965 1781 3045 clementissimi,
1831 2959 1949 3031 hic
1994 2962 2154 3052 pius
2200 2973 2267 3030 et
2312 2960 2633 3030 eruditus
2677 2960 2787 3027 vir
2818 2957 2920 3028 M.
2949 2956 3185 3029 David

1222 3071 1433 3155 Voit,
1485 3093 1645 3137 cum
1694 3067 1889 3156 prius
1946 3063 2095 3131 illic
2139 3062 2218 3129 in
2251 3056 2511 3131 Schola
2540 3058 3019 3150 disputatione
3050 3083 3188 3150 pu·-

1213 3175 1401 3245 blica
1451 3181 1521 3239 et
1562 3166 2074 3237 confessionem
2119 3184 2320 3232 suam
2366 3164 2454 3230 de
2502 3172 2651 3230 toto
2715 3181 3009 3250 corpore
3055 3161 3186 3228 do·

1216 3275 1483 3344 ctrinae
1527 3269 1715 3358 piam
1770 3264 2142 3345 edidisset,
2222 3276 2293 3331 et
2338 3283 2537 3330 suam
2582 3260 3057 3332 eruditionem
3104 3282 3187 3329 ac

1219 3372 1646 3442 industriam
1712 3362 2190 3434 illustrissimo
2246 3359 2567 3452 Principi
2629 3374 2698 3431 et
2763 3361 3186 3432 doctissimis

1218 3469 1748 3541 Professor-ibus
1780 3461 2203 3533 Academiae
2236 3463 2433 3533 illius
2472 3463 2860 3553 probasset.

1424 3617 1750 3709 Cumque
1780 3614 2236 3684 adducendae
2268 3634 2435 3682 suae
2464 3611 2773 3680 familiae
2821 3634 3025 3680 causa
3073 3634 3189 3679 re-

1221 3723 1401 3792 verti
1454 3721 1529 3788 in
1576 3714 1702 3787 has
1750 3715 2058 3805 regionis
2114 3712 2634 3796 constituisset,
2683 3713 2979 3801 petitum
3018 3725 3119 3781 est
3147 3734 3190 3781 a

1221 3823 1467 3905 nobis,
1517 3833 1599 3890 ut
1646 3819 1873 3889 nostri
1909 3816 2187 3904 collegii
2223 3811 2942 3902 testimoniopublice
2975 3834 3187 3881 orna·

1227 3942 1339 3994 tus
1370 3927 1457 3992 ad
1500 3921 1837 4014 inclytam
1867 3915 2318 3988 Academiam
2354 3911 2828 4000 Regiimoutis
2872 3914 3188 3983 remitta-

1225 4041 1367 4097 tur.
1468 4022 1630 4110 Qua
1665 4023 1815 4112 ipsa
1847 4017 2186 4109 petitione
2215 4015 2522 4086 ostendit
2558 4027 2627 4084 et
2670 4013 3187 4083 illustrissimus

1219 4124 1590 4215 Princeps,
1666 4134 1736 4192 et
1777 4119 2085 4211 inclytus
2115 4116 2415 4187 Senatus
2449 4115 2874 4186 Academiae
2917 4110 3188 4201 Regio-

1220 4239 1640 4307 montanae,
1693 4245 1764 4291 se
1794 4220 1990 4310 pium
2023 4242 2442 4287 consensum
2486 4219 2565 4287 in
2609 4214 3200 4287 doctrina'coeleae

1224 4332 1316 4399 sti
1348 4350 1580 4398 amare
1614 4338 1685 4395 et
1713 4320 1896 4394 tueri
1928 4319 2297 4388 nobiscum
2329 4320 2532 4392 velle.
2638 4317 2878 4405 Quare
2908 4314 3187 4406 aequis-

1221 4432 1480 4501 simum
1512 4440 1641 4510 est,
1691 4447 1819 4493 vos
1846 4416 2014 4490 huic
2048 4419 2624 4487 clementissimae
2656 4429 2723 4486 et
2754 4417 2910 4506 piae
2938 4427 3189 4504 postu-

1224 4530 1482 4597 lationi
1512 4537 1914 4595 reverenter
1942 4518 2261 4611 obsequi.
2313 4515 2465 4586 Scis
2486 4531 2718 4585 autem
2745 4515 3188 4585 ornatissime

1225 4627 1510 4694 domine
1565 4621 2187 4703 vicecancellarie,
2237 4613 2429 4686 hunc
2470 4615 2576 4683 Μ.
2603 4614 2951 4685 Davidem
2995 4616 3185 4684 mul·

1223 4740 1333 4797 tos
1386 4744 1608 4792 annos
1667 4723 2038 4790 nobiscum
2096 4720 2354 4788 vixisse
2414 4738 2574 4783 cum
2627 4716 2836 4787 laude
2881 4715 3185 4806 pietatis,

1222 4822 1604 4894 modestiae
1664 4834 1734 4889 et
1784 4819 2190 4907 diligentiae
2249 4818 2327 4884 in
2381 4818 2579 4885 omni
2633 4840 2885 4907 genere
2943 4816 3187 4886 officii.

1222 4921 1654 4995 Audivimus
1701 4919 1910 4990 etiam
1956 4916 2235 5008 publice
2287 4912 2356 4987 e't
2402 4918 2732 5009 privatim
2762 4918 2982 5009 ipsius
3012 4941 3188 4986 con·

1219 5025 1596 5095 sessionem
1641 5024 1729 5093 de
1771 5019 2168 5111 praecipuis
2212 5019 2525 5089 articulis
2567 5021 2930 5090 doctrinae
2961 5019 3187 5088 coele·

1225 5127 1370 5210 stis,
1426 5140 1492 5195 et
1525 5119 2116 5217 deprehendimus
2148 5123 2542 5213 profectum
2580 5123 2656 5190 in
2691 5121 2925 5191 studio
2944 5116 3186 5191 Theo·

1223 5229 1450 5317 logiae
1484 5227 1777 5313 dignum
1808 5221 2197 5295 honorifico
2230 5224 2657 5294 testimonio,

1424 5373 1607 5445 Cum
1656 5387 1887 5440 autem
1938 5372 2102 5441 utili
2130 5371 2428 5438 consilio
2461 5372 2854 5464 antiquitus
2884 5374 2960 5442 iu
2999 5370 3188 5442 Aca-

1223 5479 1474 5551 demiis
1520 5474 1869 5560 eligantur
1911 5471 2052 5537 viri
2093 5470 2478 5559 sapientia,
2528 5473 2786 5544 virtute
2834 5487 2902 5543 et
2947 5473 3186 5562 digni-

1222 5595 1361 5654 tate
1405 5584 1873 5671 praestantes,
1920 5570 2044 5661 qui
2086 5569 2226 5637 siut
2294 5569 2716 5659 inspectores
2766 5576 3185 5654 studiorum,

1223 5698 1290 5754 et
1325 5682 1723 5772 gubernent
1756 5670 2204 5764 publicorum
2253 5670 2815 5741 testimoniorum
2862 5675 3186 5742 collatio-

1224 5808 1424 5865 nem,
1476 5802 1654 5874 quos
1685 5773 2157 5848 Cancellarios
2184 5794 2555 5857 vocamus,
2608 5772 2675 5842 ei
2714 5785 2794 5842 tu
2825 5797 3058 5856 nunc,
3108 5787 3188 5844 ut

1225 5880 1552 5950 Decanus
1598 5878 1877 5968 collegii
1920 5874 2180 5963 nostri,
2230 5873 2454 5945 vicem
2495 5872 2916 5948 Cancellarii
2968 5896 3186 5962 geras,

2240 780 2564 857 DECL.
2638 776 2791 856 DE
2867 778 3243 856 DICTO
3332 788 3371 856 1
3455 777 3989 861 PARALIP.
4066 782 4197 858 17.

5078 789 5233 863 ³80

3267 946 3459 1022 hunc
3525 952 3660 1022 tibi
3720 951 4192 1022 reverendum
4240 950 4477 1024 virum
4522 950 4630 1049 Μ.
4674 951 5020 1029 Davidem
5064 956 5242 1027 Voit

3268 1053 3490 1122 offero
3514 1101 3536 1132 ,
3584 1067 3654 1124 et
3682 1065 3844 1143 peto
3882 1052 4109 1122 nostri
4141 1054 4420 1144 collegii
4454 1067 4523 1126 et
4563 1056 4787 1148 ipsius
4815 1056 4921 1127 M.
4945 1056 5243 1128 Davidis

3269 1154 3605 1237 nomine,
3670 1165 3752 1222 ut
3801 1152 3866 1221 ei
3915 1153 4187 1225 tribuas
4236 1168 4689 1246 potestatem,
4756 1172 4825 1230 et
4865 1172 4947 1230 ut
4990 1171 5245 1228 vocant

3267 1254 3628 1323 licentiam
3696 1253 4088 1345 accipiendi
4151 1258 4448 1344 gradum
4505 1270 4573 1327 et
4632 1258 4937 1347 insignia
4979 1258 5245 1330 Docto-

3270 1378 3430 1424 rum
3461 1351 3940 1443 Theologiae,
3986 1368 4056 1426 et
4081 1357 4455 1428 nobiscum
4491 1354 4725 1428 Deum
4762 1380 4944 1444 ores,
4994 1371 5077 1429 ut
5109 1354 5247 1428 hu-

3271 1456 3383 1524 ius
3429 1454 3789 1524 candidati
3842 1456 4316 1526 ministerium
4363 1472 4433 1530 et
4477 1458 4694 1529 totius
4737 1458 4922 1528 vitae
4953 1482 5245 1529 cursum

3272 1557 3653 1624 clementer
3707 1569 3940 1645 regat,
4017 1558 4335 1628 fortunet
4384 1573 4456 1631 et
4494 1559 4816 1643 adiuvet,
4863 1571 4947 1629 ut
4985 1557 5076 1629 sit
5120 1582 5247 1627 vas

3271 1655 3804 1725 misericordiae
3865 1656 4138 1729 utiliter
4200 1658 4512 1729 serviens
4560 1655 4713 1729 Deo
4756 1672 4825 1730 et
4861 1655 5241 1731 Ecclesiae.

3271 1752 3460 1827 Dixi.

3272 1996 3786 2085 Responsio
3887 1991 4683 2067 Viceeancellarii
4786 1995 5239 2069 Doctoris

3823 2112 4196 2209 Georgii
4246 2114 4683 2183 Maioris.

3478 2286 3830 2359 Videntur
3877 2289 4189 2366 fortassis
4264 2287 4342 2358 hi
4405 2311 4823 2381 congressus
4881 2290 5107 2362 nostri
5170 2306 5240 2361 et

3272 2385 3407 2458 hae
3443 2391 3881 2460 ceremoniae
3907 2390 4325 2483 quibusdam
4358 2391 4703 2482 pueriles,
4749 2403 4820 2461 et
4851 2392 5053 2483 quasi
5083 2392 5236 2460 ludi

3272 2488 3537 2559 scenici
3583 2512 3663 2559 ac
3704 2487 4067 2582 theatrici,
4116 2492 4240 2559 sed
4285 2491 4651 2561 sciendum
4696 2503 4805 2561 est
4834 2495 5139 2585 {magnas
5167 2506 5239 2561 et

3273 2611 3520 2685 graves
3562 2610 3711 2658 esse
3753 2612 4037 2675 causas,
4088 2613 4215 2658 cur
4249 2585 4383 2659 hae
4429 2592 4874 2663 ceremoniae
4904 2605 4974 2662 et
5002 2594 5080 2660 in
5115 2616 5239 2661 ve-

3273 2691 3411 2761 teri
3441 2688 3899 2759 Testamento
3931 2690 4280 2760 divinitus
4304 2688 4654 2762 institutae
4683 2692 4853 2777 sint,
4902 2705 4972 2762 et
5000 2706 5243 2782 postea

3234 2846 3235 2851 η
3274 2794 3366 2862 ab
3399 2788 3763 2880 Apostolis
3795 2788 4112 2884 aliquae,
4165 2813 4327 2860 cum
4358 2788 4819 2861 ministerium
4846 2794 5045 2862 verbi
5074 2794 5242 2884 qui-

3276 2891 3578 2963 busdam
3613 2891 4256 2961 commendandum
4306 2902 4517 2975 esset,
4567 2904 4873 2962 servatae
4921 2894 5085 2963 sint.

3480 3021 3831 3110 Praecipit
3858 3022 4049 3095 Deus
4077 3022 4356 3116 Moysi,
4405 3036 4490 3094 ut
4532 3025 4612 3093 in
4659 3025 4943 3116 publica
4990 3020 5242 3098 cons'e-

3278 3122 3591 3195 cratione
3621 3123 4080 3196 Sacerdotum
4110 3123 4363 3195 induat
4404 3125 4698 3196 fratrem
4732 3122 5087 3198 Aaronem
5117 3154 5247 3199 ve-

3277 3226 3623 3297 stimentis
3684 3226 3864 3311 suis,
3941 3225 4262 3316 imponat
4315 3223 4569 3296 tiaram
4612 3226 4867 3317 capiti,
4945 3243 5016 3301 et
5059 3230 5245 3299 filios

3277 3326 3429 3397 eius
3457 3327 3709 3398 induat
3752 3325 4011 3397 tunicis
4037 3325 4286 3411 lineis,
4339 3339 4408 3397 et
4434 3326 4758 3418 imponat
4806 3328 4908 3398 eis
4937 3325 5246 3413 mitram,

3238 3519 3239 3524 ἵ
3278 3429 3507 3521 qualis
3553 3431 3700 3498 fere
3749 3426 3928 3497 ritus
3952 3450 3996 3497 a
4028 3426 4236 3496 nobis
4267 3441 4588 3507 servatur
4615 3429 4695 3497 in
4726 3429 4811 3498 iis
4841 3429 5239 3512 initiandiS,

3278 3529 3534 3622 quibus
3567 3528 3933 3620 publicum
3963 3526 4447 3598 testimonium
4485 3529 4858 3614 tribuitur,
4908 3552 5069 3599 cum
5100 3530 5243 3597 im-

3276 3630 3609 3720 ponimus
3640 3629 3941 3718 pileum,
3993 3628 4411 3719 praebemus
4442 3630 4802 3716 osculum,
4849 3631 5098 3700 damus
5126 3631 5239 3698 ius

3277 3730 3620 3798 tenendae
3669 3724 4074 3812 cathedrae,
4138 3730 4489 3804 annulum
4540 3745 4608 3802 et
4645 3731 4782 3800 alia
4816 3745 5237 3801 ornamenta

3227 3897 3239 3921 ιη
3276 3851 3357 3898 ac
3410 3828 3786 3920 privilegia
3828 3829 3919 3898 ab
3964 3826 4520 3919 Imperatoribus
4561 3827 4725 3901 huic
4767 3831 5005 3898 ordini
5060 3854 5241 3898 con-

3238 3994 3239 4003 ,
3278 3952 3463 4000 cessa
3504 3942 3576 4000 et
3616 3927 3978 4002 attributa.

3480 4061 3585 4132 lta
3613 4086 3774 4132 cum
3805 4064 3896 4132 ab
3923 4057 4240 4132 Ecclesia
4273 4055 4716 4132 Antiochena
4759 4063 4849 4131 ad
4895 4083 5245 4153 propaga—

3279 4165 3545 4234 tionem
3613 4159 3984 4251 Evangelii
4028 4161 4294 4233 Paulus
4353 4175 4420 4233 et
4473 4160 4839 4232 Barnabas
4898 4162 5243 4232 mandat‘o

3281 4263 3594 4353 Spiritus
3642 4264 3865 4332 sancti
3909 4263 3987 4331 in
4034 4262 4386 4357 Cyprum,
4430 4259 4949 4355 Pamphiliam,
5001 4259 5239 4354 Phry-

3280 4364 3463 4452 giam
3507 4377 3576 4433 et
3615 4364 3752 4432 alia
3788 4364 3997 4432 Asiae
4036 4364 4192 4433 loca
4221 4363 4546 4434 mittendi
4576 4376 4841 4449 essent,
4890 4363 5098 4435 sicuti
5125 4386 5243 4432 re·

3281 4466 3418 4533 fert
3463 4463 3724 4534 Lucas:
3776 4461 4282 4536 Convenerunt
4320 4461 4714 4556 Prophetae
4759 4488 4840 4535 ac
4881 4462 5248 4549 Doctores,

3283 4577 3353 4634 et
3395 4588 3552 4634 cum
3597 4563 4025 4636 ieiunassent
4067 4578 4138 4635 et
4191 4579 4545 4651 orassent,
4607 4567 5245 4658 imposuissentqne

3238 4693 3239 4698 ¹
3282 4665 3381 4734 eis
3409 4688 3703 4750 manus,
3754 4666 4173 4735 dimiserunt
4216 4685 4358 4739 eos.

3485 4795 3698 4870 Hunc
3743 4801 3966 4870 ritum
4022 4797 4483 4889 apostolicum
4544 4811 4617 4868 et
4656 4820 4785 4867 nos
4854 4798 4932 4865 in
4980 4799 5246 4868 talibus

3290 4903 3782 4990 congressibus
3829 4920 4226 4982 servamus,
4288 4922 4449 4969 cum
4507 4898 4716 4968 initio
4778 4901 5245 4971 convenimus

3285 5003 3376 5070 ad
3423 5003 3933 5093 precationem,
4013 5012 4086 5068 et
4125 5000 4385 5070 deinde
4429 5001 4903 5072 ministerium
4945 5003 5247 5072 docendi

3287 5098 3668 5193 Evangelii
3720 5104 3851 5186 iis,
3898 5123 4205 5193 quorum
4264 5101 4473 5170 nobis
4522 5103 4875 5194 explorata
4918 5100 5245 5170 doctrina

3284 5218 3385 5274 est
3405 5259 3426 5289 ,
3478 5218 3547 5275 et
3575 5203 3921 5295 perspecti
3952 5225 4186 5273 mores
4217 5203 4500 5294 publica
4535 5227 4709 5274 voce
4741 5223 4965 5283 coram
4993 5195 5243 5266 Eccle-

3283 5308 3384 5375 sia
3417 5306 4017 5378 commendamus.

3485 5437 3753 5508 Causae
3817 5450 4088 5522 autem,
4154 5460 4282 5508 cur
4332 5434 4409 5508 hi
4471 5436 4646 5521 ritus
4706 5430 5009 5501 instituti
5077 5434 5246 5524 sint,

3280 5540 3696 5632 praecipuae
3732 5537 3862 5609 hae
3893 5548 4110 5611 santi

3488 5673 3807 5745 Primum
3829 5722 3851 5753 ,
3904 5697 3995 5742 ne
4028 5674 4364 5746 omnibus
4391 5680 4622 5762 pateat
4652 5668 4886 5738 aditus
4913 5671 5002 5739 ad
5028 5671 5247 5738 mini-

3278 5775 3575 5847 sterium
3607 5791 3675 5846 et
3705 5773 4072 5865 publicum
4100 5772 4403 5844 docendi
4429 5791 4730 5850 munus,
4776 5773 4899 5839 sed
4943 5772 5032 5840 iis
5082 5783 5245 5839 tau·-

3281 5889 3470 5965 tum,
3521 5899 3824 5970 quorum
3852 5874 4211 5971 explorata
4244 5869 4571 5945 doctrina
4604 5886 4672 5944 et
4700 5872 4844 5943 vita
4886 5884 5243 5965 perspecta
