6025 6775
487 658 581 736 1031
729 638 938 723 SCRIPTA
965 636 1044 715 PH.
1068 631 1185 711 utut.
1210 628 1278 705 AD
1305 628 1431 705 HIST.
1458 623 1605 704 PROF.
1628 620 1697 701 ET
1721 622 1912 705 PHILOS.
1936 624 2257 706 SPECTANTIA.
2401 636 2501 710 tosa

483 830 599 901 vietus
620 835 696 893 arte
716 842 752 890 se
772 834 893 886 nrrsus
909 808 1030 881 erexit.
1081 804 1178 876 Pena
1193 802 1352 876 Sertorio
1374 802 1474 874 simi·
1521 797 1623 883 filiis,
1648 809 1682 867 et
1704 798 1917 891 quibusdam
1940 801 2098 890 cognatis
2121 802 2196 872 eius
2219 823 2364 893 regnum
2389 803 2506 876 tenuit

485 933 551 1011 lis,
585 946 733 1015 reguum
764 919 803 986 in
825 914 941 983 aliena
973 925 1067 982 terra
1097 932 1172 977 non
1199 906 1337 995 magnis
1362 904 1474 995 copiis
1522 900 1795 971 Gilimerannos
1811 900 1980 993 quinque.
2017 898 2506 995 Hildericumetiampostre·

487 1034 647 1122 adeptus.
707 1014 884 1089 Addictus
918 1009 1066 1084 Arianis
1104 1008 1238 1101 expulit
1278 1002 1475 1097 Episcopus
1521 1026 1581 1070 mo
1605 1023 1699 1068 anno
1731 1001 1913 1073 interfecit.
1967 999 2062 1088 Quia
2087 1028 2171 1074 vero
2196 1002 2392 1078 fustiniano
2423 1028 2503 1074 cum

488 1144 582 1204 „0010
605 1121 809 1195 sentientes.
1522 1099 1705 1171 Hilderieo
1726 1100 1850 1168 foedus
1872 1114 1963 1186 erat,
1994 1103 2148 1174 liberare
2170 1120 2313 1196 captum
2330 1107 2507 1175 studebat.

980 1278 988 1294 ,
1523 1201 1595 1273 Sed
1619 1224 1700 1270 cum
1726 1198 1879 1268 Gilimer
1902 1204 2048 1290 superbe
2071 1212 2322 1296 responderet,
2354 1205 2510 1277 etmulti

813 1283 1077 1351 HWM‘WM
1102 1268 1152 1343 Π·
1523 1306 1562 1373 in
1581 1298 1702 1371 Africa
1716 1300 1955 1370 defensionem
1970 1317 2089 1373 eontra
2104 1306 2254 1396 impium
2277 1320 2312 1377 et
2329 1308 2510 1377 crudelem

591 1414 802 1494 Honoricus
824 1411 990 1485 successit
1013 1407 1207 1479 Genserico
1227 1427 1322 1477 anno
1341 1398 1478 1473 Christi
1524 1426 1642 1494 regern
1667 1416 1842 1494 peterent,
1868 1400 1966 1471 misit
1990 1425 2031 1469 eo
2048 1400 2261 1477 fustinianus
2278 1409 2406 1478 ducem
2424 1406 2510 1476 Bel-

492 1512 1075 1622 quadringentesimosexagesimo
1101 1522 1210 1579 serto.
1263 1503 1399 1574 Tenuit
1420 1526 1477 1571 re-
1525 1505 1685 1574 lisarium
1701 1504 1927 1574 excellentem
1955 1501 2113 1588 iusticia,
2139 1506 2279 1578 scientia
2306 1508 2359 1578 rei
2375 1509 2513 1576 milita·

491 1650 601 1723 gnum
614 1641 728 1694 annos
744 1629 896 1708 septem,
922 1613 1023 1683 cuius
1037 1624 1176 1702 tempus
1192 1607 1330 1695 insigne
1352 1617 1402 1673 est
1420 1604 1479 1671 in·
1526 1606 1598 1690 ris,
1622 1604 1852 1683 fortitudine,
1879 1603 2109 1673 beneficentia
2126 1618 2161 1675 et
2178 1609 2356 1677 modestia.
2400 1605 2517 1689 Huic,

493 1728 589 1822 genti
605 1720 811 1796 crudelitate
826 1716 935 1805 regis,
957 1714 1050 1783 fame
1066 1724 1100 1781 et
1117 1708 1316 1801 pestilentia
1327 1704 1478 1783 Africae,
1526 1729 1605 1777 curn
1621 1706 1736 1796 primo
1754 1704 1889 1795 praelio
1906 1704 2046 1775 vicisset
2064 1701 2299 1790 Gilimerum,
2323 1703 2515 1795 Cartbagi-

487 1835 528 1903 'et
558 1840 649 1900 tetro
681 1822 776 1892 exitu
809 1815 963 1912 tyranni.
1024 1811 1198 1882 Honestas
1230 1821 1411 1878 matronas
1444 1817 1480 1874 et
1526 1828 1652 1877 nenses
1668 1807 1764 1875 ultro
1786 1806 1910 1876 urbem
1930 1806 2180 1894 patefecerunt.
2232 1804 2356 1876 Postea
2371 1807 2514 1895 fugien-

492 1929 648 2021 virgines
665 1924 814 1995 nudatas
829 1915 1030 2008 suspendit,
1055 1913 1191 1983 facibus
1208 1911 1297 1980 ussit
1319 1930 1480 1999 corpora,
1527 1922 1597 1979 tem
1615 1903 1829 1975 Gilimerum
1846 1931 1886 1975 ex
1903 1906 1982 1975 aliis
2003 1906 2088 1975 loeis
2102 1907 2140 1975 in
2156 1907 2225 1975 alia
2241 1920 2273 1977 et
2291 1907 2328 1974 in
2348 1908 2513 1977 solitudi-

401 2061 406 2074 ·
493 2028 667 2125 praecidit
688 2021 863 2092 mamillas
880 2031 912 2088 et
931 2010 1074 2085 brachia
1091 2013 1297 2081 nolentibus
1319 2006 1481 2078 assentiri
1528 2031 1590 2078 nes
1612 2008 1725 2096 coegit
1745 2005 1953 2076 Bellisarius
1972 2008 2081 2091 fame,
2112 2021 2153 2078 ut
2180 2031 2253 2077 sese
2283 2009 2446 2092 dederet,
2479 2022 2515 2078 et

494 2132 650 2204 Arianae
673 2120 858 2213 impietati.
909 2114 953 2186 ln
984 2116 1060 2206 ipso
1090 2113 1264 2204 supplicio
1285 2106 1481 2203 Dionysia
1529 2108 1631 2180 duxit
1656 2132 1736 2177 eum
1759 2109 1936 2197 captivum
1958 2105 2317 2199 Constantinopolin,
2349 2110 2412 2180 nbi
2432 2134 2516 2180 cum

494 2247 657 2304 matrona
673 2224 806 2294 nobilis
821 2220 933 2289 filium
948 2210 1482 2302 unicumMoioricumraptum
1530 2212 1568 2280 in
1602 2203 1784 2299 triumpho
1818 2207 1995 2277 Bellisarii
2025 2209 2171 2301 supplex
2204 2211 2248 2278 ad
2275 2209 2517 2283 Iustinianum

497 2337 543 2403 ad
561 2353 681 2399 necem
699 2321 922 2395 confirmavit
938 2318 1120 2409 inquiens:
1146 2315 1330 2385 Memento
1351 2312 1423 2398 fili,
1447 2324 1484 2381 te
1531 2314 1736 2394 duceretur,
1761 2310 1918 2399 cogitans
1939 2308 2102 2380 fortunae
2120 2311 2213 2380 vices
2233 2310 2272 2380 in
2287 2309 2353 2383 hac
2366 2312 2516 2383 calami-

497 2436 536 2502 in
554 2430 699 2501 nomine
715 2423 841 2502 Patris,
868 2434 902 2489 et
916 2417 1001 2488 Filii
1018 2430 1052 2487 et
1067 2414 1223 2508 Spiritus
1240 2414 1352 2485 sancti
1367 2410 1484 2504 bapti·
1531 2426 1619 2491 tate,
1646 2410 1684 2478 in
1701 2434 1805 2503 quam
1823 2434 1927 2478 senex
1943 2410 2135 2495 inciderat,
2159 2405 2243 2480 haec
2259 2414 2364 2483 verba
2386 2412 2519 2482 edidit:

497 2547 615 2605 zatum
633 2552 717 2597 esse.
1532 2511 1680 2582 Vanitas
1704 2512 1899 2580 vanitatum
1926 2524 1960 2581 et
1978 2512 2096 2581 omnia
2117 2512 2264 2582 vanitas.
2317 2513 2370 2585 Ita
2387 2538 2520 2606 poenas

603 2630 695 2699 Cum
710 2625 842 2696 talibus
859 2618 1041 2711 suppliciis
1057 2633 1091 2690 et
1114 2618 1229 2688 exiliis
1244 2616 1357 2687 multa
1372 2611 1486 2682 millia
1532 2613 1629 2684 dedit
1653 2608 1808 2681 Gilimer
1831 2611 2065 2696 crudelitatis,
2099 2636 2204 2704 quam
2227 2630 2428 2686 exercuerat
2453 2617 2520 2684 ad·

500 2730 690 2803 hominum
706 2724 901 2795 sustulisset
914 2720 1130 2804 Honoricus,
1155 2731 1270 2788 secuta
1288 2729 1341 2786 est
1356 2712 1486 2785 sterili·
1531 2736 1653 2785 versus
1667 2709 1889 2781 Hildericum
1909 2725 1942 2780 et
1960 2713 2089 2783 multos
2104 2714 2204 2784 alios.
2253 2710 2302 2786 Et
2315 2718 2420 2786 simul
2434 2740 2519 2786 eum

499 2850 553 2905 tas
574 2842 719 2923 propter
737 2825 945 2902 siccitatem,
973 2822 1010 2889 in
1038 2844 1107 2913 qua
1128 2832 1162 2889 et
1184 2814 1348 2888 homines
1370 2830 1403 2887 et
1425 2838 1488 2905 pe-
1533 2840 1574 2886 eo
1597 2813 1768 2906 reliquiae
1796 2810 2038 2883 Vandalorum
2063 2816 2100 2883 in
2123 2812 2243 2885 Africa
2267 2818 2401 2888 deletae
2422 2832 2519 2902 sunt,

500 2929 607 3005 eudes
623 2930 715 2997 fame
730 2926 933 3017 perierunt,
960 2936 993 2993 et
1013 2923 1082 2991 late
1106 2934 1228 3009 vagata
1256 2932 1305 2989 est
1320 2916 1488 3009 pestilen-
1534 2939 1640 3010 quam
1656 2927 1852 3007 ‚tenuerant
1874 2912 2032 2983 Vandali
2056 2938 2167 2985 annos
2193 2918 2385 3008 nonaginta
2407 2920 2521 3011 qnin-

499 3036 570 3117 tia‚
596 3032 633 3100 in
657 3052 726 3122 qua
750 3040 783 3097 et
807 3016 1018 3121 φθειριάσει
1039 3022 1131 3112 regis
1152 3043 1280 3109 corpus
1304 3019 1352 3089 ita
1366 3029 1489 3107 putre·
1534 3040 1614 3111 que.
1665 3016 1719 3084 Ae
1746 3036 1869 3085 rursus
1898 3011 2019 3085 Africa
2057 3014 2304 3089 Romanorum
2334 3020 2523 3110 provincia

499 3140 632 3205 factum
654 3143 723 3212 est,
755 3142 795 3197 ut
817 3127 886 3195 alia
908 3125 1067 3194 membra
1090 3134 1170 3215 post
1192 3121 1260 3190 alia
1284 3116 1489 3189 deciderint.
1534 3119 1625 3187 faeta
1644 3130 1819 3209 estusque
1837 3117 1882 3184 ad
1898 3113 2054 3187 Heraclii
2070 3129 2239 3207 tempora.
2291 3118 2417 3192 Postea
2442 3142 2525 3190 eam

492 3234 600 3325 ¹Uror
614 3228 776 3301 Eudoxia
791 3227 862 3295 filia
883 3224 1107 3315 imperatoris
1122 3219 1386 3303 Valentiniani,
1410 3240 1489 3286 ma·
1535 3215 1701 3287 Saraceni
1724 3218 1940 3287 invaserunt.

500 3350 556 3407 ter
571 3331 747 3403 Hildeciei
771 3329 821 3420 pii
845 3326 937 3417 regis
960 3325 1152 3396 discessita
1177 3321 1303 3390 marito
1321 3332 1488 3413 tanquam
1637 3316 1721 3389 Fuit
1740 3332 1857 3390 autem
1881 3312 2119 3388 lastinianus
2142 3318 2318 3391 beneficus
2332 3316 2421 3413 'erga
2438 3321 2527 3394 Hil-

502 3435 578 3506 voti
592 3457 694 3505 causa
711 3430 964 3525 lerosolymam
981 3424 1217 3519 proficiscens,
1242 3423 1305 3493 ubi
1321 3421 1359 3492 in
1375 3421 1488 3514 lacry·
1537 3420 1646 3491 devici
1670 3419 1761 3490 filios
1783 3433 1817 3490 et
1842 3434 2004 3512 nepotes,
2041 3433 2074 3489 et
2099 3420 2149 3488 eis
2179 3422 2217 3490 in
2241 3417 2396 3496 Thracia
2423 3428 2528 3500 dedit

501 3538 570 3605 mis
586 3550 619 3607 et
637 3533 840 3627 precatione
857 3530 954 3602 vixit.
1535 3522 1679 3612 praedia
1710 3535 1745 3592 et
1767 3522 1913 3593 victum.
1971 3520 2042 3592 Sed
2066 3519 2282 3594 Gilimerum
2313 3526 2457 3617 longius
2486 3531 2527 3600 in

1493 3651 1497 3665 ·
1537 3621 1693 3693 Galliam
1713 3623 1890 3712 relegavit.

904 3694 964 3761 m·
991 3696 1089 3761 1³⁰¹·
1639 3720 1742 3792 Hanc
1762 3722 1887 3792 seriem
1910 3724 2011 3814 regni
2032 3722 2221 3796 Vandalici
2245 3725 2285 3795 in
2304 3722 2425 3798 Africa
2440 3732 2531 3801 bre-

608 3823 912 3903 Gundomundus
927 3837 1030 3894 natus
1044 3848 1085 3893 ex
1101 3823 1207 3895 fratre
1222 3820 1397 3892 Honorici
1411 3843 1491 3892 sue·
1538 3825 1629 3896 viter
1642 3818 1701 3893 hic
1714 3818 2012 3914 comprehendere
2028 3826 2146 3910 volui,
2171 3842 2212 3898 ut
2226 3842 2299 3899 tota
2322 3829 2358 3898 in
2375 3854 2527 3919 conspe-

506 3932 626 4021 cessit,
653 3935 716 4027 qui
731 3955 877 4024 regnum
895 3926 1012 3999 tenuit
1031 3948 1145 3995 annos
1161 3924 1368 4005 duodecim,
1392 3944 1492 3991 exer·
1538 3941 1597 3996 ctu
1622 3938 1729 4009 esset,
1755 3927 1892 3996 etiamsi
1913 3927 2107 4018 posteriora
2122 3929 2217 4000 bella
2240 3932 2283 3999 ad
2299 3927 2521 4020 sequentium

504 4036 577 4110 cuit
592 4051 625 4108 et
644 4032 702 4106 hic
716 4033 902 4105 saeviciam
921 4031 1092 4099 adversus
1107 4039 1200 4098 reete
1215 4024 1415 4095 sentientes.
1538 4028 1792 4118 imperatorum
1810 4041 1967 4118 tempora
1985 4029 2176 4119 pertinent.

909 4195 969 4264 lv·
992 4197 1084 4261 3⁸¹·
1591 4225 1698 4300 Anno
1716 4228 1841 4298 mundi
1863 4242 1988 4321 quater
2003 4231 2189 4300 millesimo
2214 4226 2530 4320 quadringentesi-

593 4325 631 4400 Τ
631 4321 901 4399 trasimundus
912 4324 1070 4413 regnavit
1084 4323 1331 4412 annosviginti
1348 4335 1491 4413 septem,
1743 4355 1802 4400 mo
1818 4331 1984 4400 vicesimo
1999 4332 2114 4403 tertio.

506 4433 567 4527 qui
583 4456 787 4527 quanquam
803 4441 878 4499 erat
894 4427 1061 4508 Λῐὶὃῦΰδ,
1086 4437 1205 4494 ¹³th
1221 4424 1407 4492 &letitiam
1417 4446 1490 4492 11⁰1!
1590 4431 1698 4501 Anno
1707 4428 1845 4502 Romae
1861 4432 2051 4503 millesimo
2067 4429 2302 4504 ducentesimo
2318 4429 2533 4503 undecimo.

505 4536 668 4607 exercuit.
1591 4533 1698 4602 Anno
1743 4527 1879 4602 Christi
1921 4530 2267 4627 quadringentesimo
2311 4532 2530 4621 sexagesimo

916 4695 959 4763 V·
985 4696 1080 4762 Ru·
1742 4632 1872 4723 primo.

606 4825 821 4901 Hildericns
840 4838 944 4895 natus
959 4851 1000 4896 ex
1014 4821 1196 4908 Eudoxia,
1221 4838 1314 4896 reete
1328 4827 1493 4912 sentiens,

505 4932 662 5004 restituit
675 4926 850 5000 Ecclesias
866 4927 904 4996 in
922 4926 1055 4998 Africa.
1108 4924 1246 4996 Tenuit
1257 4947 1404 5015 reguum
1425 4952 1490 4997 an·
1641 4922 1721 4997 Leo
1741 4942 1844 4999 natus
1866 4929 1904 4998 in
1928 4924 2082 5000 Thracia
2101 4928 2215 4997 faetus
2237 4938 2288 4996 est
2311 4923 2530 4996 extribuno

504 5055 572 5105 nos
604 5044 750 5124 septem.
814 5028 882 5101 Sed
918 5051 982 5119 per
1014 5024 1225 5097 seditionem
1260 5051 1279 5098 a
1316 5025 1491 5099 Gilimero
1540 5031 1687 5100 militari
1728 5031 1919 5121 imperator
1957 5027 2269 5119 Constantinopoli
2302 5025 2455 5097 Senatus
2496 5043 2534 5098 et

505 5147 718 5226 captusne,
742 5145 779 5202 et
796 5133 979 5225 aliquanto
996 5144 1075 5220 post
1090 5143 1246 5204 necatus.
1541 5135 1711 5204 exercitus
1742 5133 2005 5220 suffragatione.
2064 5127 2264 5201 Coronatus
2285 5128 2330 5196 ab
2352 5126 2532 5199 Anatolio

929 5302 941 5331 Τ
1540 5229 1755 5303 Patriarcha.
1809 5233 1927 5324 Atque
1949 5226 2046 5300 hunc
2068 5231 2223 5321 primum
2251 5229 2397 5298 invenio
2421 5227 2533 5300 aPa·

908 5299 967 5369 ll·
993 5299 1088 5365 Ru·
1540 5332 1692 5405 triarcha
1710 5347 1927 5404 coronatum.
1980 5331 2054 5401 Nee
2077 5356 2161 5402 vero
2177 5324 2359 5402 coronatio
2380 5353 2440 5400 seu
2457 5328 2534 5401 Pa-

607 5429 885 5509 Gt'limernatus
900 5455 942 5501 ex
958 5432 1066 5503 fratre
1081 5428 1268 5511 Honorici,
1293 5429 1361 5502 fuit
1377 5435 1490 5502 audax
1540 5432 1694 5506 triarcha
1716 5434 1816 5504 dedit
1839 5432 2047 5523 imperium,
2074 5435 2134 5503 sed
2158 5433 2258 5503 testis
2278 5433 2440 5503 fuiteum
2464 5433 2536 5524 qui

505 5549 540 5608 et
558 5538 692 5626 peritus
714 5535 766 5603 rei
792 5531 976 5612 militaris,
1002 5530 1115 5600 movit
1139 5528 1347 5601 seditionem
1365 5535 1491 5603 adver·
1540 5535 1671 5607 electus
1697 5546 1788 5616 erat,
1818 5529 2063 5605 Christianum
2090 5557 2183 5616 esse,
2216 5547 2251 5604 et
2274 5533 2428 5606 alienum
2454 5556 2538 5604 esse

503 5659 563 5708 sos
576 5634 819 5713 Hildericum,
845 5631 909 5722 qui
925 5628 1078 5697 Vandali
1094 5651 1175 5697 eum
1190 5631 1340 5701 oderant
1354 5633 1491 5703 dissen-
1540 5658 1559 5704 a
1575 5636 1673 5705 falsis
1686 5636 1919 5721 dogmatibus.
1959 5634 2122 5729 Eamque
2136 5636 2183 5706 ob
2199 5657 2339 5704 eausam
2355 5635 2539 5725 professio

503 5737 651 5810 tientem
680 5735 726 5804 ab
747 5730 904 5803 Arianis.
961 5728 1074 5820 Capto
1105 5728 1213 5820 igitur
1244 5729 1426 5804 Hilderico
1457 5747 1492 5805 et
1540 5734 1721 5804 doetrinae
1734 5749 1816 5808 ante
1835 5739 2101 5810 coronationem
2116 5737 2321 5829 petebatur,
2346 5748 2386 5805 ut
2410 5752 2543 5828 postea

1882 4784 1956 4853 De
1988 4787 2176 4854 Leone.
