6025 6775
488 658 588 736 1039
733 643 944 726 SCRIPTA
969 645 1048 721 PH.
1076 645 1194 720 MEL.
1223 643 1289 719 AD
1317 646 1444 724 lllS'l'.
1471 645 2275 729 PROF.ETPH1LOS.SPRCTANT1A.
2409 654 2512 731 1040

490 820 792 923 inexpugnabilis,
815 812 942 890 etDeo
965 810 1060 886 hanc
1079 816 1229 905 gratiam
1249 816 1472 888 referendam
1527 834 1603 894 tom
1618 821 1740 909 evasit,
1765 847 1836 918 quo
1852 820 1956 894 Gotti
1973 846 2054 894 cum
2069 824 2140 893 iam
2154 847 2225 894 nox
2242 823 2401 910 instaret,
2426 848 2514 917 pro-

493 955 588 1017 me,
613 949 659 996 ne
677 923 763 1017 quid
777 916 970 989 cmdeliter
981 927 1043 988 aut
1058 915 1249 989 libidinose
1270 917 1389 1003 lieret,
1413 940 1479 1010 pe·
1528 922 1628 1012 gredi
1642 945 1717 993 non
1734 936 1817 994 sunt
1832 923 1921 993 ausi.
1972 922 2027 995 Ita
2044 924 2217 996 divinitus
2231 938 2386 996 servatus
2401 926 2512 995 rediit

495 1031 608 1128 percit
621 1039 655 1095 et
671 1021 815 1093 Gottico
833 1016 1029 1111 praesidio,
1055 1018 1114 1088 cni
1129 1018 1318 1104 concessit,
1345 1032 1386 1089 ut
1408 1018 1478 1088 tide
1529 1023 1624 1093 intra
1637 1020 1887 1092 urbisRomae
1909 1022 2072 1109 moenia,
2097 1048 2180 1096 cum
2202 1026 2273 1095 iam
2295 1025 2436 1116 periisse
2450 1023 2512 1093 di·

496 1130 729 1229 publicatuto
746 1120 952 1191 discederet.
991 1115 1130 1189 Interes
1145 1116 1372 1191 Romaeerat
1388 1117 1482 1189 Got·
1531 1135 1687 1207 teretur,
1712 1121 1905 1191 accediens
1919 1123 2050 1193 multos
2073 1125 2280 1197 dubitantes
2293 1128 2339 1195 ad
2354 1125 2510 1194 officium

489 1217 619 1306 torum
639 1247 702 1295 rex
723 1217 950 1306 Tbeodatus‚
979 1217 1043 1311 qui
1060 1242 1122 1289 sen
1142 1232 1240 1290 metu
1260 1242 1322 1289 seu
1344 1232 1484 1309 spretus
1532 1220 1723 1294 avocavit.

499 1356 522 1406 a
554 1327 628 1400 suis
660 1346 736 1395 uon
771 1322 918 1413 parabat
947 1341 985 1388 se
1017 1321 1186 1389 adversus
1228 1320 1483 1412 peritissimum
1636 1320 1762 1391 Postea
1778 1317 1929 1391 durante
1944 1319 2144 1407 obsidione,
2166 1348 2249 1395 cnm
2271 1347 2376 1418 saepe
2400 1337 2515 1396 tente-

502 1429 655 1504 bostem.
712 1422 836 1515 ltaque
860 1417 1024 1490 Gotticus
1047 1422 1219 1490 exercitus
1239 1420 1378 1489 vicinus
1402 1418 1487 1489 urbi
1535 1436 1634 1494 retur
1661 1420 1899 1512 oppugnatio,
1932 1434 1966 1492 et
1994 1420 2033 1488 in
2065 1422 2150 1513 ipsis
2176 1426 2366 1497 moenibus
2392 1426 2516 1497 crebra

503 1531 641 1605 Romae
658 1526 768 1595 iratus
784 1517 971 1591 Theodato
986 1532 1081 1589 creat
1106 1543 1223 1609 regem
1242 1515 1285 1591 V
1281 1516 1406 1613 itipem
1431 1518 1488 1588 vi·
1537 1523 1670 1617 praelia
1686 1522 1830 1605 fierent,
1850 1545 1924 1592 uno
1946 1521 2005 1591 die
2025 1521 2166 1610 triginta
2185 1521 2375 1595 Gottorum
2398 1524 2518 1594 millia

505 1653 588 1702 rum
602 1627 832 1704 bellicosum,
856 1619 919 1712 qui
934 1618 1107 1690 foeliciter
1128 1622 1276 1691 duxerat
1298 1620 1487 1690 exercitum
1537 1624 1731 1715 perierunt.
1780 1617 1836 1691 Ea
1850 1623 1948 1692 clade
1963 1645 2044 1691 cum
2059 1620 2163 1691 fracti
2185 1637 2298 1694 essent
2319 1624 2521 1695 Gottorum

508 1725 728 1801 Theudorici
743 1737 911 1814 tempore.
947 1718 1094 1807 Cognita
1109 1720 1192 1789 vovi
1208 1719 1299 1808 regis
1320 1719 1490 1791 electione
1540 1725 1674 1809 animi,
1699 1725 1795 1791 lenta
1819 1721 2029 1791 deindefuit
2051 1720 2202 1791 obsidio.
2258 1719 2349 1793 Cum
2369 1748 2456 1793 vero
2481 1724 2521 1792 iu

510 1854 553 1901 ex
578 1829 668 1898 urbe
688 1822 806 1896 Roma
828 1820 919 1908 fugit
941 1814 1146 1891 Theodotus
1168 1819 1382 1891 Ravennam
1403 1842 1491 1889 con·
1540 1827 1629 1895 urbe
1644 1825 1689 1892 ad
1704 1837 1856 1892 caeteras
1875 1821 2033 1891 miserias
2046 1823 2156 1891 fames
2171 1824 2386 1907 accessisset,
2411 1845 2520 1892 vene·

510 1950 691 2009 cessurus,
721 1944 827 2017 quiem
852 1916 1006 2009 Optares
1026 1921 1124 1993 iussu
1145 1918 1277 2009 Vitigis
1297 1920 1490 2011 fugientem
1541 1937 1628 1995 runt
1651 1923 1690 1992 in
1711 1922 1948 2012 suspicionem
1970 1920 2157 1993 Senatores
2185 1905 2330 2014 quidam
2350 1920 2523 2009 Romani,

509 2027 698 2101 interfecit.
748 2019 923 2114 Cupidine
946 2020 1041 2088 enim
1066 2016 1125 2090 bic
1139 2015 1293 2113 Optares
1315 2019 1494 2091 mandatis
1544 2039 1672 2095 etcum
1692 2018 1749 2092 his
1763 2020 1925 2092 Pontifex
1941 2021 2143 2115 sylverius,
2167 2023 2263 2114 quod
2284 2022 2328 2090 de
2343 2024 2433 2092 urbe
2449 2037 2522 2094 tra-

510 2128 643 2219 Vitigis
663 2122 799 2216 paruit,
823 2120 907 2214 quia
926 2120 1112 2211 coniugem
1127 2120 1161 2191 ei
1180 2123 1373 2207 ademerat,
1398 2142 1495 2190 eam
1546 2126 1661 2196 denda
1682 2146 1763 2192 cnm
1779 2119 1898 2193 Gottis
1917 2137 2071 2211 agerent.
2121 2121 2242 2211 Quare
2265 2121 2458 2193 Belisarios
2486 2135 2525 2195 ct

514 2252 584 2325 qne
597 2225 698 2298 alteri
714 2221 865 2314 pecunia
881 2234 1067 2314 corruptus
1082 2223 1288 2293 tradiderat.
1339 2221 1392 2293 Ita
1408 2242 1495 2313 poe-
1545 2223 1754 2296 Pontificem
1776 2234 1810 2292 et
1833 2221 1922 2291 alios
1944 2222 2006 2315 qni
2029 2223 2182 2293 accusati
2200 2223 2359 2304 fuerant,
2386 2224 2424 2291 in
2448 2221 2526 2294 exi-

513 2352 579 2399 nas
591 2317 690 2398 dedit
704 2319 910 2395 Theodotus
926 2344 1007 2391 cum
1021 2322 1173 2392 aliorum
1199 2322 1392 2408 scelernm,
1416 2335 1493 2391 tum
1546 2326 1636 2396 lium
1658 2323 1776 2402 misit,
1801 2336 1837 2394 et
1862 2343 2094 2393 successorem
2115 2321 2215 2392 dedit
2236 2321 2394 2416 Sylverio
2417 2322 2527 2414 Vigi-

514 2422 782 2520 ingratitudinis
809 2442 892 2509 erga
917 2416 1226 2493 Amalosuntlaam.
1287 2421 1396 2495 Venit
1418 2417 1497 2493 Ro·
1547 2427 1655 2509 lium,
1680 2423 1745 2518 qui
1762 2424 1877 2494 fuerat
1892 2419 2082 2497 Diaconus.
2131 2420 2288 2493 Haecin
2312 2422 2405 2494 libro
2429 2448 2527 2516 qno-

466 2531 469 2538 '
515 2552 610 2600 mam
624 2522 838 2607 Belisarios,
861 2532 896 2591 et
911 2543 989 2593 eam
1004 2522 1142 2613 magnis
1157 2522 1325 2617 operibus
1339 2521 1482 2595 muniit.
1548 2523 1866 2619 queDecretorum‚
1890 2523 2167 2609 utnominatnr,
2191 2522 2395 2607 recitantur,
2421 2546 2528 2595 causa

1548 2627 1608 2699 23.
1625 2637 1757 2718 quaest.
1775 2621 1811 2697 4.
1839 2622 1903 2692 ubi
1925 2622 2105 2718 Sylverios
2139 2637 2259 2695 narrat
2281 2645 2317 2692 se
2339 2638 2528 2714 propterea

624 2718 770 2817 Vitigcs
789 2734 937 2816 quartus
959 2744 1021 2792 rex
1036 2720 1229 2796 Gottorum
1252 2722 1411 2814 regnavit
1432 2745 1499 2793 au·
1549 2739 1673 2798 contra
1702 2722 1914 2794 Belisarium
1943 2737 1978 2794 et
2001 2722 2184 2815 Vigilium·
2206 2723 2359 2795 edidisse
2389 2725 2528 2795 fulmen

518 2848 586 2898 nos
607 2825 778 2918 quinque.
829 2819 883 2892 Ac
904 2822 991 2892 belli
1010 2820 1146 2895 Gottici
1167 2826 1308 2917 epitasis
1332 2825 1371 2894 in
1391 2820 1500 2895 buius
1550 2823 1935 2899 excommunicationis.

519 2926 670 3015 vitigis,
692 2937 727 2994 et
741 2922 872 2993 deinde
887 2921 1028 2995 Totilae
1042 2937 1199 3017 tempora
1217 2926 1354 3010 incidit,
1377 2925 1415 2993 in
1430 2946 1501 3016 qua
1650 2925 1787 3014 Vitiges
1801 2926 1945 2996 tandem
1959 2924 2085 2995 omissa
2099 2923 2285 2997 obsidione
2293 2922 2429 2998 Romae
2443 2948 2530 2996 cum

520 3028 647 3118 ingens
662 3022 783 3095 ltaliae
795 3022 946 3095 vastatio
959 3023 1050 3096 facta
1066 3039 1128 3100 est.
1152 3024 1271 3098 Roma
1284 3046 1386 3115 saepe
1400 3038 1500 3115 capta
1552 3026 1705 3117 sexagies
1719 3026 1846 3117 septies
1867 3024 1920 3096 ibi
1940 3026 2146 3095 dimicatum
2168 3040 2280 3117 esset,
2307 3025 2403 3098 ducit
2425 3050 2532 3095 erer-

522 3142 587 3200 est.
636 3124 883 3195 Mediolanum
899 3124 1061 3197 funditus
1075 3127 1265 3197 deletoma
1282 3122 1413 3208 Gottis,
1437 3122 1501 3217 qui
1551 3130 1659 3199 citum
1680 3126 1725 3196 ad
1748 3125 2046 3217 oppugnationem
2066 3124 2234 3200 Arimini.
2285 3125 2412 3197 Postea
2434 3125 2533 3196 obsi-

523 3225 669 3320 triginta
689 3224 802 3295 millia
826 3224 958 3294 civium
979 3224 1033 3297 ibi
1055 3225 1324 3309 interfecerunt,
1348 3224 1443 3295 Sunt
1466 3236 1501 3293 et
1552 3228 1701 3298 dionurn
1718 3237 1752 3296 et
1767 3225 1990 3297 deditionum
2006 3225 2127 3294 variae
2140 3226 2233 3295 vices
2248 3227 2404 3301 fuerunt.
2449 3225 2532 3297 Me·

524 3328 614 3401 aliae
628 3328 762 3398 multae
774 3327 880 3398 urbes
892 3324 1061 3420 utrinque
1077 3338 1209 3418 captae,
1233 3324 1353 3414 magui
1367 3323 1502 3396 exerci-
1551 3328 1737 3400 diolanum
1753 3325 1893 3398 etiamr
1911 3324 2031 3399 Gottis
2045 3326 2201 3398 deletum
2226 3339 2299 3413 est,
2323 3349 2451 3413 magua
2476 3326 2532 3401 ibi

524 3444 582 3504 tus
603 3427 789 3513 tmcidati,
819 3449 948 3516 magna
970 3427 1164 3499 multitudo
1186 3421 1373 3497 homiuum
1390 3424 1501 3517 pesti·
1552 3432 1658 3501 caede
1684 3431 1788 3504 facta.
1844 3426 2005 3498 Tandem
2029 3429 2072 3496 ad
2099 3423 2309 3497 Ravennam
2336 3426 2532 3501 Belisarios

524 3531 633 3599 lentis
649 3541 683 3599 et
697 3529 790 3599 fame
804 3528 989 3619 absumpta
1005 3540 1075 3612 est,
1100 3539 1228 3598 matres
1249 3526 1408 3598 liliorum
1423 3549 1502 3599 car·
1552 3527 1716 3616 accessit,
1740 3528 1804 3600 ubi
1817 3528 1981 3617 granaria
2003 3527 2317 3616 conflagraverant,
2368 3526 2425 3601 lbi
2449 3554 2532 3600 cnm

525 3629 633 3700 nibus
648 3630 686 3696 in
701 3628 844 3718 Liguria
858 3641 976 3720 pastae
990 3629 1204 3701 scribuntur.
1552 3632 1599 3702 de
1611 3630 1708 3722 pacis
1720 3628 1986 3700 conditionibus
1997 3651 2100 3721 saepe
2112 3627 2290 3722 colloquia
2303 3623 2534 3717 haberentur,

627 3727 774 3799 Initium
789 3741 903 3799 autem
918 3728 1098 3799 bellicum
1115 3728 1233 3819 Vitige
1256 3728 1345 3819 gesti
1364 3725 1502 3802 Romae
1552 3734 1696 3805 tandem
1724 3742 1837 3801 astute
1865 3725 2059 3799 Belisarios
2086 3727 2264 3817 obtinuit,
2296 3742 2337 3800 ut
2357 3728 2533 3801 Ravenna

526 3832 658 3902 factum
671 3842 744 3914 est,
768 3852 874 3923 mam
890 3827 1029 3916 Vitiges
1050 3851 1145 3899 anno
1168 3830 1306 3919 integro
1322 3843 1355 3899 et
1376 3829 1502 3901 diebus
1553 3835 1757 3912 dederetur,
1780 3830 1820 3899 in
1834 3853 1905 3922 qua
1921 3843 1997 3901 erat
2008 3827 2158 3920 vitiges,
2185 3854 2289 3926 quem
2304 3843 2441 3922 captum
2458 3827 2535 3900 ho-

525 3955 653 4001 novem
681 3931 829 4001 obsedit.
896 3927 1012 4001 Multa
1034 3928 1085 3998 ibi
1106 3951 1233 4018 magna
1260 3930 1390 4019 praelia
1412 3930 1503 4000 lacta
1551 3931 1874 4006 norilicecustodit.

526 4046 621 4105 sunt.
672 4029 716 4102 ln
740 4031 854 4124 primo
886 4043 1002 4101 autem
1027 4030 1177 4100 maxime
1205 4029 1317 4100 virtus
1337 4026 1502 4100 Belisarii
1653 4029 1733 4103 Etsi
1751 4045 1871 4103 autem
1893 4029 2055 4101 nondum
2081 4041 2155 4101 tota
2179 4028 2275 4100 ltalia
2295 4039 2421 4115 pacata
2436 4043 2534 4113 crat,

525 4147 709 4226 conspecta
734 4145 798 4202 est.
847 4125 1031 4202 Exercitus
1046 4129 1175 4220 Vitigis
1199 4143 1274 4201 erat
1302 4142 1444 4203 centum
1467 4144 1504 4202 et
1553 4148 1589 4207 et
1600 4128 1717 4204 adbuc
1731 4133 1861 4202 multas
1880 4132 1986 4201 urbes
1999 4131 2045 4199 ad
2064 4129 2196 4199 Padum
2209 4143 2242 4198 et
2254 4122 2404 4196 Athesin
2424 4125 2534 4202 Gotti

527 4234 782 4327 qninquaginta
799 4231 951 4301 millium
972 4229 1165 4302 Gottorum
1186 4232 1315 4301 robore
1328 4244 1364 4301 et
1377 4231 1502 4324 peritia
1554 4235 1738 4309 tenebant:
1763 4245 1881 4304 tamen
1894 4231 1977 4325 qnia
1993 4229 2176 4300 inclinatio
2188 4248 2333 4316 magnae
2348 4229 2533 4319 potentiae

526 4335 579 4406 rei
594 4335 755 4404 militaris
772 4331 1029 4402 excellentium.
1076 4329 1128 4400 Hi
1146 4353 1225 4400 cum
1247 4330 1503 4402 vidissentBe-
1554 4335 1718 4409 Gotticae
1746 4331 1912 4403 Belisarii
1941 4331 2101 4401 consiliis
2120 4343 2152 4399 et
2172 4325 2303 4396 virtruc
2322 4328 2413 4398 facta
2442 4343 2531 4416 erat,

525 4422 638 4508 lisarii
651 4435 859 4518 exercitum,
884 4432 947 4526 qui
962 4452 1117 4521 egressus
1130 4443 1204 4500 erat
1220 4433 1265 4500 ad
1290 4433 1502 4523 speculanda
1553 4439 1628 4531 ipse
1641 4432 1976 4524 Constantinopolin
1990 4431 2092 4510 redit,
2110 4440 2142 4498 et
2156 4450 2199 4496 co
2213 4424 2372 4518 Vitigem
2386 4443 2532 4518 captum

524 4533 681 4610 bostium
702 4548 845 4618 'castra
883 4544 1085 4622 contempta
1120 4530 1294 4623 paucitate
1329 4533 1502 4624 praelium
1553 4535 1711 4609 abduxit.
1761 4532 2106 4607 Revocatnmautcm
2120 4527 2317 4600 scribunta
2332 4528 2533 4601 iustiniano

524 4639 629 4712 cient.
676 4633 724 4709 Et
742 4635 825 4730 qnia
847 4632 1101 4724 agnoscebatur
1123 4653 1233 4725 equus
1254 4630 1416 4705 Belisarii
1435 4635 1504 4725 gil-
1553 4649 1700 4732 propter
1720 4634 1853 4705 bellum
1873 4631 2053 4703 Persicum
2067 4651 2087 4699 a
2100 4626 2237 4701 Cosrob'
2257 4643 2407 4705 motum.
2459 4629 2534 4702 Sed

525 4760 592 4806 vus
605 4751 640 4808 et
655 4738 737 4808 albo
757 4735 888 4824 capite,
915 4732 1016 4804 Gotti
1035 4744 1128 4802 recte
1152 4732 1389 4806 existimantes
1413 4737 1504 4806 duee
1554 4738 1716 4809 existimo
1731 4734 1871 4805 facilius
1885 4757 1928 4805 ex
1942 4731 2040 4804 ltalia
2060 4753 2144 4800 enm
2164 4729 2363 4802 discessisse
2384 4746 2534 4822 propter

526 4834 712 4906 interfecto
727 4834 867 4905 facilem
887 4834 964 4905 lore
986 4831 1192 4914 victoriam,
1217 4854 1291 4902 sese
1313 4830 1504 4905 eohortnn·
1553 4834 1742 4912 Iustiniani
1770 4835 2003 4926 suspicionem
2025 4842 2062 4901 et
2083 4844 2300 4902 caeterorum
2322 4832 2456 4900 ducnm
2475 4829 2533 4900 Io-

526 4948 605 5020 tur,
628 4948 796 5031 utquam
818 4934 966 5031 plurimi
988 4930 1191 5022 conglobati
1213 4931 1253 5000 in
1274 4955 1388 5003 unum
1407 4929 1505 5006 bunc
1554 4933 1897 5011 banniretNarsetis
1910 4932 2210 5015 malevolentiam,
2232 4954 2385 5023 quornm
2400 4931 2535 5003 volun-

527 5033 696 5125 impetum
720 5036 870 5120 saiwi,
901 5033 1072 5107 t⁰¹¹li¹¹¹¹⁰
1094 5034 1248 5104 el²¹¹¹⁰¹²
1268 5028 1360 5105 hant
1380 5060 1504 5108 votem
1554 5055 1643 5114 tates
1656 5036 1702 5109 ab
1718 5061 1760 5107 co
1775 5036 1948 5106 alienatae
1961 5045 2083 5115 crant,
2108 5033 2199 5105 sicut
2212 5030 2443 5103 excellentem
2460 5034 2533 5102 vir·

527 5148 708 5208 sonantes:
760 5135 802 5206 ln
818 5135 960 5223 Palam,
983 5135 1021 5206 id
1042 5148 1114 5218 est,
1135 5135 1270 5223 gilvnm
1286 5159 1429 5229 equum.
1554 5156 1665 5214 tutem
1680 5137 1813 5209 invidia
1831 5136 2032 5207 comitatur.

627 5232 773 5324 Semper
796 5248 914 5306 autern
934 5234 1046 5306 veteri
1063 5233 1241 5304 Laconico
1262 5258 1362 5307 more
1381 5238 1503 5331 proxi·
1655 5239 1698 5311 ln
1713 5236 1810 5311 hunc
1825 5234 1976 5325 Vitigem
1992 5234 2184 5305 adductum
2195 5227 2537 5323 Constantinopolin

524 5359 603 5410 mos
625 5335 720 5426 apud
749 5356 786 5401 se
807 5333 960 5406 delectos
989 5333 1124 5428 equites
1150 5328 1276 5403 babuit
1299 5333 1503 5428 Belisarios,
1551 5337 1768 5414 Iustinianns
1791 5329 1883 5405 nibil
1908 5359 2030 5428 aspere
2050 5333 2252 5418 constituit,
2278 5332 2361 5427 quia
2382 5332 2537 5424 perfidia

525 5439 732 5512 excellentes
744 5432 974 5518 fortitudine,
999 5431 1144 5503 scientia
1170 5432 1220 5501 rei
1235 5434 1418 5529 militaris,
1444 5445 1502 5515 iu·
1552 5465 1697 5514 suornm
1721 5448 1843 5528 captus
1864 5450 1951 5512 erat.
2015 5433 2102 5506 ldeo
2125 5446 2270 5526 propter
2295 5433 2538 5504 reverentiam

526 5540 624 5612 sticia
640 5537 761 5610 etlide.
812 5528 941 5602 Abbir
955 5548 1039 5601 tum
1054 5554 1194 5622 qumque
1211 5533 1361 5608 fideliter
1377 5546 1501 5616 delen-
1522 5532 1529 5675 1
1550 5545 1636 5635 regii
1652 5537 1806 5611 nominis
1820 5536 1904 5610 fecit
1925 5559 2008 5607 cum
2035 5533 2234 5627 patricium.
2285 5530 2386 5604 Gotti
2412 5558 2542 5625 regem

527 5665 586 5712 sus
600 5657 669 5727 est,
695 5653 730 5710 ct
748 5631 916 5729 pugnavit
933 5631 1008 5720 59⁸0
1021 5652 1085 5698 ⁸¹¹⁰
1100 5629 1177 5699 ¹⁰⁶⁰
1199 5632 1408 5727 fortissime,
1433 5646 1499 5714 do-
1549 5653 1711 5711 crearnnt
1726 5631 1975 5717 Ildobadum,
2001 5636 2065 5729 qui
2088 5656 2169 5706 cum
2186 5631 2317 5723 vitigis
2338 5650 2541 5725 cognatum

525 5742 642 5810 necin
658 5740 783 5811 collem
802 5732 993 5809 intervallo
1015 5728 1185 5802 mediocri
1204 5756 1226 5803 a
1247 5737 1369 5812 castris
1392 5745 1497 5818 dissi-
1546 5738 1795 5828 interfecisset,
1823 5762 1899 5811 non
1920 5736 2059 5812 diutius
2079 5758 2177 5807 auno
2206 5735 2383 5825 regnavit.
2445 5735 2544 5810 Nam
