<?xml version="1.0" encoding="UTF-8"?>
<!DOCTYPE html PUBLIC "-//W3C//DTD XHTML 1.0 Transitional//EN"
    "http://www.w3.org/TR/xhtml1/DTD/xhtml1-transitional.dtd">
<html xmlns="http://www.w3.org/1999/xhtml" xml:lang="en" lang="en">
 <head>
  <title>
</title>
<meta http-equiv="Content-Type" content="text/html;charset=utf-8" />
  <meta name='ocr-system' content='tesseract 3.04.00' />
  <meta name='ocr-capabilities' content='ocr_page ocr_carea ocr_par ocr_line ocrx_word'/>
</head>
<body>
  <div class='ocr_page' id='page_1' title='image "./philippimelanth12melagoog/philippimelanth12melagoog_0394.png"; bbox 0 0 6025 6775; ppageno 0'>
   <div class='ocr_carea' id='block_1_1' title="bbox 489 566 2519 694">
    <p class='ocr_par' dir='ltr' id='par_1_1' title="bbox 489 566 2519 694">
     <span class='ocr_line' id='line_1_1' title="bbox 489 566 2519 694; baseline -0.015 0"><span class='ocrx_word' id='word_1_1' title='bbox 489 619 562 694; x_wconf 83' lang='lat' dir='ltr'>rso</span> <span class='ocrx_word' id='word_1_2' title='bbox 726 601 939 682; x_wconf 75' lang='lat' dir='ltr'>scutum</span> <span class='ocrx_word' id='word_1_3' title='bbox 963 600 1039 671; x_wconf 81' lang='lat' dir='ltr'>eu.</span> <span class='ocrx_word' id='word_1_4' title='bbox 1065 594 1183 668; x_wconf 77' lang='lat' dir='ltr'>aran.</span> <span class='ocrx_word' id='word_1_5' title='bbox 1209 590 1279 663; x_wconf 81' lang='lat' dir='ltr'>an</span> <span class='ocrx_word' id='word_1_6' title='bbox 1305 577 1601 663; x_wconf 65' lang='lat' dir='ltr'>utsrinuor.</span> <span class='ocrx_word' id='word_1_7' title='bbox 1623 584 1690 660; x_wconf 82' lang='lat' dir='ltr'>nr</span> <span class='ocrx_word' id='word_1_8' title='bbox 1716 584 1907 665; x_wconf 77' lang='lat' dir='ltr'>runos.</span> <span class='ocrx_word' id='word_1_9' title='bbox 1934 588 2259 668; x_wconf 70' lang='lat' dir='ltr'>senorium.</span> <span class='ocrx_word' id='word_1_10' title='bbox 2432 566 2519 669; x_wconf 79' lang='lat' dir='ltr'>rso&#39;</span> 
     </span>
    </p>
   </div>
   <div class='ocr_carea' id='block_1_2' title="bbox 487 760 2518 2280">
    <p class='ocr_par' dir='ltr' id='par_1_2' title="bbox 487 760 2518 2280">
     <span class='ocr_line' id='line_1_2' title="bbox 487 760 2509 873; baseline -0.011 -14"><span class='ocrx_word' id='word_1_11' title='bbox 487 788 573 873; x_wconf 90' lang='lat' dir='ltr'>Dei,</span> <span class='ocrx_word' id='word_1_12' title='bbox 600 797 634 855; x_wconf 89' lang='lat' dir='ltr'>et</span> <span class='ocrx_word' id='word_1_13' title='bbox 658 783 732 851; x_wconf 89' lang='lat' dir='ltr'>irae</span> <span class='ocrx_word' id='word_1_14' title='bbox 754 802 793 848; x_wconf 89' lang='lat' dir='ltr'>ac</span> <span class='ocrx_word' id='word_1_15' title='bbox 815 769 1092 851; x_wconf 74' lang='lat' dir='ltr'>misericordiae,</span> <span class='ocrx_word' id='word_1_16' title='bbox 1123 776 1157 835; x_wconf 91' lang='lat' dir='ltr'>et</span> <span class='ocrx_word' id='word_1_17' title='bbox 1185 760 1358 851; x_wconf 79' lang='lat' dir='ltr'>imagines</span> <span class='ocrx_word' id='word_1_18' title='bbox 1380 760 1474 830; x_wconf 88' lang='lat' dir='ltr'>cala·</span> <span class='ocrx_word' id='word_1_19' title='bbox 1526 760 1596 831; x_wconf 90' lang='lat' dir='ltr'>cies</span> <span class='ocrx_word' id='word_1_20' title='bbox 1617 774 1750 831; x_wconf 90' lang='lat' dir='ltr'>vestrae</span> <span class='ocrx_word' id='word_1_21' title='bbox 1775 783 1850 828; x_wconf 92' lang='lat' dir='ltr'>non</span> <span class='ocrx_word' id='word_1_22' title='bbox 1872 761 2150 837; x_wconf 89' lang='lat' dir='ltr'>confundentur.</span> <span class='ocrx_word' id='word_1_23' title='bbox 2197 760 2266 834; x_wconf 90' lang='lat' dir='ltr'>lste</span> <span class='ocrx_word' id='word_1_24' title='bbox 2289 786 2418 855; x_wconf 77' lang='lat' dir='ltr'>pauper</span> <span class='ocrx_word' id='word_1_25' title='bbox 2432 767 2509 837; x_wconf 88' lang='lat' dir='ltr'>cla-</span> 
     </span>
     <span class='ocr_line' id='line_1_3' title="bbox 489 859 2210 963; baseline -0.014 0"><span class='ocrx_word' id='word_1_26' title='bbox 489 892 652 963; x_wconf 85' lang='lat' dir='ltr'>mitatum</span> <span class='ocrx_word' id='word_1_27' title='bbox 670 895 705 951; x_wconf 91' lang='lat' dir='ltr'>et</span> <span class='ocrx_word' id='word_1_28' title='bbox 720 876 970 949; x_wconf 88' lang='lat' dir='ltr'>liberationum</span> <span class='ocrx_word' id='word_1_29' title='bbox 988 865 1174 939; x_wconf 78' lang='lat' dir='ltr'>Ecclesiae.</span> <span class='ocrx_word' id='word_1_30' title='bbox 1213 860 1266 933; x_wconf 89' lang='lat' dir='ltr'>Ac</span> <span class='ocrx_word' id='word_1_31' title='bbox 1279 859 1476 945; x_wconf 82' lang='lat' dir='ltr'>vuttDeus,</span> <span class='ocrx_word' id='word_1_32' title='bbox 1527 861 1653 944; x_wconf 85' lang='lat' dir='ltr'>mavit,</span> <span class='ocrx_word' id='word_1_33' title='bbox 1680 875 1713 932; x_wconf 94' lang='lat' dir='ltr'>et</span> <span class='ocrx_word' id='word_1_34' title='bbox 1729 862 1911 931; x_wconf 91' lang='lat' dir='ltr'>Dominus</span> <span class='ocrx_word' id='word_1_35' title='bbox 1924 865 2105 934; x_wconf 89' lang='lat' dir='ltr'>exaudivit</span> <span class='ocrx_word' id='word_1_36' title='bbox 2121 890 2210 939; x_wconf 89' lang='lat' dir='ltr'>eum.</span> 
     </span>
     <span class='ocr_line' id='line_1_4' title="bbox 489 959 2509 1066; baseline -0.01 -5"><span class='ocrx_word' id='word_1_37' title='bbox 489 992 549 1066; x_wconf 91' lang='lat' dir='ltr'>his</span> <span class='ocrx_word' id='word_1_38' title='bbox 564 980 776 1059; x_wconf 73' lang='lat' dir='ltr'>testimoniis</span> <span class='ocrx_word' id='word_1_39' title='bbox 791 972 993 1045; x_wconf 84' lang='lat' dir='ltr'>confirmari</span> <span class='ocrx_word' id='word_1_40' title='bbox 1016 971 1055 1038; x_wconf 91' lang='lat' dir='ltr'>in</span> <span class='ocrx_word' id='word_1_41' title='bbox 1078 967 1183 1037; x_wconf 91' lang='lat' dir='ltr'>nobis</span> <span class='ocrx_word' id='word_1_42' title='bbox 1200 966 1306 1033; x_wconf 82' lang='lat' dir='ltr'>fidem</span> <span class='ocrx_word' id='word_1_43' title='bbox 1321 977 1355 1034; x_wconf 93' lang='lat' dir='ltr'>et</span> <span class='ocrx_word' id='word_1_44' title='bbox 1371 962 1477 1031; x_wconf 90' lang='lat' dir='ltr'>iuvo-</span> <span class='ocrx_word' id='word_1_45' title='bbox 1630 959 1853 1031; x_wconf 83' lang='lat' dir='ltr'>Salomon</span> <span class='ocrx_word' id='word_1_46' title='bbox 1875 961 1969 1032; x_wconf 88' lang='lat' dir='ltr'>lilius</span> <span class='ocrx_word' id='word_1_47' title='bbox 1983 963 2134 1035; x_wconf 90' lang='lat' dir='ltr'>Davidis</span> <span class='ocrx_word' id='word_1_48' title='bbox 2152 966 2292 1039; x_wconf 86' lang='lat' dir='ltr'>circiter</span> <span class='ocrx_word' id='word_1_49' title='bbox 2304 966 2509 1040; x_wconf 89' lang='lat' dir='ltr'>vicesimum</span> 
     </span>
     <span class='ocr_line' id='line_1_5' title="bbox 493 1060 2511 1167; baseline -0.017 -2"><span class='ocrx_word' id='word_1_50' title='bbox 493 1091 684 1167; x_wconf 88' lang='lat' dir='ltr'>cationem,</span> <span class='ocrx_word' id='word_1_51' title='bbox 717 1093 750 1149; x_wconf 91' lang='lat' dir='ltr'>et</span> <span class='ocrx_word' id='word_1_52' title='bbox 770 1090 921 1146; x_wconf 90' lang='lat' dir='ltr'>caeteras</span> <span class='ocrx_word' id='word_1_53' title='bbox 945 1072 1105 1141; x_wconf 90' lang='lat' dir='ltr'>virtutes.</span> <span class='ocrx_word' id='word_1_54' title='bbox 1156 1063 1233 1137; x_wconf 87' lang='lat' dir='ltr'>Etsi</span> <span class='ocrx_word' id='word_1_55' title='bbox 1257 1078 1373 1135; x_wconf 89' lang='lat' dir='ltr'>autem</span> <span class='ocrx_word' id='word_1_56' title='bbox 1390 1060 1477 1131; x_wconf 92' lang='lat' dir='ltr'>haec</span> <span class='ocrx_word' id='word_1_57' title='bbox 1528 1063 1650 1135; x_wconf 90' lang='lat' dir='ltr'>aetatis</span> <span class='ocrx_word' id='word_1_58' title='bbox 1663 1087 1797 1134; x_wconf 89' lang='lat' dir='ltr'>annum</span> <span class='ocrx_word' id='word_1_59' title='bbox 1811 1064 1972 1135; x_wconf 87' lang='lat' dir='ltr'>successit</span> <span class='ocrx_word' id='word_1_60' title='bbox 1984 1066 2085 1156; x_wconf 88' lang='lat' dir='ltr'>patri.</span> <span class='ocrx_word' id='word_1_61' title='bbox 2127 1066 2308 1157; x_wconf 83' lang='lat' dir='ltr'>Regnavit</span> <span class='ocrx_word' id='word_1_62' title='bbox 2323 1092 2436 1139; x_wconf 70' lang='lat' dir='ltr'>annos</span> <span class='ocrx_word' id='word_1_63' title='bbox 2449 1069 2511 1143; x_wconf 81' lang='grc' dir='ltr'>4ο.</span> 
     </span>
     <span class='ocr_line' id='line_1_6' title="bbox 492 1164 2515 1283; baseline -0.011 -19"><span class='ocrx_word' id='word_1_64' title='bbox 492 1187 656 1283; x_wconf 72' lang='lat' dir='ltr'>cogitatio</span> <span class='ocrx_word' id='word_1_65' title='bbox 680 1178 866 1252; x_wconf 88' lang='lat' dir='ltr'>utilissima</span> <span class='ocrx_word' id='word_1_66' title='bbox 892 1186 961 1257; x_wconf 91' lang='lat' dir='ltr'>est,</span> <span class='ocrx_word' id='word_1_67' title='bbox 994 1173 1087 1242; x_wconf 91' lang='lat' dir='ltr'>etin</span> <span class='ocrx_word' id='word_1_68' title='bbox 1118 1169 1269 1239; x_wconf 90' lang='lat' dir='ltr'>lectione</span> <span class='ocrx_word' id='word_1_69' title='bbox 1286 1164 1477 1235; x_wconf 84' lang='lat' dir='ltr'>Sacrorum</span> <span class='ocrx_word' id='word_1_70' title='bbox 1529 1166 1614 1235; x_wconf 86' lang='lat' dir='ltr'>Fuit</span> <span class='ocrx_word' id='word_1_71' title='bbox 1637 1166 1745 1254; x_wconf 89' lang='lat' dir='ltr'>igitur</span> <span class='ocrx_word' id='word_1_72' title='bbox 1768 1167 1875 1234; x_wconf 90' lang='lat' dir='ltr'>breve</span> <span class='ocrx_word' id='word_1_73' title='bbox 1899 1167 2053 1255; x_wconf 88' lang='lat' dir='ltr'>spacium</span> <span class='ocrx_word' id='word_1_74' title='bbox 2070 1168 2214 1254; x_wconf 90' lang='lat' dir='ltr'>aetatis,</span> <span class='ocrx_word' id='word_1_75' title='bbox 2240 1172 2329 1238; x_wconf 91' lang='lat' dir='ltr'>anni</span> <span class='ocrx_word' id='word_1_76' title='bbox 2349 1172 2515 1243; x_wconf 85' lang='lat' dir='ltr'>videlicet</span> 
     </span>
     <span class='ocr_line' id='line_1_7' title="bbox 494 1265 2516 1365; baseline -0.011 1"><span class='ocrx_word' id='word_1_77' title='bbox 494 1289 719 1365; x_wconf 89' lang='lat' dir='ltr'>voluminum</span> <span class='ocrx_word' id='word_1_78' title='bbox 732 1279 852 1350; x_wconf 90' lang='lat' dir='ltr'>omnia</span> <span class='ocrx_word' id='word_1_79' title='bbox 871 1274 1027 1364; x_wconf 90' lang='lat' dir='ltr'>exempla</span> <span class='ocrx_word' id='word_1_80' title='bbox 1049 1270 1254 1360; x_wconf 90' lang='lat' dir='ltr'>diligentius</span> <span class='ocrx_word' id='word_1_81' title='bbox 1268 1266 1478 1338; x_wconf 90' lang='lat' dir='ltr'>illustranda</span> <span class='ocrx_word' id='word_1_82' title='bbox 1530 1267 1708 1356; x_wconf 79' lang='lat' dir='ltr'>sexaginta</span> <span class='ocrx_word' id='word_1_83' title='bbox 1729 1280 1791 1336; x_wconf 88' lang='lat' dir='ltr'>aut</span> <span class='ocrx_word' id='word_1_84' title='bbox 1819 1266 1968 1336; x_wconf 85' lang='lat' dir='ltr'>circiter.</span> <span class='ocrx_word' id='word_1_85' title='bbox 2024 1265 2073 1339; x_wconf 90' lang='lat' dir='ltr'>Ut</span> <span class='ocrx_word' id='word_1_86' title='bbox 2094 1283 2210 1339; x_wconf 88' lang='lat' dir='ltr'>autem</span> <span class='ocrx_word' id='word_1_87' title='bbox 2242 1294 2352 1361; x_wconf 87' lang='lat' dir='ltr'>regna</span> <span class='ocrx_word' id='word_1_88' title='bbox 2382 1275 2516 1342; x_wconf 91' lang='lat' dir='ltr'>debent</span> 
     </span>
     <span class='ocr_line' id='line_1_8' title="bbox 495 1367 2516 1476; baseline -0.011 -9"><span class='ocrx_word' id='word_1_89' title='bbox 495 1408 590 1476; x_wconf 90' lang='lat' dir='ltr'>suut,</span> <span class='ocrx_word' id='word_1_90' title='bbox 614 1404 731 1460; x_wconf 86' lang='lat' dir='ltr'>tamen</span> <span class='ocrx_word' id='word_1_91' title='bbox 747 1383 784 1449; x_wconf 92' lang='lat' dir='ltr'>iu</span> <span class='ocrx_word' id='word_1_92' title='bbox 800 1376 865 1448; x_wconf 87' lang='lat' dir='ltr'>hac</span> <span class='ocrx_word' id='word_1_93' title='bbox 878 1391 1077 1465; x_wconf 90' lang='lat' dir='ltr'>temporum</span> <span class='ocrx_word' id='word_1_94' title='bbox 1095 1372 1323 1442; x_wconf 88' lang='lat' dir='ltr'>annotatione</span> <span class='ocrx_word' id='word_1_95' title='bbox 1342 1389 1480 1436; x_wconf 89' lang='lat' dir='ltr'>necesse</span> <span class='ocrx_word' id='word_1_96' title='bbox 1531 1392 1604 1437; x_wconf 89' lang='lat' dir='ltr'>esse</span> <span class='ocrx_word' id='word_1_97' title='bbox 1639 1381 1673 1437; x_wconf 88' lang='lat' dir='ltr'>et</span> <span class='ocrx_word' id='word_1_98' title='bbox 1704 1367 1861 1468; x_wconf 73' lang='lat' dir='ltr'>defensio</span> <span class='ocrx_word' id='word_1_99' title='bbox 1896 1380 1930 1436; x_wconf 93' lang='lat' dir='ltr'>et</span> <span class='ocrx_word' id='word_1_100' title='bbox 1963 1368 2167 1456; x_wconf 83' lang='lat' dir='ltr'>gubernatio</span> <span class='ocrx_word' id='word_1_101' title='bbox 2198 1370 2237 1440; x_wconf 90' lang='lat' dir='ltr'>in</span> <span class='ocrx_word' id='word_1_102' title='bbox 2264 1396 2370 1464; x_wconf 88' lang='lat' dir='ltr'>pace,</span> <span class='ocrx_word' id='word_1_103' title='bbox 2416 1375 2516 1444; x_wconf 88' lang='lat' dir='ltr'>iuxta</span> 
     </span>
     <span class='ocr_line' id='line_1_9' title="bbox 497 1466 2515 1567; baseline -0.012 0"><span class='ocrx_word' id='word_1_104' title='bbox 497 1485 924 1567; x_wconf 87' lang='lat' dir='ltr'>estnosbrevioresesse.</span> <span class='ocrx_word' id='word_1_105' title='bbox 977 1475 1047 1546; x_wconf 88' lang='lat' dir='ltr'>Sed</span> <span class='ocrx_word' id='word_1_106' title='bbox 1065 1475 1209 1544; x_wconf 92' lang='lat' dir='ltr'>lectores</span> <span class='ocrx_word' id='word_1_107' title='bbox 1227 1466 1415 1552; x_wconf 87' lang='lat' dir='ltr'>adhortor,</span> <span class='ocrx_word' id='word_1_108' title='bbox 1440 1480 1482 1535; x_wconf 92' lang='lat' dir='ltr'>ut</span> <span class='ocrx_word' id='word_1_109' title='bbox 1531 1483 1708 1562; x_wconf 87' lang='lat' dir='ltr'>utranque</span> <span class='ocrx_word' id='word_1_110' title='bbox 1732 1469 1889 1540; x_wconf 89' lang='lat' dir='ltr'>tabulam</span> <span class='ocrx_word' id='word_1_111' title='bbox 1912 1468 2097 1558; x_wconf 89' lang='lat' dir='ltr'>Decalogi,</span> <span class='ocrx_word' id='word_1_112' title='bbox 2130 1472 2167 1539; x_wconf 92' lang='lat' dir='ltr'>id</span> <span class='ocrx_word' id='word_1_113' title='bbox 2190 1486 2257 1557; x_wconf 89' lang='lat' dir='ltr'>est,</span> <span class='ocrx_word' id='word_1_114' title='bbox 2280 1487 2322 1543; x_wconf 91' lang='lat' dir='ltr'>ut</span> <span class='ocrx_word' id='word_1_115' title='bbox 2345 1497 2428 1543; x_wconf 89' lang='lat' dir='ltr'>vera</span> <span class='ocrx_word' id='word_1_116' title='bbox 2446 1477 2515 1544; x_wconf 90' lang='lat' dir='ltr'>do·</span> 
     </span>
     <span class='ocr_line' id='line_1_10' title="bbox 497 1570 2515 1675; baseline -0.011 -8"><span class='ocrx_word' id='word_1_117' title='bbox 497 1606 617 1667; x_wconf 90' lang='lat' dir='ltr'>mente</span> <span class='ocrx_word' id='word_1_118' title='bbox 640 1590 793 1675; x_wconf 88' lang='lat' dir='ltr'>integras</span> <span class='ocrx_word' id='word_1_119' title='bbox 815 1579 980 1651; x_wconf 83' lang='lat' dir='ltr'>historias</span> <span class='ocrx_word' id='word_1_120' title='bbox 1002 1578 1228 1656; x_wconf 85' lang='lat' dir='ltr'>intueantur,</span> <span class='ocrx_word' id='word_1_121' title='bbox 1261 1586 1295 1640; x_wconf 87' lang='lat' dir='ltr'>et</span> <span class='ocrx_word' id='word_1_122' title='bbox 1318 1571 1481 1659; x_wconf 88' lang='lat' dir='ltr'>cogitent,</span> <span class='ocrx_word' id='word_1_123' title='bbox 1532 1570 1645 1639; x_wconf 85' lang='lat' dir='ltr'>ctrina</span> <span class='ocrx_word' id='word_1_124' title='bbox 1661 1571 1704 1639; x_wconf 90' lang='lat' dir='ltr'>de</span> <span class='ocrx_word' id='word_1_125' title='bbox 1719 1570 1795 1639; x_wconf 88' lang='lat' dir='ltr'>Deo</span> <span class='ocrx_word' id='word_1_126' title='bbox 1820 1584 2060 1662; x_wconf 86' lang='lat' dir='ltr'>proponatur,</span> <span class='ocrx_word' id='word_1_127' title='bbox 2092 1583 2128 1639; x_wconf 89' lang='lat' dir='ltr'>et</span> <span class='ocrx_word' id='word_1_128' title='bbox 2152 1595 2233 1641; x_wconf 91' lang='lat' dir='ltr'>vera</span> <span class='ocrx_word' id='word_1_129' title='bbox 2250 1573 2423 1644; x_wconf 86' lang='lat' dir='ltr'>invocatio</span> <span class='ocrx_word' id='word_1_130' title='bbox 2440 1575 2515 1661; x_wconf 86' lang='lat' dir='ltr'>fiat,</span> 
     </span>
     <span class='ocr_line' id='line_1_11' title="bbox 498 1672 2513 1792; baseline -0.009 -27"><span class='ocrx_word' id='word_1_131' title='bbox 498 1717 608 1792; x_wconf 87' lang='lat' dir='ltr'>quare</span> <span class='ocrx_word' id='word_1_132' title='bbox 623 1712 680 1758; x_wconf 84' lang='lat' dir='ltr'>eas</span> <span class='ocrx_word' id='word_1_133' title='bbox 694 1689 793 1757; x_wconf 91' lang='lat' dir='ltr'>Deus</span> <span class='ocrx_word' id='word_1_134' title='bbox 810 1681 987 1752; x_wconf 85' lang='lat' dir='ltr'>Ecclesiae</span> <span class='ocrx_word' id='word_1_135' title='bbox 1003 1675 1234 1768; x_wconf 80' lang='lat' dir='ltr'>proposuerit.</span> <span class='ocrx_word' id='word_1_136' title='bbox 1534 1686 1700 1760; x_wconf 89' lang='lat' dir='ltr'>regantur</span> <span class='ocrx_word' id='word_1_137' title='bbox 1724 1695 1859 1757; x_wconf 90' lang='lat' dir='ltr'>mores,</span> <span class='ocrx_word' id='word_1_138' title='bbox 1882 1686 2108 1741; x_wconf 83' lang='lat' dir='ltr'>exerceantur</span> <span class='ocrx_word' id='word_1_139' title='bbox 2130 1672 2280 1760; x_wconf 90' lang='lat' dir='ltr'>iudicia,</span> <span class='ocrx_word' id='word_1_140' title='bbox 2302 1676 2513 1747; x_wconf 89' lang='lat' dir='ltr'>ordinentur</span> 
     </span>
     <span class='ocr_line' id='line_1_12' title="bbox 600 1767 2513 1864; baseline -0.008 -5"><span class='ocrx_word' id='word_1_141' title='bbox 600 1780 763 1859; x_wconf 82' lang='lat' dir='ltr'>David</span> <span class='ocrx_word' id='word_1_142' title='bbox 785 1785 872 1853; x_wconf 88' lang='lat' dir='ltr'>vixit</span> <span class='ocrx_word' id='word_1_143' title='bbox 888 1802 1001 1851; x_wconf 88' lang='lat' dir='ltr'>annos</span> <span class='ocrx_word' id='word_1_144' title='bbox 1023 1777 1082 1845; x_wconf 88' lang='lat'>70.</span> <span class='ocrx_word' id='word_1_145' title='bbox 1100 1772 1277 1863; x_wconf 85' lang='lat' dir='ltr'>Regnavit</span> <span class='ocrx_word' id='word_1_146' title='bbox 1293 1792 1405 1841; x_wconf 88' lang='lat' dir='ltr'>annos</span> <span class='ocrx_word' id='word_1_147' title='bbox 1423 1767 1483 1840; x_wconf 79' lang='lat'>40.</span> <span class='ocrx_word' id='word_1_148' title='bbox 1533 1773 1666 1842; x_wconf 90' lang='lat' dir='ltr'>tributa</span> <span class='ocrx_word' id='word_1_149' title='bbox 1690 1786 1724 1842; x_wconf 91' lang='lat' dir='ltr'>ct</span> <span class='ocrx_word' id='word_1_150' title='bbox 1744 1772 1938 1863; x_wconf 85' lang='lat' dir='ltr'>praesidia,</span> <span class='ocrx_word' id='word_1_151' title='bbox 1965 1773 2063 1842; x_wconf 88' lang='lat' dir='ltr'>dedit</span> <span class='ocrx_word' id='word_1_152' title='bbox 2086 1771 2186 1842; x_wconf 91' lang='lat' dir='ltr'>Deus</span> <span class='ocrx_word' id='word_1_153' title='bbox 2205 1789 2282 1864; x_wconf 94' lang='lat' dir='ltr'>post</span> <span class='ocrx_word' id='word_1_154' title='bbox 2298 1776 2386 1845; x_wconf 91' lang='lat' dir='ltr'>bella</span> <span class='ocrx_word' id='word_1_155' title='bbox 2401 1775 2513 1846; x_wconf 91' lang='lat' dir='ltr'>Davi-</span> 
     </span>
     <span class='ocr_line' id='line_1_13' title="bbox 499 1870 2515 1983; baseline -0.01 -20"><span class='ocrx_word' id='word_1_156' title='bbox 499 1893 636 1983; x_wconf 74' lang='lat' dir='ltr'>2.Reg.</span> <span class='ocrx_word' id='word_1_157' title='bbox 653 1886 689 1960; x_wconf 87' lang='lat'>5.</span> <span class='ocrx_word' id='word_1_158' title='bbox 725 1886 766 1957; x_wconf 91' lang='lat' dir='ltr'>lu</span> <span class='ocrx_word' id='word_1_159' title='bbox 783 1881 889 1955; x_wconf 91' lang='lat' dir='ltr'>huius</span> <span class='ocrx_word' id='word_1_160' title='bbox 905 1879 1050 1952; x_wconf 89' lang='lat' dir='ltr'>historia</span> <span class='ocrx_word' id='word_1_161' title='bbox 1066 1901 1140 1946; x_wconf 92' lang='lat' dir='ltr'>non</span> <span class='ocrx_word' id='word_1_162' title='bbox 1155 1870 1222 1943; x_wconf 90' lang='lat' dir='ltr'>hoc</span> <span class='ocrx_word' id='word_1_163' title='bbox 1238 1887 1376 1943; x_wconf 73' lang='lat' dir='ltr'>tantiam</span> <span class='ocrx_word' id='word_1_164' title='bbox 1396 1895 1481 1939; x_wconf 91' lang='lat' dir='ltr'>con·</span> <span class='ocrx_word' id='word_1_165' title='bbox 1534 1875 1589 1942; x_wconf 92' lang='lat' dir='ltr'>dis</span> <span class='ocrx_word' id='word_1_166' title='bbox 1610 1897 1728 1964; x_wconf 85' lang='lat' dir='ltr'>pacem</span> <span class='ocrx_word' id='word_1_167' title='bbox 1751 1871 1953 1953; x_wconf 86' lang='lat' dir='ltr'>Salomoni,</span> <span class='ocrx_word' id='word_1_168' title='bbox 1981 1886 2015 1942; x_wconf 89' lang='lat' dir='ltr'>et</span> <span class='ocrx_word' id='word_1_169' title='bbox 2042 1873 2209 1945; x_wconf 89' lang='lat' dir='ltr'>instruxit</span> <span class='ocrx_word' id='word_1_170' title='bbox 2231 1899 2310 1945; x_wconf 91' lang='lat' dir='ltr'>eum</span> <span class='ocrx_word' id='word_1_171' title='bbox 2331 1877 2515 1947; x_wconf 84' lang='lat' dir='ltr'>excellenti</span> 
     </span>
     <span class='ocr_line' id='line_1_14' title="bbox 501 1972 2515 2077; baseline -0.013 -5"><span class='ocrx_word' id='word_1_172' title='bbox 501 1994 728 2073; x_wconf 87' lang='lat' dir='ltr'>siderandum</span> <span class='ocrx_word' id='word_1_173' title='bbox 753 2000 823 2065; x_wconf 88' lang='lat' dir='ltr'>cst,</span> <span class='ocrx_word' id='word_1_174' title='bbox 854 1986 947 2077; x_wconf 89' lang='lat' dir='ltr'>qnod</span> <span class='ocrx_word' id='word_1_175' title='bbox 971 1992 1116 2048; x_wconf 86' lang='lat' dir='ltr'>ornatus</span> <span class='ocrx_word' id='word_1_176' title='bbox 1138 1988 1189 2045; x_wconf 89' lang='lat' dir='ltr'>est</span> <span class='ocrx_word' id='word_1_177' title='bbox 1214 1999 1234 2044; x_wconf 89' lang='lat' dir='ltr'>a</span> <span class='ocrx_word' id='word_1_178' title='bbox 1257 1975 1337 2045; x_wconf 90' lang='lat' dir='ltr'>Deo</span> <span class='ocrx_word' id='word_1_179' title='bbox 1364 1972 1483 2041; x_wconf 89' lang='lat' dir='ltr'>multis</span> <span class='ocrx_word' id='word_1_180' title='bbox 1534 1974 1724 2066; x_wconf 87' lang='lat' dir='ltr'>sapientia,</span> <span class='ocrx_word' id='word_1_181' title='bbox 1749 1987 1784 2044; x_wconf 90' lang='lat' dir='ltr'>et</span> <span class='ocrx_word' id='word_1_182' title='bbox 1805 1974 1966 2045; x_wconf 89' lang='lat' dir='ltr'>adiunxit</span> <span class='ocrx_word' id='word_1_183' title='bbox 1985 1976 2123 2066; x_wconf 90' lang='lat' dir='ltr'>sapiens</span> <span class='ocrx_word' id='word_1_184' title='bbox 2146 1975 2332 2065; x_wconf 89' lang='lat' dir='ltr'>collegium</span> <span class='ocrx_word' id='word_1_185' title='bbox 2353 1972 2515 2069; x_wconf 87' lang='lat' dir='ltr'>Prophe-</span> 
     </span>
     <span class='ocr_line' id='line_1_15' title="bbox 501 2075 2516 2173; baseline -0.012 -3"><span class='ocrx_word' id='word_1_186' title='bbox 501 2092 720 2173; x_wconf 87' lang='lat' dir='ltr'>admirandis</span> <span class='ocrx_word' id='word_1_187' title='bbox 745 2102 779 2158; x_wconf 91' lang='lat' dir='ltr'>et</span> <span class='ocrx_word' id='word_1_188' title='bbox 802 2085 1014 2153; x_wconf 88' lang='lat' dir='ltr'>salutaribus</span> <span class='ocrx_word' id='word_1_189' title='bbox 1035 2078 1212 2161; x_wconf 88' lang='lat' dir='ltr'>victoriis,</span> <span class='ocrx_word' id='word_1_190' title='bbox 1237 2099 1326 2169; x_wconf 85' lang='lat' dir='ltr'>qtrae</span> <span class='ocrx_word' id='word_1_191' title='bbox 1340 2076 1485 2144; x_wconf 89' lang='lat' dir='ltr'>fuerunt</span> <span class='ocrx_word' id='word_1_192' title='bbox 1536 2090 1669 2160; x_wconf 78' lang='lat' dir='ltr'>tactim,</span> <span class='ocrx_word' id='word_1_193' title='bbox 1695 2089 1729 2145; x_wconf 91' lang='lat' dir='ltr'>et</span> <span class='ocrx_word' id='word_1_194' title='bbox 1744 2075 1895 2145; x_wconf 91' lang='lat' dir='ltr'>aliorum</span> <span class='ocrx_word' id='word_1_195' title='bbox 1916 2075 2160 2147; x_wconf 88' lang='lat' dir='ltr'>excellentium</span> <span class='ocrx_word' id='word_1_196' title='bbox 2177 2078 2377 2147; x_wconf 89' lang='lat' dir='ltr'>eruditione</span> <span class='ocrx_word' id='word_1_197' title='bbox 2393 2079 2516 2169; x_wconf 91' lang='lat' dir='ltr'>etpie-</span> 
     </span>
     <span class='ocr_line' id='line_1_16' title="bbox 501 2173 2518 2280; baseline -0.014 -7"><span class='ocrx_word' id='word_1_198' title='bbox 501 2194 704 2276; x_wconf 86' lang='lat' dir='ltr'>testirnonia</span> <span class='ocrx_word' id='word_1_199' title='bbox 736 2185 952 2280; x_wconf 87' lang='lat' dir='ltr'>praesentiae</span> <span class='ocrx_word' id='word_1_200' title='bbox 973 2180 1044 2251; x_wconf 89' lang='lat' dir='ltr'>Dei</span> <span class='ocrx_word' id='word_1_201' title='bbox 1077 2182 1115 2246; x_wconf 93' lang='lat' dir='ltr'>iu</span> <span class='ocrx_word' id='word_1_202' title='bbox 1144 2174 1211 2247; x_wconf 91' lang='lat' dir='ltr'>hoc</span> <span class='ocrx_word' id='word_1_203' title='bbox 1232 2176 1390 2269; x_wconf 88' lang='lat' dir='ltr'>populo:</span> <span class='ocrx_word' id='word_1_204' title='bbox 1423 2177 1483 2243; x_wconf 87' lang='lat' dir='ltr'>sed</span> <span class='ocrx_word' id='word_1_205' title='bbox 1527 2191 1617 2280; x_wconf 62' lang='lat' dir='ltr'>pate.</span> <span class='ocrx_word' id='word_1_206' title='bbox 1669 2173 1762 2247; x_wconf 90' lang='lat' dir='ltr'>Sunt</span> <span class='ocrx_word' id='word_1_207' title='bbox 1787 2177 1896 2264; x_wconf 86' lang='lat' dir='ltr'>igitur</span> <span class='ocrx_word' id='word_1_208' title='bbox 1925 2177 2000 2245; x_wconf 92' lang='lat' dir='ltr'>eins</span> <span class='ocrx_word' id='word_1_209' title='bbox 2028 2201 2133 2266; x_wconf 90' lang='lat' dir='ltr'>opera</span> <span class='ocrx_word' id='word_1_210' title='bbox 2157 2178 2407 2249; x_wconf 88' lang='lat' dir='ltr'>convenientia</span> <span class='ocrx_word' id='word_1_211' title='bbox 2427 2180 2518 2270; x_wconf 86' lang='lat' dir='ltr'>paci,</span> 
     </span>
    </p>
   </div>
   <div class='ocr_carea' id='block_1_3' title="bbox 503 2279 1506 5398">
    <p class='ocr_par' dir='ltr' id='par_1_3' title="bbox 503 2279 1490 3186">
     <span class='ocr_line' id='line_1_17' title="bbox 503 2279 1485 2381; baseline -0.031 -8"><span class='ocrx_word' id='word_1_212' title='bbox 503 2301 617 2373; x_wconf 89' lang='lat' dir='ltr'>multo</span> <span class='ocrx_word' id='word_1_213' title='bbox 642 2293 753 2381; x_wconf 91' lang='lat' dir='ltr'>magis</span> <span class='ocrx_word' id='word_1_214' title='bbox 775 2285 859 2368; x_wconf 94' lang='lat' dir='ltr'>hoc,</span> <span class='ocrx_word' id='word_1_215' title='bbox 884 2284 981 2378; x_wconf 91' lang='lat' dir='ltr'>quod</span> <span class='ocrx_word' id='word_1_216' title='bbox 1002 2283 1045 2350; x_wconf 90' lang='lat' dir='ltr'>ad</span> <span class='ocrx_word' id='word_1_217' title='bbox 1072 2304 1151 2349; x_wconf 90' lang='lat' dir='ltr'>eum</span> <span class='ocrx_word' id='word_1_218' title='bbox 1167 2279 1313 2368; x_wconf 87' lang='lat' dir='ltr'>repetita</span> <span class='ocrx_word' id='word_1_219' title='bbox 1335 2290 1384 2345; x_wconf 91' lang='lat' dir='ltr'>est</span> <span class='ocrx_word' id='word_1_220' title='bbox 1402 2301 1485 2367; x_wconf 90' lang='lat' dir='ltr'>pro-</span> 
     </span>
     <span class='ocr_line' id='line_1_18' title="bbox 505 2380 1486 2474; baseline -0.033 0"><span class='ocrx_word' id='word_1_221' title='bbox 505 2400 626 2473; x_wconf 85' lang='lat' dir='ltr'>missio</span> <span class='ocrx_word' id='word_1_222' title='bbox 642 2398 687 2465; x_wconf 88' lang='lat' dir='ltr'>de</span> <span class='ocrx_word' id='word_1_223' title='bbox 702 2389 846 2463; x_wconf 88' lang='lat' dir='ltr'>Messia.</span> <span class='ocrx_word' id='word_1_224' title='bbox 897 2383 986 2454; x_wconf 85' lang='lat' dir='ltr'>Eius</span> <span class='ocrx_word' id='word_1_225' title='bbox 1008 2380 1251 2474; x_wconf 85' lang='lat' dir='ltr'>promissionis</span> <span class='ocrx_word' id='word_1_226' title='bbox 1268 2402 1409 2471; x_wconf 90' lang='lat' dir='ltr'>quoque</span> <span class='ocrx_word' id='word_1_227' title='bbox 1434 2391 1486 2446; x_wconf 89' lang='lat' dir='ltr'>te-</span> 
     </span>
     <span class='ocr_line' id='line_1_19' title="bbox 508 2476 1485 2574; baseline -0.031 0"><span class='ocrx_word' id='word_1_228' title='bbox 508 2497 673 2574; x_wconf 89' lang='lat' dir='ltr'>stimonia</span> <span class='ocrx_word' id='word_1_229' title='bbox 693 2495 839 2562; x_wconf 89' lang='lat' dir='ltr'>fuerunt</span> <span class='ocrx_word' id='word_1_230' title='bbox 861 2487 944 2553; x_wconf 90' lang='lat' dir='ltr'>illae</span> <span class='ocrx_word' id='word_1_231' title='bbox 968 2482 1147 2553; x_wconf 90' lang='lat' dir='ltr'>victoriae.</span> <span class='ocrx_word' id='word_1_232' title='bbox 1198 2476 1348 2549; x_wconf 87' lang='lat' dir='ltr'>Aenon</span> <span class='ocrx_word' id='word_1_233' title='bbox 1372 2478 1485 2547; x_wconf 89' lang='lat' dir='ltr'>solnm</span> 
     </span>
     <span class='ocr_line' id='line_1_20' title="bbox 508 2579 1486 2693; baseline -0.031 -18"><span class='ocrx_word' id='word_1_234' title='bbox 508 2603 598 2693; x_wconf 89' lang='lat' dir='ltr'>regis</span> <span class='ocrx_word' id='word_1_235' title='bbox 626 2594 741 2665; x_wconf 81' lang='lat' dir='ltr'>officio</span> <span class='ocrx_word' id='word_1_236' title='bbox 768 2586 990 2657; x_wconf 85' lang='lat' dir='ltr'>faelicissime</span> <span class='ocrx_word' id='word_1_237' title='bbox 1020 2585 1161 2652; x_wconf 92' lang='lat' dir='ltr'>functus</span> <span class='ocrx_word' id='word_1_238' title='bbox 1191 2594 1260 2665; x_wconf 90' lang='lat' dir='ltr'>est,</span> <span class='ocrx_word' id='word_1_239' title='bbox 1296 2579 1486 2649; x_wconf 89' lang='lat' dir='ltr'>sedetiam</span> 
     </span>
     <span class='ocr_line' id='line_1_21' title="bbox 505 2677 1488 2783; baseline -0.028 -7"><span class='ocrx_word' id='word_1_240' title='bbox 505 2705 641 2776; x_wconf 91' lang='lat' dir='ltr'>Doctor</span> <span class='ocrx_word' id='word_1_241' title='bbox 654 2693 723 2765; x_wconf 87' lang='lat' dir='ltr'>fuit</span> <span class='ocrx_word' id='word_1_242' title='bbox 741 2688 948 2783; x_wconf 88' lang='lat' dir='ltr'>praecipuus</span> <span class='ocrx_word' id='word_1_243' title='bbox 963 2686 1001 2752; x_wconf 93' lang='lat' dir='ltr'>in</span> <span class='ocrx_word' id='word_1_244' title='bbox 1017 2680 1085 2754; x_wconf 93' lang='lat' dir='ltr'>boc</span> <span class='ocrx_word' id='word_1_245' title='bbox 1099 2681 1243 2773; x_wconf 91' lang='lat' dir='ltr'>populo.</span> <span class='ocrx_word' id='word_1_246' title='bbox 1293 2677 1340 2750; x_wconf 88' lang='lat' dir='ltr'>Et</span> <span class='ocrx_word' id='word_1_247' title='bbox 1363 2679 1400 2748; x_wconf 93' lang='lat' dir='ltr'>in</span> <span class='ocrx_word' id='word_1_248' title='bbox 1415 2680 1488 2749; x_wconf 90' lang='lat' dir='ltr'>suis</span> 
     </span>
     <span class='ocr_line' id='line_1_22' title="bbox 508 2782 1488 2892; baseline -0.028 -17"><span class='ocrx_word' id='word_1_249' title='bbox 508 2799 646 2892; x_wconf 91' lang='lat' dir='ltr'>scriptis</span> <span class='ocrx_word' id='word_1_250' title='bbox 669 2818 742 2864; x_wconf 90' lang='lat' dir='ltr'>non</span> <span class='ocrx_word' id='word_1_251' title='bbox 773 2802 909 2861; x_wconf 90' lang='lat' dir='ltr'>tantum</span> <span class='ocrx_word' id='word_1_252' title='bbox 938 2786 1025 2876; x_wconf 89' lang='lat' dir='ltr'>legis</span> <span class='ocrx_word' id='word_1_253' title='bbox 1050 2784 1265 2866; x_wconf 87' lang='lat' dir='ltr'>doctrinam,</span> <span class='ocrx_word' id='word_1_254' title='bbox 1297 2782 1488 2852; x_wconf 85' lang='lat' dir='ltr'>sedetiam</span> 
     </span>
     <span class='ocr_line' id='line_1_23' title="bbox 508 2882 1490 2989; baseline -0.022 -16"><span class='ocrx_word' id='word_1_255' title='bbox 508 2897 745 2989; x_wconf 86' lang='lat' dir='ltr'>Evangelium</span> <span class='ocrx_word' id='word_1_256' title='bbox 783 2889 986 2980; x_wconf 89' lang='lat' dir='ltr'>complexus</span> <span class='ocrx_word' id='word_1_257' title='bbox 1022 2898 1083 2955; x_wconf 72' lang='lat' dir='ltr'>est</span> <span class='ocrx_word' id='word_1_258' title='bbox 1142 2883 1292 2966; x_wconf 87' lang='lat' dir='ltr'>Docuit,</span> <span class='ocrx_word' id='word_1_259' title='bbox 1331 2882 1410 2975; x_wconf 88' lang='lat' dir='ltr'>quis</span> <span class='ocrx_word' id='word_1_260' title='bbox 1444 2882 1490 2951; x_wconf 92' lang='lat' dir='ltr'>sit</span> 
     </span>
     <span class='ocr_line' id='line_1_24' title="bbox 508 2979 1489 3086; baseline -0.023 -12"><span class='ocrx_word' id='word_1_261' title='bbox 508 3002 678 3082; x_wconf 85' lang='lat' dir='ltr'>Messias,</span> <span class='ocrx_word' id='word_1_262' title='bbox 703 3008 737 3065; x_wconf 91' lang='lat' dir='ltr'>et</span> <span class='ocrx_word' id='word_1_263' title='bbox 757 3015 848 3086; x_wconf 83' lang='lat' dir='ltr'>quae</span> <span class='ocrx_word' id='word_1_264' title='bbox 871 2990 943 3058; x_wconf 89' lang='lat' dir='ltr'>siut</span> <span class='ocrx_word' id='word_1_265' title='bbox 962 2988 1036 3057; x_wconf 88' lang='lat' dir='ltr'>eius</span> <span class='ocrx_word' id='word_1_266' title='bbox 1052 2983 1230 3055; x_wconf 83' lang='lat' dir='ltr'>beneficia.</span> <span class='ocrx_word' id='word_1_267' title='bbox 1282 2979 1329 3054; x_wconf 87' lang='lat' dir='ltr'>Et</span> <span class='ocrx_word' id='word_1_268' title='bbox 1346 2983 1489 3076; x_wconf 89' lang='lat' dir='ltr'>quidem</span> 
     </span>
     <span class='ocr_line' id='line_1_25' title="bbox 509 3079 1402 3186; baseline -0.03 -7"><span class='ocrx_word' id='word_1_269' title='bbox 509 3101 658 3178; x_wconf 89' lang='lat' dir='ltr'>Davidis</span> <span class='ocrx_word' id='word_1_270' title='bbox 671 3096 812 3168; x_wconf 90' lang='lat' dir='ltr'>dolores</span> <span class='ocrx_word' id='word_1_271' title='bbox 824 3092 899 3186; x_wconf 89' lang='lat' dir='ltr'>typi</span> <span class='ocrx_word' id='word_1_272' title='bbox 917 3090 1061 3158; x_wconf 91' lang='lat' dir='ltr'>fuerunt</span> <span class='ocrx_word' id='word_1_273' title='bbox 1074 3086 1239 3156; x_wconf 90' lang='lat' dir='ltr'>dolorum</span> <span class='ocrx_word' id='word_1_274' title='bbox 1256 3079 1402 3154; x_wconf 90' lang='lat' dir='ltr'>Christi.</span> 
     </span>
    </p>

    <p class='ocr_par' dir='ltr' id='par_1_4' title="bbox 511 3183 1495 3880">
     <span class='ocr_line' id='line_1_26' title="bbox 609 3183 1490 3291; baseline -0.022 -19"><span class='ocrx_word' id='word_1_275' title='bbox 609 3199 770 3291; x_wconf 88' lang='lat' dir='ltr'>Cumque</span> <span class='ocrx_word' id='word_1_276' title='bbox 800 3196 856 3261; x_wconf 91' lang='lat' dir='ltr'>vir</span> <span class='ocrx_word' id='word_1_277' title='bbox 885 3205 1004 3262; x_wconf 91' lang='lat' dir='ltr'>tantus</span> <span class='ocrx_word' id='word_1_278' title='bbox 1030 3199 1117 3259; x_wconf 90' lang='lat' dir='ltr'>esset</span> <span class='ocrx_word' id='word_1_279' title='bbox 1144 3183 1277 3267; x_wconf 88' lang='lat' dir='ltr'>David,</span> <span class='ocrx_word' id='word_1_280' title='bbox 1313 3185 1420 3254; x_wconf 92' lang='lat' dir='ltr'>simul</span> <span class='ocrx_word' id='word_1_281' title='bbox 1452 3184 1490 3253; x_wconf 88' lang='lat' dir='ltr'>lit</span> 
     </span>
     <span class='ocr_line' id='line_1_27' title="bbox 513 3285 1488 3397; baseline -0.026 -17"><span class='ocrx_word' id='word_1_282' title='bbox 513 3303 712 3397; x_wconf 89' lang='lat' dir='ltr'>exemplum</span> <span class='ocrx_word' id='word_1_283' title='bbox 749 3293 962 3365; x_wconf 86' lang='lat' dir='ltr'>infirmitatis</span> <span class='ocrx_word' id='word_1_284' title='bbox 997 3285 1172 3359; x_wconf 90' lang='lat' dir='ltr'>humanae</span> <span class='ocrx_word' id='word_1_285' title='bbox 1212 3299 1246 3356; x_wconf 89' lang='lat' dir='ltr'>et</span> <span class='ocrx_word' id='word_1_286' title='bbox 1285 3310 1488 3376; x_wconf 89' lang='lat' dir='ltr'>poenarum.</span> 
     </span>
     <span class='ocr_line' id='line_1_28' title="bbox 511 3388 1491 3498; baseline -0.026 -18"><span class='ocrx_word' id='word_1_287' title='bbox 511 3407 683 3498; x_wconf 86' lang='lat' dir='ltr'>Turpiter</span> <span class='ocrx_word' id='word_1_288' title='bbox 705 3401 856 3475; x_wconf 87' lang='lat' dir='ltr'>labitur,</span> <span class='ocrx_word' id='word_1_289' title='bbox 882 3407 916 3464; x_wconf 89' lang='lat' dir='ltr'>et</span> <span class='ocrx_word' id='word_1_290' title='bbox 932 3389 1153 3462; x_wconf 90' lang='lat' dir='ltr'>horribiliter</span> <span class='ocrx_word' id='word_1_291' title='bbox 1174 3388 1339 3479; x_wconf 89' lang='lat' dir='ltr'>punitur,</span> <span class='ocrx_word' id='word_1_292' title='bbox 1366 3402 1399 3456; x_wconf 91' lang='lat' dir='ltr'>et</span> <span class='ocrx_word' id='word_1_293' title='bbox 1416 3411 1491 3456; x_wconf 89' lang='lat' dir='ltr'>sus-</span> 
     </span>
     <span class='ocr_line' id='line_1_29' title="bbox 513 3488 1492 3582; baseline -0.023 -5"><span class='ocrx_word' id='word_1_294' title='bbox 513 3510 604 3582; x_wconf 88' lang='lat' dir='ltr'>tinet</span> <span class='ocrx_word' id='word_1_295' title='bbox 627 3526 701 3571; x_wconf 90' lang='lat' dir='ltr'>non</span> <span class='ocrx_word' id='word_1_296' title='bbox 732 3500 847 3567; x_wconf 90' lang='lat' dir='ltr'>solum</span> <span class='ocrx_word' id='word_1_297' title='bbox 869 3517 1013 3564; x_wconf 89' lang='lat' dir='ltr'>suorum</span> <span class='ocrx_word' id='word_1_298' title='bbox 1037 3492 1207 3562; x_wconf 89' lang='lat' dir='ltr'>scelerum</span> <span class='ocrx_word' id='word_1_299' title='bbox 1231 3488 1492 3567; x_wconf 89' lang='lat' dir='ltr'>conscientiam,</span> 
     </span>
     <span class='ocr_line' id='line_1_30' title="bbox 515 3588 1494 3687; baseline -0.02 -9"><span class='ocrx_word' id='word_1_300' title='bbox 515 3609 576 3679; x_wconf 86' lang='lat' dir='ltr'>sed</span> <span class='ocrx_word' id='word_1_301' title='bbox 600 3603 704 3673; x_wconf 89' lang='lat' dir='ltr'>etiarn</span> <span class='ocrx_word' id='word_1_302' title='bbox 728 3597 923 3687; x_wconf 90' lang='lat' dir='ltr'>ingentium</span> <span class='ocrx_word' id='word_1_303' title='bbox 955 3592 1221 3672; x_wconf 88' lang='lat' dir='ltr'>scandalorum,</span> <span class='ocrx_word' id='word_1_304' title='bbox 1248 3613 1337 3680; x_wconf 86' lang='lat' dir='ltr'>quae</span> <span class='ocrx_word' id='word_1_305' title='bbox 1359 3588 1494 3678; x_wconf 89' lang='lat' dir='ltr'>peperit</span> 
     </span>
     <span class='ocr_line' id='line_1_31' title="bbox 516 3684 1495 3783; baseline -0.023 -3"><span class='ocrx_word' id='word_1_306' title='bbox 516 3704 654 3780; x_wconf 88' lang='lat' dir='ltr'>seditio.</span> <span class='ocrx_word' id='word_1_307' title='bbox 705 3695 769 3768; x_wconf 88' lang='lat' dir='ltr'>Est</span> <span class='ocrx_word' id='word_1_308' title='bbox 791 3697 886 3763; x_wconf 90' lang='lat' dir='ltr'>cuim</span> <span class='ocrx_word' id='word_1_309' title='bbox 904 3693 1010 3760; x_wconf 91' lang='lat' dir='ltr'>nimis</span> <span class='ocrx_word' id='word_1_310' title='bbox 1021 3715 1143 3760; x_wconf 90' lang='lat' dir='ltr'>verum</span> <span class='ocrx_word' id='word_1_311' title='bbox 1158 3689 1292 3758; x_wconf 91' lang='lat' dir='ltr'>dictum</span> <span class='ocrx_word' id='word_1_312' title='bbox 1309 3684 1495 3783; x_wconf 85' lang='lat' dir='ltr'>Thucydi·</span> 
     </span>
     <span class='ocr_line' id='line_1_32' title="bbox 516 3784 1276 3880; baseline -0.022 -2"><span class='ocrx_word' id='word_1_313' title='bbox 516 3810 588 3880; x_wconf 90' lang='lat' dir='ltr'>dis:</span> <span class='ocrx_word' id='word_1_314' title='bbox 610 3800 671 3874; x_wconf 80' lang='grc' dir='ltr'>Ἕν</span> <span class='ocrx_word' id='word_1_315' title='bbox 688 3791 812 3870; x_wconf 74' lang='grc' dir='ltr'><em>στάσει</em></span> <span class='ocrx_word' id='word_1_316' title='bbox 826 3797 928 3865; x_wconf 83' lang='grc' dir='ltr'><strong><em>πᾶσα</em></strong></span> <span class='ocrx_word' id='word_1_317' title='bbox 944 3788 1042 3863; x_wconf 80' lang='lat' dir='ltr'>eide&#39;n</span> <span class='ocrx_word' id='word_1_318' title='bbox 1056 3793 1174 3862; x_wconf 86' lang='grc' dir='ltr'><em>κακοῦ</em></span> <span class='ocrx_word' id='word_1_319' title='bbox 1189 3784 1276 3861; x_wconf 74' lang='grc' dir='ltr'><strong>ἐστὶ.</strong></span> 
     </span>
    </p>

    <p class='ocr_par' dir='ltr' id='par_1_5' title="bbox 517 3890 1503 4986">
     <span class='ocr_line' id='line_1_33' title="bbox 629 3890 1497 3975; baseline -0.015 -2"><span class='ocrx_word' id='word_1_320' title='bbox 629 3902 701 3975; x_wconf 89' lang='lat' dir='ltr'>Sed</span> <span class='ocrx_word' id='word_1_321' title='bbox 720 3901 814 3970; x_wconf 91' lang='lat' dir='ltr'>idern</span> <span class='ocrx_word' id='word_1_322' title='bbox 835 3893 952 3965; x_wconf 85' lang='lat' dir='ltr'>David</span> <span class='ocrx_word' id='word_1_323' title='bbox 983 3893 1080 3964; x_wconf 88' lang='lat' dir='ltr'>testis</span> <span class='ocrx_word' id='word_1_324' title='bbox 1104 3903 1156 3960; x_wconf 89' lang='lat' dir='ltr'>est</span> <span class='ocrx_word' id='word_1_325' title='bbox 1176 3890 1438 3961; x_wconf 88' lang='lat' dir='ltr'>misericordiae</span> <span class='ocrx_word' id='word_1_326' title='bbox 1462 3904 1497 3960; x_wconf 91' lang='lat' dir='ltr'>et</span> 
     </span>
     <span class='ocr_line' id='line_1_34' title="bbox 518 3990 1498 4092; baseline -0.023 -10"><span class='ocrx_word' id='word_1_327' title='bbox 518 4001 735 4082; x_wconf 89' lang='lat' dir='ltr'>remissionis</span> <span class='ocrx_word' id='word_1_328' title='bbox 749 4010 982 4092; x_wconf 90' lang='lat' dir='ltr'>peccatorum.</span> <span class='ocrx_word' id='word_1_329' title='bbox 1034 3991 1119 4063; x_wconf 92' lang='lat' dir='ltr'>Vult</span> <span class='ocrx_word' id='word_1_330' title='bbox 1135 3992 1229 4062; x_wconf 89' lang='lat' dir='ltr'>euim</span> <span class='ocrx_word' id='word_1_331' title='bbox 1244 3990 1340 4062; x_wconf 89' lang='lat' dir='ltr'>Deus</span> <span class='ocrx_word' id='word_1_332' title='bbox 1356 4015 1422 4060; x_wconf 92' lang='lat' dir='ltr'>nos</span> <span class='ocrx_word' id='word_1_333' title='bbox 1443 4005 1498 4061; x_wconf 90' lang='lat' dir='ltr'>te·</span> 
     </span>
     <span class='ocr_line' id='line_1_35' title="bbox 518 4091 1497 4194; baseline -0.022 -11"><span class='ocrx_word' id='word_1_334' title='bbox 518 4133 603 4184; x_wconf 88' lang='lat' dir='ltr'>nere</span> <span class='ocrx_word' id='word_1_335' title='bbox 629 4103 802 4194; x_wconf 89' lang='lat' dir='ltr'>regulam:</span> <span class='ocrx_word' id='word_1_336' title='bbox 834 4097 927 4166; x_wconf 87' lang='lat' dir='ltr'>Vivo</span> <span class='ocrx_word' id='word_1_337' title='bbox 954 4117 1036 4185; x_wconf 92' lang='lat' dir='ltr'>ego,</span> <span class='ocrx_word' id='word_1_338' title='bbox 1067 4094 1154 4166; x_wconf 90' lang='lat' dir='ltr'>dicit</span> <span class='ocrx_word' id='word_1_339' title='bbox 1181 4091 1375 4174; x_wconf 88' lang='lat' dir='ltr'>Dominus,</span> <span class='ocrx_word' id='word_1_340' title='bbox 1404 4092 1497 4163; x_wconf 90' lang='lat' dir='ltr'>Nolo</span> 
     </span>
     <span class='ocr_line' id='line_1_36' title="bbox 518 4196 1496 4296; baseline -0.018 -12"><span class='ocrx_word' id='word_1_341' title='bbox 518 4224 668 4284; x_wconf 85' lang='lat' dir='ltr'>mortem</span> <span class='ocrx_word' id='word_1_342' title='bbox 691 4199 898 4296; x_wconf 87' lang='lat' dir='ltr'>peccatoris,</span> <span class='ocrx_word' id='word_1_343' title='bbox 926 4199 987 4266; x_wconf 90' lang='lat' dir='ltr'>sed</span> <span class='ocrx_word' id='word_1_344' title='bbox 1010 4209 1050 4268; x_wconf 90' lang='lat' dir='ltr'>ut</span> <span class='ocrx_word' id='word_1_345' title='bbox 1083 4209 1309 4267; x_wconf 87' lang='lat' dir='ltr'>convertatur</span> <span class='ocrx_word' id='word_1_346' title='bbox 1331 4211 1365 4267; x_wconf 91' lang='lat' dir='ltr'>et</span> <span class='ocrx_word' id='word_1_347' title='bbox 1389 4196 1496 4266; x_wconf 87' lang='lat' dir='ltr'>vivat.</span> 
     </span>
     <span class='ocr_line' id='line_1_37' title="bbox 519 4296 1500 4391; baseline -0.019 -5"><span class='ocrx_word' id='word_1_348' title='bbox 519 4309 568 4386; x_wconf 79' lang='lat' dir='ltr'>Et</span> <span class='ocrx_word' id='word_1_349' title='bbox 582 4309 659 4380; x_wconf 90' lang='lat' dir='ltr'>vult</span> <span class='ocrx_word' id='word_1_350' title='bbox 674 4328 739 4379; x_wconf 90' lang='lat' dir='ltr'>nos</span> <span class='ocrx_word' id='word_1_351' title='bbox 756 4300 888 4372; x_wconf 90' lang='lat' dir='ltr'>intueri</span> <span class='ocrx_word' id='word_1_352' title='bbox 905 4298 1061 4390; x_wconf 88' lang='lat' dir='ltr'>exempla</span> <span class='ocrx_word' id='word_1_353' title='bbox 1080 4320 1215 4381; x_wconf 88' lang='lat' dir='ltr'>eorum,</span> <span class='ocrx_word' id='word_1_354' title='bbox 1239 4297 1302 4391; x_wconf 90' lang='lat' dir='ltr'>qui</span> <span class='ocrx_word' id='word_1_355' title='bbox 1318 4296 1500 4368; x_wconf 90' lang='lat' dir='ltr'>redierunt</span> 
     </span>
     <span class='ocr_line' id='line_1_38' title="bbox 521 4397 1501 4506; baseline -0.02 -20"><span class='ocrx_word' id='word_1_356' title='bbox 521 4416 566 4486; x_wconf 87' lang='lat' dir='ltr'>ad</span> <span class='ocrx_word' id='word_1_357' title='bbox 590 4405 863 4506; x_wconf 85' lang='lat' dir='ltr'>poenitentiam,</span> <span class='ocrx_word' id='word_1_358' title='bbox 899 4423 945 4470; x_wconf 90' lang='lat' dir='ltr'>ne</span> <span class='ocrx_word' id='word_1_359' title='bbox 974 4397 1217 4488; x_wconf 88' lang='lat' dir='ltr'>desperatione</span> <span class='ocrx_word' id='word_1_360' title='bbox 1247 4398 1501 4490; x_wconf 90' lang='lat' dir='ltr'>opprimamur.</span> 
     </span>
     <span class='ocr_line' id='line_1_39' title="bbox 520 4492 1502 4601; baseline -0.02 -14"><span class='ocrx_word' id='word_1_361' title='bbox 520 4513 617 4589; x_wconf 83' lang='lat' dir='ltr'>llaec</span> <span class='ocrx_word' id='word_1_362' title='bbox 635 4523 719 4584; x_wconf 91' lang='lat' dir='ltr'>sunt</span> <span class='ocrx_word' id='word_1_363' title='bbox 742 4504 928 4601; x_wconf 87' lang='lat' dir='ltr'>praecipua</span> <span class='ocrx_word' id='word_1_364' title='bbox 954 4500 993 4568; x_wconf 91' lang='lat' dir='ltr'>in</span> <span class='ocrx_word' id='word_1_365' title='bbox 1014 4496 1162 4570; x_wconf 90' lang='lat' dir='ltr'>Davidis</span> <span class='ocrx_word' id='word_1_366' title='bbox 1184 4492 1350 4584; x_wconf 86' lang='lat' dir='ltr'>historia,</span> <span class='ocrx_word' id='word_1_367' title='bbox 1384 4524 1502 4593; x_wconf 88' lang='lat' dir='ltr'>quem,</span> 
     </span>
     <span class='ocr_line' id='line_1_40' title="bbox 523 4601 1502 4701; baseline -0.017 -16"><span class='ocrx_word' id='word_1_368' title='bbox 523 4617 589 4685; x_wconf 89' lang='lat' dir='ltr'>etsi</span> <span class='ocrx_word' id='word_1_369' title='bbox 603 4637 677 4683; x_wconf 91' lang='lat' dir='ltr'>non</span> <span class='ocrx_word' id='word_1_370' title='bbox 694 4633 801 4701; x_wconf 88' lang='lat' dir='ltr'>parva</span> <span class='ocrx_word' id='word_1_371' title='bbox 817 4603 955 4676; x_wconf 90' lang='lat' dir='ltr'>macula</span> <span class='ocrx_word' id='word_1_372' title='bbox 972 4601 1187 4671; x_wconf 85' lang='lat' dir='ltr'>deformatus</span> <span class='ocrx_word' id='word_1_373' title='bbox 1210 4611 1279 4680; x_wconf 90' lang='lat' dir='ltr'>cst,</span> <span class='ocrx_word' id='word_1_374' title='bbox 1308 4612 1425 4669; x_wconf 91' lang='lat' dir='ltr'>tamen</span> <span class='ocrx_word' id='word_1_375' title='bbox 1442 4625 1502 4669; x_wconf 90' lang='lat' dir='ltr'>co-</span> 
     </span>
     <span class='ocr_line' id='line_1_41' title="bbox 517 4694 1503 4805; baseline -0.01 -24"><span class='ocrx_word' id='word_1_376' title='bbox 517 4715 611 4805; x_wconf 84' lang='lat' dir='ltr'>&#39;gites</span> <span class='ocrx_word' id='word_1_377' title='bbox 629 4712 736 4782; x_wconf 87' lang='lat' dir='ltr'>fnisse</span> <span class='ocrx_word' id='word_1_378' title='bbox 767 4711 896 4785; x_wconf 72' lang='grc' dir='ltr'><strong><em>σκεῦος</em></strong></span> <span class='ocrx_word' id='word_1_379' title='bbox 918 4699 1056 4792; x_wconf 74' lang='grc' dir='ltr'><em>ἐλέους,</em></span> <span class='ocrx_word' id='word_1_380' title='bbox 1093 4699 1177 4795; x_wconf 87' lang='lat' dir='ltr'>qula</span> <span class='ocrx_word' id='word_1_381' title='bbox 1207 4712 1242 4769; x_wconf 92' lang='lat' dir='ltr'>et</span> <span class='ocrx_word' id='word_1_382' title='bbox 1268 4694 1445 4771; x_wconf 82' lang='lat' dir='ltr'>Ecclesiae</span> <span class='ocrx_word' id='word_1_383' title='bbox 1468 4715 1503 4771; x_wconf 91' lang='lat' dir='ltr'>et</span> 
     </span>
     <span class='ocr_line' id='line_1_42' title="bbox 524 4805 1501 4907; baseline -0.012 -23"><span class='ocrx_word' id='word_1_384' title='bbox 524 4812 669 4907; x_wconf 87' lang='lat' dir='ltr'>politiae</span> <span class='ocrx_word' id='word_1_385' title='bbox 702 4809 777 4877; x_wconf 89' lang='lat' dir='ltr'>eius</span> <span class='ocrx_word' id='word_1_386' title='bbox 810 4805 948 4872; x_wconf 87' lang='lat' dir='ltr'>labores</span> <span class='ocrx_word' id='word_1_387' title='bbox 980 4805 1208 4895; x_wconf 88' lang='lat' dir='ltr'>profuerunt,</span> <span class='ocrx_word' id='word_1_388' title='bbox 1245 4814 1280 4873; x_wconf 89' lang='lat' dir='ltr'>et</span> <span class='ocrx_word' id='word_1_389' title='bbox 1311 4822 1433 4873; x_wconf 86' lang='lat' dir='ltr'>rursus</span> <span class='ocrx_word' id='word_1_390' title='bbox 1457 4805 1501 4872; x_wconf 89' lang='lat' dir='ltr'>ad</span> 
     </span>
     <span class='ocr_line' id='line_1_43' title="bbox 524 4914 1323 4986; baseline -0.03 0"><span class='ocrx_word' id='word_1_391' title='bbox 524 4916 645 4986; x_wconf 84' lang='lat' dir='ltr'>Deum</span> <span class='ocrx_word' id='word_1_392' title='bbox 666 4925 857 4979; x_wconf 86' lang='lat' dir='ltr'>conversus</span> <span class='ocrx_word' id='word_1_393' title='bbox 880 4914 940 4972; x_wconf 82' lang='lat' dir='ltr'>est.</span> <span class='ocrx_word' id='word_1_394' title='bbox 1318 4962 1323 4975; x_wconf 77' lang='grc'><em>,</em></span> 
     </span>
    </p>

    <p class='ocr_par' dir='ltr' id='par_1_6' title="bbox 527 5002 1506 5398">
     <span class='ocr_line' id='line_1_44' title="bbox 629 5002 1505 5091; baseline -0.01 -9"><span class='ocrx_word' id='word_1_395' title='bbox 629 5010 672 5082; x_wconf 92' lang='lat' dir='ltr'>ln</span> <span class='ocrx_word' id='word_1_396' title='bbox 693 5004 785 5080; x_wconf 86' lang='lat' dir='ltr'>hanc</span> <span class='ocrx_word' id='word_1_397' title='bbox 807 5019 915 5080; x_wconf 86' lang='lat' dir='ltr'>totam</span> <span class='ocrx_word' id='word_1_398' title='bbox 938 5002 1126 5091; x_wconf 86' lang='lat' dir='ltr'>imaginem</span> <span class='ocrx_word' id='word_1_399' title='bbox 1148 5002 1325 5076; x_wconf 85' lang='lat' dir='ltr'>intuentes</span> <span class='ocrx_word' id='word_1_400' title='bbox 1341 5002 1385 5074; x_wconf 87' lang='lat' dir='ltr'>dc</span> <span class='ocrx_word' id='word_1_401' title='bbox 1400 5003 1505 5073; x_wconf 92' lang='lat' dir='ltr'>nobis</span> 
     </span>
     <span class='ocr_line' id='line_1_45' title="bbox 527 5104 1505 5208; baseline -0.012 -22"><span class='ocrx_word' id='word_1_402' title='bbox 527 5114 614 5208; x_wconf 90' lang='lat' dir='ltr'>ipsis</span> <span class='ocrx_word' id='word_1_403' title='bbox 636 5135 778 5207; x_wconf 87' lang='lat' dir='ltr'>quoqne</span> <span class='ocrx_word' id='word_1_404' title='bbox 801 5107 1008 5198; x_wconf 87' lang='lat' dir='ltr'>cogitemus,</span> <span class='ocrx_word' id='word_1_405' title='bbox 1034 5114 1068 5174; x_wconf 91' lang='lat' dir='ltr'>et</span> <span class='ocrx_word' id='word_1_406' title='bbox 1090 5106 1296 5178; x_wconf 85' lang='lat' dir='ltr'>ardentibus</span> <span class='ocrx_word' id='word_1_407' title='bbox 1316 5104 1407 5176; x_wconf 90' lang='lat' dir='ltr'>votis</span> <span class='ocrx_word' id='word_1_408' title='bbox 1425 5129 1505 5198; x_wconf 90' lang='lat' dir='ltr'>pre-</span> 
     </span>
     <span class='ocr_line' id='line_1_46' title="bbox 527 5204 1505 5302; baseline -0.014 -13"><span class='ocrx_word' id='word_1_409' title='bbox 527 5239 648 5289; x_wconf 86' lang='lat' dir='ltr'>cemur</span> <span class='ocrx_word' id='word_1_410' title='bbox 671 5212 784 5283; x_wconf 83' lang='lat' dir='ltr'>lilium</span> <span class='ocrx_word' id='word_1_411' title='bbox 806 5209 893 5293; x_wconf 89' lang='lat' dir='ltr'>Dei,</span> <span class='ocrx_word' id='word_1_412' title='bbox 914 5220 955 5278; x_wconf 91' lang='lat' dir='ltr'>nt</span> <span class='ocrx_word' id='word_1_413' title='bbox 970 5204 1043 5277; x_wconf 90' lang='lat' dir='ltr'>Nos</span> <span class='ocrx_word' id='word_1_414' title='bbox 1067 5233 1207 5302; x_wconf 84' lang='lat' dir='ltr'>qnoque</span> <span class='ocrx_word' id='word_1_415' title='bbox 1221 5207 1419 5279; x_wconf 88' lang='lat' dir='ltr'>faciatvasa</span> <span class='ocrx_word' id='word_1_416' title='bbox 1434 5208 1505 5276; x_wconf 88' lang='lat' dir='ltr'>mi-</span> 
     </span>
     <span class='ocr_line' id='line_1_47' title="bbox 527 5308 1506 5398; baseline -0.014 -5"><span class='ocrx_word' id='word_1_417' title='bbox 527 5315 750 5393; x_wconf 88' lang='lat' dir='ltr'>sericordiae.</span> <span class='ocrx_word' id='word_1_418' title='bbox 801 5309 1061 5383; x_wconf 76' lang='lat' dir='ltr'>confirmemus</span> <span class='ocrx_word' id='word_1_419' title='bbox 1084 5309 1190 5380; x_wconf 88' lang='lat' dir='ltr'>etiam</span> <span class='ocrx_word' id='word_1_420' title='bbox 1213 5331 1278 5378; x_wconf 89' lang='lat' dir='ltr'>nos</span> <span class='ocrx_word' id='word_1_421' title='bbox 1306 5308 1417 5398; x_wconf 89' lang='lat' dir='ltr'>ipsius</span> <span class='ocrx_word' id='word_1_422' title='bbox 1441 5311 1506 5379; x_wconf 90' lang='lat' dir='ltr'>do-</span> 
     </span>
    </p>
   </div>
   <div class='ocr_carea' id='block_1_4' title="bbox 1537 2277 2537 5283">
    <p class='ocr_par' dir='ltr' id='par_1_7' title="bbox 1537 2277 2537 5283">
     <span class='ocr_line' id='line_1_48' title="bbox 1537 2277 2521 2368; baseline 0.001 -21"><span class='ocrx_word' id='word_1_423' title='bbox 1537 2278 1731 2347; x_wconf 85' lang='lat' dir='ltr'>aedifrcatio</span> <span class='ocrx_word' id='word_1_424' title='bbox 1754 2277 1895 2368; x_wconf 90' lang='lat' dir='ltr'>templi,</span> <span class='ocrx_word' id='word_1_425' title='bbox 1926 2277 2039 2346; x_wconf 83' lang='lat' dir='ltr'>studia</span> <span class='ocrx_word' id='word_1_426' title='bbox 2058 2279 2260 2360; x_wconf 89' lang='lat' dir='ltr'>doctrinae,</span> <span class='ocrx_word' id='word_1_427' title='bbox 2288 2292 2521 2350; x_wconf 88' lang='lat' dir='ltr'>monumenta</span> 
     </span>
     <span class='ocr_line' id='line_1_49' title="bbox 1539 2372 2524 2464; baseline 0 -15"><span class='ocrx_word' id='word_1_428' title='bbox 1539 2382 1714 2450; x_wconf 88' lang='lat' dir='ltr'>librorum</span> <span class='ocrx_word' id='word_1_429' title='bbox 1731 2380 1774 2447; x_wconf 90' lang='lat' dir='ltr'>de</span> <span class='ocrx_word' id='word_1_430' title='bbox 1792 2372 1950 2447; x_wconf 89' lang='lat' dir='ltr'>historiis</span> <span class='ocrx_word' id='word_1_431' title='bbox 1966 2374 2159 2464; x_wconf 87' lang='lat' dir='ltr'>Ecclesiae,</span> <span class='ocrx_word' id='word_1_432' title='bbox 2185 2382 2230 2450; x_wconf 90' lang='lat' dir='ltr'>de</span> <span class='ocrx_word' id='word_1_433' title='bbox 2246 2396 2373 2453; x_wconf 90' lang='lat' dir='ltr'>natura</span> <span class='ocrx_word' id='word_1_434' title='bbox 2390 2404 2524 2464; x_wconf 88' lang='lat' dir='ltr'>rerum,</span> 
     </span>
     <span class='ocr_line' id='line_1_50' title="bbox 1539 2479 2524 2573; baseline 0.004 -23"><span class='ocrx_word' id='word_1_435' title='bbox 1539 2481 1667 2550; x_wconf 88' lang='lat' dir='ltr'>indicia</span> <span class='ocrx_word' id='word_1_436' title='bbox 1690 2495 1723 2550; x_wconf 89' lang='lat' dir='ltr'>et</span> <span class='ocrx_word' id='word_1_437' title='bbox 1744 2479 1922 2549; x_wconf 90' lang='lat' dir='ltr'>ordinatio</span> <span class='ocrx_word' id='word_1_438' title='bbox 1949 2482 2161 2549; x_wconf 89' lang='lat' dir='ltr'>tributorum</span> <span class='ocrx_word' id='word_1_439' title='bbox 2189 2497 2222 2553; x_wconf 93' lang='lat' dir='ltr'>et</span> <span class='ocrx_word' id='word_1_440' title='bbox 2249 2481 2524 2573; x_wconf 81' lang='lat' dir='ltr'>praesidiorum.</span> 
     </span>
     <span class='ocr_line' id='line_1_51' title="bbox 1538 2581 2523 2673; baseline -0.001 -22"><span class='ocrx_word' id='word_1_441' title='bbox 1538 2582 1692 2673; x_wconf 84' lang='lat' dir='ltr'>Fuitque</span> <span class='ocrx_word' id='word_1_442' title='bbox 1716 2581 1885 2650; x_wconf 88' lang='lat' dir='ltr'>Salomon</span> <span class='ocrx_word' id='word_1_443' title='bbox 1907 2594 1941 2650; x_wconf 89' lang='lat' dir='ltr'>ct</span> <span class='ocrx_word' id='word_1_444' title='bbox 1966 2605 2025 2649; x_wconf 88' lang='lat' dir='ltr'>rex</span> <span class='ocrx_word' id='word_1_445' title='bbox 2046 2595 2079 2651; x_wconf 88' lang='lat' dir='ltr'>et</span> <span class='ocrx_word' id='word_1_446' title='bbox 2099 2583 2236 2665; x_wconf 89' lang='lat' dir='ltr'>doctor,</span> <span class='ocrx_word' id='word_1_447' title='bbox 2275 2583 2366 2651; x_wconf 90' lang='lat' dir='ltr'>sicut</span> <span class='ocrx_word' id='word_1_448' title='bbox 2387 2606 2426 2650; x_wconf 91' lang='lat' dir='ltr'>se</span> <span class='ocrx_word' id='word_1_449' title='bbox 2453 2605 2523 2650; x_wconf 92' lang='lat' dir='ltr'>no-</span> 
     </span>
     <span class='ocr_line' id='line_1_52' title="bbox 1539 2678 2523 2767; baseline -0.003 -15"><span class='ocrx_word' id='word_1_450' title='bbox 1539 2683 1650 2752; x_wconf 91' lang='lat' dir='ltr'>minat</span> <span class='ocrx_word' id='word_1_451' title='bbox 1668 2678 1923 2765; x_wconf 87' lang='lat' dir='ltr'>Ecclesiasten,</span> <span class='ocrx_word' id='word_1_452' title='bbox 1950 2681 2078 2767; x_wconf 91' lang='lat' dir='ltr'>idest,</span> <span class='ocrx_word' id='word_1_453' title='bbox 2102 2683 2392 2753; x_wconf 89' lang='lat' dir='ltr'>concionatorem.</span> <span class='ocrx_word' id='word_1_454' title='bbox 2443 2678 2523 2750; x_wconf 86' lang='lat' dir='ltr'>Ex-</span> 
     </span>
     <span class='ocr_line' id='line_1_53' title="bbox 1539 2777 2521 2877; baseline -0.007 -22"><span class='ocrx_word' id='word_1_455' title='bbox 1539 2798 1617 2856; x_wconf 87' lang='lat' dir='ltr'>tant</span> <span class='ocrx_word' id='word_1_456' title='bbox 1638 2777 1754 2850; x_wconf 89' lang='lat' dir='ltr'>adhuc</span> <span class='ocrx_word' id='word_1_457' title='bbox 1774 2794 1844 2852; x_wconf 92' lang='lat' dir='ltr'>tres</span> <span class='ocrx_word' id='word_1_458' title='bbox 1865 2784 1998 2867; x_wconf 90' lang='lat' dir='ltr'>libelli,</span> <span class='ocrx_word' id='word_1_459' title='bbox 2024 2785 2191 2877; x_wconf 81' lang='lat' dir='ltr'>qrri&#39;sunt</span> <span class='ocrx_word' id='word_1_460' title='bbox 2212 2783 2409 2856; x_wconf 89' lang='lat' dir='ltr'>testimonia</span> <span class='ocrx_word' id='word_1_461' title='bbox 2434 2781 2521 2850; x_wconf 87' lang='lat' dir='ltr'>fidei</span> 
     </span>
     <span class='ocr_line' id='line_1_54' title="bbox 1540 2878 2521 2976; baseline -0.003 -23"><span class='ocrx_word' id='word_1_462' title='bbox 1540 2884 1670 2976; x_wconf 89' lang='lat' dir='ltr'>ipsius,</span> <span class='ocrx_word' id='word_1_463' title='bbox 1696 2895 1728 2950; x_wconf 90' lang='lat' dir='ltr'>et</span> <span class='ocrx_word' id='word_1_464' title='bbox 1742 2884 1937 2954; x_wconf 86' lang='lat' dir='ltr'>doctrinam</span> <span class='ocrx_word' id='word_1_465' title='bbox 1956 2886 2192 2955; x_wconf 88' lang='lat' dir='ltr'>dulcissimam</span> <span class='ocrx_word' id='word_1_466' title='bbox 2209 2886 2403 2955; x_wconf 91' lang='lat' dir='ltr'>continent.</span> <span class='ocrx_word' id='word_1_467' title='bbox 2453 2878 2521 2952; x_wconf 82' lang='lat' dir='ltr'>Est</span> 
     </span>
     <span class='ocr_line' id='line_1_55' title="bbox 1542 2982 2526 3078; baseline 0.002 -24"><span class='ocrx_word' id='word_1_468' title='bbox 1542 2987 1650 3072; x_wconf 87' lang='lat' dir='ltr'>igitur</span> <span class='ocrx_word' id='word_1_469' title='bbox 1672 2998 1705 3053; x_wconf 91' lang='lat' dir='ltr'>et</span> <span class='ocrx_word' id='word_1_470' title='bbox 1729 2982 1897 3053; x_wconf 90' lang='lat' dir='ltr'>Salomon</span> <span class='ocrx_word' id='word_1_471' title='bbox 1920 2987 2096 3078; x_wconf 88' lang='lat' dir='ltr'>exemplar</span> <span class='ocrx_word' id='word_1_472' title='bbox 2126 2987 2214 3058; x_wconf 90' lang='lat' dir='ltr'>honi</span> <span class='ocrx_word' id='word_1_473' title='bbox 2245 2987 2337 3077; x_wconf 87' lang='lat' dir='ltr'>regis</span> <span class='ocrx_word' id='word_1_474' title='bbox 2365 2986 2405 3053; x_wconf 91' lang='lat' dir='ltr'>in</span> <span class='ocrx_word' id='word_1_475' title='bbox 2426 3006 2526 3075; x_wconf 81' lang='lat' dir='ltr'>pace.</span> 
     </span>
     <span class='ocr_line' id='line_1_56' title="bbox 1541 3084 2527 3182; baseline -0.006 -25"><span class='ocrx_word' id='word_1_476' title='bbox 1541 3086 1610 3157; x_wconf 86' lang='lat' dir='ltr'>Sed</span> <span class='ocrx_word' id='word_1_477' title='bbox 1632 3100 1746 3155; x_wconf 91' lang='lat' dir='ltr'>tamen</span> <span class='ocrx_word' id='word_1_478' title='bbox 1762 3086 1855 3152; x_wconf 91' lang='lat' dir='ltr'>idem</span> <span class='ocrx_word' id='word_1_479' title='bbox 1877 3089 1914 3156; x_wconf 88' lang='lat' dir='ltr'>fit</span> <span class='ocrx_word' id='word_1_480' title='bbox 1931 3088 2035 3156; x_wconf 90' lang='lat' dir='ltr'>etiarn</span> <span class='ocrx_word' id='word_1_481' title='bbox 2058 3089 2254 3179; x_wconf 90' lang='lat' dir='ltr'>exemplum</span> <span class='ocrx_word' id='word_1_482' title='bbox 2272 3084 2450 3157; x_wconf 91' lang='lat' dir='ltr'>humanae</span> <span class='ocrx_word' id='word_1_483' title='bbox 2467 3084 2527 3182; x_wconf 70' lang='lat'>³¹¹7</span> 
     </span>
     <span class='ocr_line' id='line_1_57' title="bbox 1542 3183 2529 3280; baseline -0.002 -25"><span class='ocrx_word' id='word_1_484' title='bbox 1542 3186 1726 3256; x_wconf 76' lang='lat' dir='ltr'>firmitatis.</span> <span class='ocrx_word' id='word_1_485' title='bbox 1778 3183 1874 3256; x_wconf 85' lang='lat' dir='ltr'>llaec</span> <span class='ocrx_word' id='word_1_486' title='bbox 1891 3189 2061 3269; x_wconf 85' lang='lat' dir='ltr'>excellens</span> <span class='ocrx_word' id='word_1_487' title='bbox 2078 3189 2248 3280; x_wconf 88' lang='lat' dir='ltr'>sapientia</span> <span class='ocrx_word' id='word_1_488' title='bbox 2265 3203 2352 3259; x_wconf 92' lang='lat' dir='ltr'>tunc</span> <span class='ocrx_word' id='word_1_489' title='bbox 2367 3184 2529 3268; x_wconf 87' lang='lat' dir='ltr'>senescit,</span> 
     </span>
     <span class='ocr_line' id='line_1_58' title="bbox 1543 3285 2527 3376; baseline -0.003 -19"><span class='ocrx_word' id='word_1_490' title='bbox 1543 3312 1622 3358; x_wconf 93' lang='lat' dir='ltr'>cum</span> <span class='ocrx_word' id='word_1_491' title='bbox 1645 3285 1794 3355; x_wconf 88' lang='lat' dir='ltr'>maxime</span> <span class='ocrx_word' id='word_1_492' title='bbox 1816 3289 1933 3376; x_wconf 88' lang='lat' dir='ltr'>vigere</span> <span class='ocrx_word' id='word_1_493' title='bbox 1955 3290 2124 3374; x_wconf 87' lang='lat' dir='ltr'>debebat,</span> <span class='ocrx_word' id='word_1_494' title='bbox 2156 3305 2190 3361; x_wconf 91' lang='lat' dir='ltr'>et</span> <span class='ocrx_word' id='word_1_495' title='bbox 2214 3290 2307 3360; x_wconf 84' lang='lat' dir='ltr'>cedit</span> <span class='ocrx_word' id='word_1_496' title='bbox 2332 3288 2527 3358; x_wconf 88' lang='lat' dir='ltr'>mulierum</span> 
     </span>
     <span class='ocr_line' id='line_1_59' title="bbox 1542 3387 2527 3484; baseline 0 -26"><span class='ocrx_word' id='word_1_497' title='bbox 1542 3387 1744 3472; x_wconf 79' lang='lat' dir='ltr'>aflectibus,</span> <span class='ocrx_word' id='word_1_498' title='bbox 1763 3390 1906 3481; x_wconf 86' lang='lat' dir='ltr'>¹quibus</span> <span class='ocrx_word' id='word_1_499' title='bbox 1936 3392 2130 3462; x_wconf 84' lang='lat' dir='ltr'>aedificavit</span> <span class='ocrx_word' id='word_1_500' title='bbox 2161 3393 2291 3484; x_wconf 89' lang='lat' dir='ltr'>templa</span> <span class='ocrx_word' id='word_1_501' title='bbox 2333 3389 2527 3460; x_wconf 82' lang='lat' dir='ltr'>idolorum.</span> 
     </span>
     <span class='ocr_line' id='line_1_60' title="bbox 1544 3489 2531 3584; baseline -0.002 -26"><span class='ocrx_word' id='word_1_502' title='bbox 1544 3489 1624 3578; x_wconf 87' lang='lat' dir='ltr'>Qua</span> <span class='ocrx_word' id='word_1_503' title='bbox 1650 3489 1685 3556; x_wconf 92' lang='lat' dir='ltr'>in</span> <span class='ocrx_word' id='word_1_504' title='bbox 1709 3513 1746 3558; x_wconf 94' lang='lat' dir='ltr'>re</span> <span class='ocrx_word' id='word_1_505' title='bbox 1769 3491 1922 3580; x_wconf 90' lang='lat' dir='ltr'>primum</span> <span class='ocrx_word' id='word_1_506' title='bbox 1940 3493 2058 3584; x_wconf 90' lang='lat' dir='ltr'>lapsus</span> <span class='ocrx_word' id='word_1_507' title='bbox 2081 3494 2340 3577; x_wconf 90' lang='lat' dir='ltr'>consideretur,</span> <span class='ocrx_word' id='word_1_508' title='bbox 2367 3489 2465 3584; x_wconf 87' lang='lat' dir='ltr'>quod</span> <span class='ocrx_word' id='word_1_509' title='bbox 2486 3490 2531 3557; x_wconf 92' lang='lat' dir='ltr'>in</span> 
     </span>
     <span class='ocr_line' id='line_1_61' title="bbox 1544 3589 2529 3688; baseline 0 -28"><span class='ocrx_word' id='word_1_510' title='bbox 1544 3589 1699 3660; x_wconf 87' lang='lat' dir='ltr'>Ecclesia</span> <span class='ocrx_word' id='word_1_511' title='bbox 1722 3615 1780 3659; x_wconf 91' lang='lat' dir='ltr'>rex</span> <span class='ocrx_word' id='word_1_512' title='bbox 1805 3606 1839 3662; x_wconf 89' lang='lat' dir='ltr'>et</span> <span class='ocrx_word' id='word_1_513' title='bbox 1861 3594 1985 3662; x_wconf 91' lang='lat' dir='ltr'>doctor</span> <span class='ocrx_word' id='word_1_514' title='bbox 2008 3595 2195 3679; x_wconf 89' lang='lat' dir='ltr'>excellens,</span> <span class='ocrx_word' id='word_1_515' title='bbox 2237 3596 2274 3664; x_wconf 93' lang='lat' dir='ltr'>in</span> <span class='ocrx_word' id='word_1_516' title='bbox 2307 3617 2378 3688; x_wconf 90' lang='lat' dir='ltr'>quo</span> <span class='ocrx_word' id='word_1_517' title='bbox 2410 3591 2529 3662; x_wconf 86' lang='lat' dir='ltr'>fuerat</span> 
     </span>
     <span class='ocr_line' id='line_1_62' title="bbox 1545 3691 2531 3784; baseline -0.003 -21"><span class='ocrx_word' id='word_1_518' title='bbox 1545 3692 1701 3784; x_wconf 88' lang='lat' dir='ltr'>Spiritus</span> <span class='ocrx_word' id='word_1_519' title='bbox 1718 3707 1874 3777; x_wconf 89' lang='lat' dir='ltr'>sanctus,</span> <span class='ocrx_word' id='word_1_520' title='bbox 1899 3695 2052 3765; x_wconf 89' lang='lat' dir='ltr'>admittit</span> <span class='ocrx_word' id='word_1_521' title='bbox 2074 3696 2253 3765; x_wconf 89' lang='lat' dir='ltr'>idolorum</span> <span class='ocrx_word' id='word_1_522' title='bbox 2271 3697 2416 3767; x_wconf 90' lang='lat' dir='ltr'>cultum.</span> <span class='ocrx_word' id='word_1_523' title='bbox 2469 3691 2531 3762; x_wconf 89' lang='lat' dir='ltr'>Si-</span> 
     </span>
     <span class='ocr_line' id='line_1_63' title="bbox 1546 3792 2530 3887; baseline -0.002 -25"><span class='ocrx_word' id='word_1_524' title='bbox 1546 3817 1624 3862; x_wconf 91' lang='lat' dir='ltr'>mus</span> <span class='ocrx_word' id='word_1_525' title='bbox 1650 3793 1757 3881; x_wconf 89' lang='lat' dir='ltr'>igitur</span> <span class='ocrx_word' id='word_1_526' title='bbox 1780 3792 1979 3880; x_wconf 91' lang='lat' dir='ltr'>vigilantes,</span> <span class='ocrx_word' id='word_1_527' title='bbox 2013 3808 2047 3863; x_wconf 91' lang='lat' dir='ltr'>et</span> <span class='ocrx_word' id='word_1_528' title='bbox 2071 3808 2230 3886; x_wconf 89' lang='lat' dir='ltr'>petamus</span> <span class='ocrx_word' id='word_1_529' title='bbox 2258 3821 2322 3866; x_wconf 90' lang='lat' dir='ltr'>uos</span> <span class='ocrx_word' id='word_1_530' title='bbox 2339 3793 2530 3887; x_wconf 87' lang='lat' dir='ltr'>gubernari</span> 
     </span>
     <span class='ocr_line' id='line_1_64' title="bbox 1547 3892 2528 3985; baseline -0.004 -21"><span class='ocrx_word' id='word_1_531' title='bbox 1547 3920 1568 3964; x_wconf 91' lang='lat' dir='ltr'>a</span> <span class='ocrx_word' id='word_1_532' title='bbox 1599 3892 1695 3978; x_wconf 90' lang='lat' dir='ltr'>Deo,</span> <span class='ocrx_word' id='word_1_533' title='bbox 1735 3914 1781 3959; x_wconf 90' lang='lat' dir='ltr'>ne</span> <span class='ocrx_word' id='word_1_534' title='bbox 1813 3895 2045 3985; x_wconf 88' lang='lat' dir='ltr'>approbemus</span> <span class='ocrx_word' id='word_1_535' title='bbox 2078 3910 2138 3967; x_wconf 92' lang='lat' dir='ltr'>aut</span> <span class='ocrx_word' id='word_1_536' title='bbox 2172 3900 2392 3969; x_wconf 89' lang='lat' dir='ltr'>stabiliamus</span> <span class='ocrx_word' id='word_1_537' title='bbox 2419 3895 2528 3966; x_wconf 86' lang='lat' dir='ltr'>idola.</span> 
     </span>
     <span class='ocr_line' id='line_1_65' title="bbox 1546 3994 2530 4088; baseline 0.003 -25"><span class='ocrx_word' id='word_1_538' title='bbox 1546 3995 1684 4063; x_wconf 91' lang='lat' dir='ltr'>Deinde</span> <span class='ocrx_word' id='word_1_539' title='bbox 1698 3994 1980 4082; x_wconf 87' lang='lat' dir='ltr'>magnitudinem</span> <span class='ocrx_word' id='word_1_540' title='bbox 1997 4020 2129 4088; x_wconf 89' lang='lat' dir='ltr'>poenae</span> <span class='ocrx_word' id='word_1_541' title='bbox 2147 4000 2361 4071; x_wconf 91' lang='lat' dir='ltr'>iutueamur.</span> <span class='ocrx_word' id='word_1_542' title='bbox 2403 3994 2530 4069; x_wconf 87' lang='lat' dir='ltr'>Tertio</span> 
     </span>
     <span class='ocr_line' id='line_1_66' title="bbox 1547 4094 2534 4195; baseline 0.001 -28"><span class='ocrx_word' id='word_1_543' title='bbox 1547 4095 1685 4184; x_wconf 88' lang='lat' dir='ltr'>Regum</span> <span class='ocrx_word' id='word_1_544' title='bbox 1705 4096 1762 4167; x_wconf 93' lang='grc'>11.</span> <span class='ocrx_word' id='word_1_545' title='bbox 1778 4097 1947 4186; x_wconf 90' lang='lat' dir='ltr'>scriptum</span> <span class='ocrx_word' id='word_1_546' title='bbox 1967 4110 2036 4182; x_wconf 87' lang='lat' dir='ltr'>est,</span> <span class='ocrx_word' id='word_1_547' title='bbox 2062 4094 2159 4169; x_wconf 90' lang='lat' dir='ltr'>hunc</span> <span class='ocrx_word' id='word_1_548' title='bbox 2174 4101 2311 4195; x_wconf 89' lang='lat' dir='ltr'>lapsum</span> <span class='ocrx_word' id='word_1_549' title='bbox 2328 4099 2534 4172; x_wconf 87' lang='lat' dir='ltr'>Salomonis</span> 
     </span>
     <span class='ocr_line' id='line_1_67' title="bbox 1549 4198 2531 4297; baseline -0.002 -31"><span class='ocrx_word' id='word_1_550' title='bbox 1549 4219 1689 4266; x_wconf 90' lang='lat' dir='ltr'>causam</span> <span class='ocrx_word' id='word_1_551' title='bbox 1713 4219 1786 4264; x_wconf 91' lang='lat' dir='ltr'>esse</span> <span class='ocrx_word' id='word_1_552' title='bbox 1808 4198 2069 4270; x_wconf 90' lang='lat' dir='ltr'>dilacerationis</span> <span class='ocrx_word' id='word_1_553' title='bbox 2092 4204 2209 4291; x_wconf 89' lang='lat' dir='ltr'>regni,</span> <span class='ocrx_word' id='word_1_554' title='bbox 2234 4224 2320 4297; x_wconf 81' lang='lat' dir='ltr'>qarae</span> <span class='ocrx_word' id='word_1_555' title='bbox 2334 4208 2451 4287; x_wconf 89' lang='lat' dir='ltr'>postea</span> <span class='ocrx_word' id='word_1_556' title='bbox 2471 4219 2531 4264; x_wconf 90' lang='lat' dir='ltr'>se-</span> 
     </span>
     <span class='ocr_line' id='line_1_68' title="bbox 1550 4295 2534 4392; baseline -0.004 -24"><span class='ocrx_word' id='word_1_557' title='bbox 1550 4309 1661 4392; x_wconf 89' lang='lat' dir='ltr'>quuta</span> <span class='ocrx_word' id='word_1_558' title='bbox 1682 4310 1752 4381; x_wconf 89' lang='lat' dir='ltr'>est,</span> <span class='ocrx_word' id='word_1_559' title='bbox 1779 4321 1868 4389; x_wconf 91' lang='lat' dir='ltr'>quae</span> <span class='ocrx_word' id='word_1_560' title='bbox 1893 4311 1926 4368; x_wconf 90' lang='lat' dir='ltr'>et</span> <span class='ocrx_word' id='word_1_561' title='bbox 1952 4320 2045 4372; x_wconf 89' lang='lat' dir='ltr'>nova</span> <span class='ocrx_word' id='word_1_562' title='bbox 2069 4302 2184 4388; x_wconf 89' lang='lat' dir='ltr'>idola,</span> <span class='ocrx_word' id='word_1_563' title='bbox 2210 4315 2243 4372; x_wconf 91' lang='lat' dir='ltr'>et</span> <span class='ocrx_word' id='word_1_564' title='bbox 2256 4297 2390 4368; x_wconf 89' lang='lat' dir='ltr'>assidua</span> <span class='ocrx_word' id='word_1_565' title='bbox 2404 4295 2534 4364; x_wconf 86' lang='lat' dir='ltr'>civilia</span> 
     </span>
     <span class='ocr_line' id='line_1_69' title="bbox 1551 4393 2533 4492; baseline -0.007 -21"><span class='ocrx_word' id='word_1_566' title='bbox 1551 4400 1645 4471; x_wconf 91' lang='lat' dir='ltr'>bella</span> <span class='ocrx_word' id='word_1_567' title='bbox 1659 4397 1805 4492; x_wconf 89' lang='lat' dir='ltr'>peperit.</span> <span class='ocrx_word' id='word_1_568' title='bbox 1854 4395 1927 4469; x_wconf 90' lang='lat' dir='ltr'>Nec</span> <span class='ocrx_word' id='word_1_569' title='bbox 1949 4402 2098 4472; x_wconf 90' lang='lat' dir='ltr'>dubium</span> <span class='ocrx_word' id='word_1_570' title='bbox 2120 4419 2189 4488; x_wconf 90' lang='lat' dir='ltr'>est,</span> <span class='ocrx_word' id='word_1_571' title='bbox 2213 4403 2250 4468; x_wconf 92' lang='lat' dir='ltr'>in</span> <span class='ocrx_word' id='word_1_572' title='bbox 2266 4393 2331 4467; x_wconf 91' lang='lat' dir='ltr'>hac</span> <span class='ocrx_word' id='word_1_573' title='bbox 2349 4409 2533 4488; x_wconf 91' lang='lat' dir='ltr'>postrema</span> 
     </span>
     <span class='ocr_line' id='line_1_70' title="bbox 1552 4496 2534 4584; baseline -0.006 -14"><span class='ocrx_word' id='word_1_574' title='bbox 1552 4500 1679 4570; x_wconf 91' lang='lat' dir='ltr'>mnndi</span> <span class='ocrx_word' id='word_1_575' title='bbox 1697 4513 1855 4584; x_wconf 90' lang='lat' dir='ltr'>senecta,</span> <span class='ocrx_word' id='word_1_576' title='bbox 1880 4502 2003 4572; x_wconf 88' lang='lat' dir='ltr'>orbem</span> <span class='ocrx_word' id='word_1_577' title='bbox 2023 4518 2192 4575; x_wconf 89' lang='lat' dir='ltr'>terrarum</span> <span class='ocrx_word' id='word_1_578' title='bbox 2208 4497 2372 4571; x_wconf 86' lang='lat' dir='ltr'>aancis</span> <span class='ocrx_word' id='word_1_579' title='bbox 2388 4496 2534 4581; x_wconf 84' lang='lat' dir='ltr'>vastari,</span> 
     </span>
     <span class='ocr_line' id='line_1_71' title="bbox 1553 4593 2533 4696; baseline -0.004 -25"><span class='ocrx_word' id='word_1_580' title='bbox 1553 4616 1588 4671; x_wconf 88' lang='lat' dir='ltr'>ct</span> <span class='ocrx_word' id='word_1_581' title='bbox 1605 4601 1750 4670; x_wconf 89' lang='lat' dir='ltr'>lacerari</span> <span class='ocrx_word' id='word_1_582' title='bbox 1769 4602 1933 4673; x_wconf 90' lang='lat' dir='ltr'>civilibus</span> <span class='ocrx_word' id='word_1_583' title='bbox 1951 4604 2055 4675; x_wconf 87' lang='lat' dir='ltr'>bellis</span> <span class='ocrx_word' id='word_1_584' title='bbox 2076 4604 2174 4687; x_wconf 90' lang='lat' dir='ltr'>ideo,</span> <span class='ocrx_word' id='word_1_585' title='bbox 2202 4601 2287 4696; x_wconf 89' lang='lat' dir='ltr'>quia</span> <span class='ocrx_word' id='word_1_586' title='bbox 2301 4598 2399 4671; x_wconf 88' lang='lat' dir='ltr'>Deus</span> <span class='ocrx_word' id='word_1_587' title='bbox 2411 4593 2533 4668; x_wconf 88' lang='lat' dir='ltr'>horri-</span> 
     </span>
     <span class='ocr_line' id='line_1_72' title="bbox 1552 4701 2532 4789; baseline -0.006 -16"><span class='ocrx_word' id='word_1_588' title='bbox 1552 4701 1671 4773; x_wconf 88' lang='lat' dir='ltr'>biliter</span> <span class='ocrx_word' id='word_1_589' title='bbox 1697 4701 1860 4773; x_wconf 87' lang='lat' dir='ltr'>irascitur</span> <span class='ocrx_word' id='word_1_590' title='bbox 1889 4729 1969 4775; x_wconf 91' lang='lat' dir='ltr'>cum</span> <span class='ocrx_word' id='word_1_591' title='bbox 1992 4705 2070 4775; x_wconf 89' lang='lat' dir='ltr'>aliis</span> <span class='ocrx_word' id='word_1_592' title='bbox 2096 4705 2305 4789; x_wconf 89' lang='lat' dir='ltr'>sceleribus,</span> <span class='ocrx_word' id='word_1_593' title='bbox 2338 4716 2414 4773; x_wconf 89' lang='lat' dir='ltr'>tum</span> <span class='ocrx_word' id='word_1_594' title='bbox 2445 4722 2532 4768; x_wconf 88' lang='lat' dir='ltr'>vero</span> 
     </span>
     <span class='ocr_line' id='line_1_73' title="bbox 1552 4795 2534 4900; baseline -0.005 -27"><span class='ocrx_word' id='word_1_595' title='bbox 1552 4801 1739 4898; x_wconf 89' lang='lat' dir='ltr'>praecipue</span> <span class='ocrx_word' id='word_1_596' title='bbox 1763 4803 1890 4893; x_wconf 92' lang='lat' dir='ltr'>idolis,</span> <span class='ocrx_word' id='word_1_597' title='bbox 1915 4830 2005 4900; x_wconf 84' lang='lat' dir='ltr'>quae</span> <span class='ocrx_word' id='word_1_598' title='bbox 2028 4807 2065 4874; x_wconf 94' lang='lat' dir='ltr'>in</span> <span class='ocrx_word' id='word_1_599' title='bbox 2082 4827 2119 4874; x_wconf 89' lang='lat' dir='ltr'>ea</span> <span class='ocrx_word' id='word_1_600' title='bbox 2136 4821 2237 4897; x_wconf 91' lang='lat' dir='ltr'>parte</span> <span class='ocrx_word' id='word_1_601' title='bbox 2251 4803 2389 4895; x_wconf 85' lang='lat' dir='ltr'>generis</span> <span class='ocrx_word' id='word_1_602' title='bbox 2401 4795 2534 4870; x_wconf 90' lang='lat' dir='ltr'>hnma-</span> 
     </span>
     <span class='ocr_line' id='line_1_74' title="bbox 1554 4901 2536 4996; baseline -0.003 -21"><span class='ocrx_word' id='word_1_603' title='bbox 1554 4906 1612 4989; x_wconf 90' lang='lat' dir='ltr'>ni,</span> <span class='ocrx_word' id='word_1_604' title='bbox 1646 4927 1735 4996; x_wconf 89' lang='lat' dir='ltr'>quae</span> <span class='ocrx_word' id='word_1_605' title='bbox 1756 4901 1935 4977; x_wconf 87' lang='lat' dir='ltr'>Ecclesiae</span> <span class='ocrx_word' id='word_1_606' title='bbox 1962 4908 2106 4980; x_wconf 90' lang='lat' dir='ltr'>titulum</span> <span class='ocrx_word' id='word_1_607' title='bbox 2130 4902 2258 4993; x_wconf 89' lang='lat' dir='ltr'>habet,</span> <span class='ocrx_word' id='word_1_608' title='bbox 2290 4901 2536 4975; x_wconf 85' lang='lat' dir='ltr'>dominantur.</span> 
     </span>
     <span class='ocr_line' id='line_1_75' title="bbox 1554 5005 2537 5100; baseline -0.005 -24"><span class='ocrx_word' id='word_1_609' title='bbox 1554 5007 1676 5096; x_wconf 85' lang='lat' dir='ltr'>Quare</span> <span class='ocrx_word' id='word_1_610' title='bbox 1698 5006 1858 5078; x_wconf 90' lang='lat' dir='ltr'>adsiduis</span> <span class='ocrx_word' id='word_1_611' title='bbox 1876 5009 2065 5098; x_wconf 85' lang='lat' dir='ltr'>gemitibus</span> <span class='ocrx_word' id='word_1_612' title='bbox 2078 5022 2238 5100; x_wconf 87' lang='lat' dir='ltr'>petamus</span> <span class='ocrx_word' id='word_1_613' title='bbox 2258 5031 2279 5077; x_wconf 92' lang='lat' dir='ltr'>a</span> <span class='ocrx_word' id='word_1_614' title='bbox 2298 5005 2395 5090; x_wconf 92' lang='lat' dir='ltr'>Deo,</span> <span class='ocrx_word' id='word_1_615' title='bbox 2421 5019 2462 5077; x_wconf 92' lang='lat' dir='ltr'>ut</span> <span class='ocrx_word' id='word_1_616' title='bbox 2475 5025 2537 5072; x_wconf 87' lang='lat' dir='ltr'>ve-</span> 
     </span>
     <span class='ocr_line' id='line_1_76' title="bbox 1555 5104 2534 5207; baseline -0.008 -30"><span class='ocrx_word' id='word_1_617' title='bbox 1555 5132 1631 5177; x_wconf 88' lang='lat' dir='ltr'>ram</span> <span class='ocrx_word' id='word_1_618' title='bbox 1665 5107 1924 5180; x_wconf 87' lang='lat' dir='ltr'>invocationem</span> <span class='ocrx_word' id='word_1_619' title='bbox 1957 5112 2091 5207; x_wconf 87' lang='lat' dir='ltr'>ubique</span> <span class='ocrx_word' id='word_1_620' title='bbox 2123 5111 2307 5194; x_wconf 89' lang='lat' dir='ltr'>accendat,</span> <span class='ocrx_word' id='word_1_621' title='bbox 2348 5120 2382 5177; x_wconf 90' lang='lat' dir='ltr'>et</span> <span class='ocrx_word' id='word_1_622' title='bbox 2415 5104 2534 5175; x_wconf 87' lang='lat' dir='ltr'>omnia</span> 
     </span>
     <span class='ocr_line' id='line_1_77' title="bbox 1556 5209 1798 5283; baseline 0.004 -1"><span class='ocrx_word' id='word_1_623' title='bbox 1556 5209 1653 5282; x_wconf 89' lang='lat' dir='ltr'>idola</span> <span class='ocrx_word' id='word_1_624' title='bbox 1673 5210 1798 5283; x_wconf 92' lang='lat' dir='ltr'>deleat.</span> 
     </span>
    </p>
   </div>
   <div class='ocr_carea' id='block_1_5' title="bbox 1655 5304 2539 5401">
    <p class='ocr_par' dir='ltr' id='par_1_8' title="bbox 1655 5304 2539 5401">
     <span class='ocr_line' id='line_1_78' title="bbox 1655 5304 2539 5401; baseline -0.001 -22"><span class='ocrx_word' id='word_1_625' title='bbox 1655 5304 1881 5394; x_wconf 86' lang='lat' dir='ltr'>Roboam,</span> <span class='ocrx_word' id='word_1_626' title='bbox 1902 5309 1997 5383; x_wconf 83' lang='lat' dir='ltr'>filim</span> <span class='ocrx_word' id='word_1_627' title='bbox 2012 5312 2226 5399; x_wconf 90' lang='lat' dir='ltr'>Salomonis,</span> <span class='ocrx_word' id='word_1_628' title='bbox 2252 5312 2418 5384; x_wconf 88' lang='lat' dir='ltr'>successit</span> <span class='ocrx_word' id='word_1_629' title='bbox 2430 5309 2539 5401; x_wconf 90' lang='lat' dir='ltr'>patri,</span> 
     </span>
    </p>
   </div>
   <div class='ocr_carea' id='block_1_6' title="bbox 527 5408 2545 5820">
    <p class='ocr_par' dir='ltr' id='par_1_9' title="bbox 527 5408 2545 5820">
     <span class='ocr_line' id='line_1_79' title="bbox 527 5408 2541 5508; baseline -0.007 -13"><span class='ocrx_word' id='word_1_630' title='bbox 527 5421 642 5495; x_wconf 88' lang='lat' dir='ltr'>ctrina</span> <span class='ocrx_word' id='word_1_631' title='bbox 665 5429 701 5489; x_wconf 90' lang='lat' dir='ltr'>et</span> <span class='ocrx_word' id='word_1_632' title='bbox 716 5412 901 5504; x_wconf 82' lang='lat' dir='ltr'>exemplis,</span> <span class='ocrx_word' id='word_1_633' title='bbox 924 5410 1015 5483; x_wconf 88' lang='lat' dir='ltr'>sicut</span> <span class='ocrx_word' id='word_1_634' title='bbox 1039 5409 1114 5501; x_wconf 90' lang='lat' dir='ltr'>ipse</span> <span class='ocrx_word' id='word_1_635' title='bbox 1129 5410 1208 5479; x_wconf 91' lang='lat' dir='ltr'>vult</span> <span class='ocrx_word' id='word_1_636' title='bbox 1228 5429 1309 5478; x_wconf 89' lang='lat' dir='ltr'>suas</span> <span class='ocrx_word' id='word_1_637' title='bbox 1324 5408 1507 5481; x_wconf 87' lang='lat' dir='ltr'>liberatio·</span> <span class='ocrx_word' id='word_1_638' title='bbox 1557 5433 1637 5482; x_wconf 91' lang='lat' dir='ltr'>curn</span> <span class='ocrx_word' id='word_1_639' title='bbox 1652 5425 1740 5481; x_wconf 87' lang='lat' dir='ltr'>esset</span> <span class='ocrx_word' id='word_1_640' title='bbox 1753 5433 1929 5480; x_wconf 89' lang='lat' dir='ltr'>annorum</span> <span class='ocrx_word' id='word_1_641' title='bbox 1944 5415 2179 5508; x_wconf 87' lang='lat' dir='ltr'>quadraginta</span> <span class='ocrx_word' id='word_1_642' title='bbox 2192 5415 2309 5488; x_wconf 91' lang='lat' dir='ltr'>unius.</span> <span class='ocrx_word' id='word_1_643' title='bbox 2359 5410 2541 5502; x_wconf 84' lang='lat' dir='ltr'>Regnavit</span> 
     </span>
     <span class='ocr_line' id='line_1_80' title="bbox 527 5507 2543 5605; baseline -0.007 -10"><span class='ocrx_word' id='word_1_644' title='bbox 527 5545 591 5595; x_wconf 90' lang='lat' dir='ltr'>nes</span> <span class='ocrx_word' id='word_1_645' title='bbox 619 5514 819 5603; x_wconf 86' lang='lat' dir='ltr'>testimonia</span> <span class='ocrx_word' id='word_1_646' title='bbox 848 5535 921 5585; x_wconf 86' lang='lat' dir='ltr'>esse</span> <span class='ocrx_word' id='word_1_647' title='bbox 943 5513 987 5581; x_wconf 91' lang='lat' dir='ltr'>de</span> <span class='ocrx_word' id='word_1_648' title='bbox 1017 5508 1249 5600; x_wconf 87' lang='lat' dir='ltr'>promissione</span> <span class='ocrx_word' id='word_1_649' title='bbox 1270 5520 1305 5580; x_wconf 86' lang='lat' dir='ltr'>et</span> <span class='ocrx_word' id='word_1_650' title='bbox 1325 5509 1507 5582; x_wconf 88' lang='lat' dir='ltr'>voluntate</span> <span class='ocrx_word' id='word_1_651' title='bbox 1557 5533 1669 5581; x_wconf 90' lang='lat' dir='ltr'>annos</span> <span class='ocrx_word' id='word_1_652' title='bbox 1697 5507 1757 5580; x_wconf 86' lang='grc'>17.</span> <span class='ocrx_word' id='word_1_653' title='bbox 1808 5508 1908 5584; x_wconf 90' lang='lat' dir='ltr'>Vixit</span> <span class='ocrx_word' id='word_1_654' title='bbox 1927 5537 2041 5588; x_wconf 86' lang='lat' dir='ltr'>annos</span> <span class='ocrx_word' id='word_1_655' title='bbox 2067 5512 2130 5593; x_wconf 80' lang='lat'>58.</span> <span class='ocrx_word' id='word_1_656' title='bbox 2188 5515 2273 5588; x_wconf 84' lang='lat' dir='ltr'>Fuit</span> <span class='ocrx_word' id='word_1_657' title='bbox 2296 5514 2479 5605; x_wconf 84' lang='lat' dir='ltr'>negligens</span> <span class='ocrx_word' id='word_1_658' title='bbox 2502 5511 2543 5581; x_wconf 91' lang='lat' dir='ltr'>in</span> 
     </span>
     <span class='ocr_line' id='line_1_81' title="bbox 527 5607 2543 5718; baseline -0.005 -25"><span class='ocrx_word' id='word_1_659' title='bbox 527 5621 616 5712; x_wconf 87' lang='lat' dir='ltr'>Dei,</span> <span class='ocrx_word' id='word_1_660' title='bbox 648 5623 744 5718; x_wconf 88' lang='lat' dir='ltr'>quod</span> <span class='ocrx_word' id='word_1_661' title='bbox 773 5629 808 5689; x_wconf 89' lang='lat' dir='ltr'>et</span> <span class='ocrx_word' id='word_1_662' title='bbox 835 5613 915 5686; x_wconf 91' lang='lat' dir='ltr'>aliis</span> <span class='ocrx_word' id='word_1_663' title='bbox 937 5607 1185 5681; x_wconf 87' lang='lat' dir='ltr'>invocantibus</span> <span class='ocrx_word' id='word_1_664' title='bbox 1214 5607 1382 5700; x_wconf 87' lang='lat' dir='ltr'>opitulari</span> <span class='ocrx_word' id='word_1_665' title='bbox 1409 5613 1507 5693; x_wconf 88' lang='lat' dir='ltr'>velit,</span> <span class='ocrx_word' id='word_1_666' title='bbox 1557 5610 1724 5681; x_wconf 91' lang='lat' dir='ltr'>tollendis</span> <span class='ocrx_word' id='word_1_667' title='bbox 1745 5609 1868 5698; x_wconf 90' lang='lat' dir='ltr'>idolis,</span> <span class='ocrx_word' id='word_1_668' title='bbox 1893 5614 1933 5684; x_wconf 92' lang='lat' dir='ltr'>in</span> <span class='ocrx_word' id='word_1_669' title='bbox 1953 5616 2105 5712; x_wconf 86' lang='lat' dir='ltr'>imperio</span> <span class='ocrx_word' id='word_1_670' title='bbox 2126 5619 2298 5711; x_wconf 89' lang='lat' dir='ltr'>superbus</span> <span class='ocrx_word' id='word_1_671' title='bbox 2327 5629 2362 5687; x_wconf 90' lang='lat' dir='ltr'>et</span> <span class='ocrx_word' id='word_1_672' title='bbox 2381 5615 2543 5707; x_wconf 87' lang='lat' dir='ltr'>ignavus.</span> 
     </span>
     <span class='ocr_line' id='line_1_82' title="bbox 529 5703 2545 5820; baseline -0.005 -23"><span class='ocrx_word' id='word_1_673' title='bbox 529 5728 620 5799; x_wconf 90' lang='lat' dir='ltr'>sicut</span> <span class='ocrx_word' id='word_1_674' title='bbox 638 5723 758 5820; x_wconf 83' lang='lat' dir='ltr'>inquit</span> <span class='ocrx_word' id='word_1_675' title='bbox 770 5718 911 5792; x_wconf 87' lang='lat' dir='ltr'>Psalmo</span> <span class='ocrx_word' id='word_1_676' title='bbox 927 5713 1002 5788; x_wconf 70' lang='lat'>330:</span> <span class='ocrx_word' id='word_1_677' title='bbox 1028 5703 1194 5783; x_wconf 80' lang='lat' dir='ltr'>Accedite</span> <span class='ocrx_word' id='word_1_678' title='bbox 1217 5710 1262 5780; x_wconf 86' lang='lat' dir='ltr'>ad</span> <span class='ocrx_word' id='word_1_679' title='bbox 1279 5733 1378 5797; x_wconf 87' lang='lat' dir='ltr'>enm,</span> <span class='ocrx_word' id='word_1_680' title='bbox 1403 5725 1439 5784; x_wconf 87' lang='lat' dir='ltr'>et</span> <span class='ocrx_word' id='word_1_681' title='bbox 1454 5712 1507 5782; x_wconf 89' lang='lat' dir='ltr'>fa·</span> <span class='ocrx_word' id='word_1_682' title='bbox 1558 5708 1643 5782; x_wconf 83' lang='lat' dir='ltr'>Fuit</span> <span class='ocrx_word' id='word_1_683' title='bbox 1657 5708 1766 5801; x_wconf 82' lang='lat' dir='ltr'>igitur</span> <span class='ocrx_word' id='word_1_684' title='bbox 1780 5710 1925 5786; x_wconf 84' lang='lat' dir='ltr'>infoelix</span> <span class='ocrx_word' id='word_1_685' title='bbox 1940 5730 1974 5791; x_wconf 88' lang='lat' dir='ltr'>et</span> <span class='ocrx_word' id='word_1_686' title='bbox 1986 5718 2190 5792; x_wconf 84' lang='lat' dir='ltr'>calamitosa</span> <span class='ocrx_word' id='word_1_687' title='bbox 2204 5719 2371 5791; x_wconf 87' lang='lat' dir='ltr'>universa</span> <span class='ocrx_word' id='word_1_688' title='bbox 2384 5717 2462 5788; x_wconf 87' lang='lat' dir='ltr'>eius</span> <span class='ocrx_word' id='word_1_689' title='bbox 2475 5737 2545 5808; x_wconf 87' lang='lat' dir='ltr'>gu-</span> 
     </span>
    </p>
   </div>
   <div class='ocr_carea' id='block_1_7' title="bbox 0 0 3066 6772">
    <p class='ocr_par' dir='ltr' id='par_1_10' title="bbox 0 0 3066 6772">
     <span class='ocr_line' id='line_1_83' title="bbox 0 0 3066 6772; baseline 0 0"><span class='ocrx_word' id='word_1_690' title='bbox 0 0 3066 6772; x_wconf 95' lang='lat' dir='ltr'> </span> 
     </span>
    </p>
   </div>
  </div>
 </body>
</html>
