6025 6775
1021 686 1169 755 963

1030 851 1258 920 dulcis
1287 862 1386 916 est
1405 842 1662 915 Alman
1695 840 2040 925 abElam,
2093 846 2281 936 quod
2315 858 2417 913 est
2445 844 2741 930 iuvenis,
2790 847 2982 915 unde

1034 970 1101 1022 et
1133 954 1341 1021 Alma
1379 962 1470 1017 est
1498 1003 1522 1045 ,Ι
1563 948 1751 1037 quod
1792 945 2136 1032 virginem
2168 944 2538 1033 significat.

1240 1066 1331 1138 Ut
1365 1080 1593 1133 autem
1629 1065 2063 1134 Francorum
2107 1062 2411 1151 primum
2464 1064 2536 1133 fit
2588 1064 2852 1134 mentio
2905 1065 2981 1131 in

1037 1167 1348 1242 Gallieni
1413 1161 1732 1232 historia:
1797 1166 1893 1231 ita
1955 1164 2361 1231 observabis
2416 1163 2600 1233 inter
2660 1179 2900 1253 gentes
2944 1189 2982 1233 a

1033 1273 1267 1341 Probo
1316 1267 1531 1333 victas
1575 1264 1881 1353 primum
1934 1264 2290 1330 nominari
2338 1262 2741 1338 Alemanos.
2836 1265 2984 1335 Re-

1037 1369 1288 1462 pressit
1328 1379 1558 1435 autem
1594 1363 1866 1432 Probus
1910 1377 2256 1456 utranque
2301 1379 2621 1452 gentem,
2672 1365 2984 1435 Francos

1369 599 1374 608 ¹
1489 673 1908 749 SCRIPTA
1962 673 2112 745 PH.
2165 668 2395 747 MEL.
2449 672 2584 744 AD
2636 671 2888 746 HIST.
2944 668 3232 749 PROF.
3281 669 3415 741 ΕΤ
3469 668 3852 747 PfflLOS.
3906 669 4553 753 SPECTANTtA.

4897 691 5047 762 964

3083 841 3303 909 Filios
3357 843 3794 933 nuncupavit
3849 840 4210 929 Caesares,
4248 827 4606 921 'Carinum
4662 870 4728 926 et
4779 856 5050 929 Nume-

3081 967 3381 1011 rianum.

3284 1040 3560 1110 Probus
3612 1038 4084 1115 honorificum
4150 1050 4639 1123 testimonium
4692 1058 4779 1125 de
4829 1084 4910 1128 eo
4957 1065 5046 1129 ad

3030 1137 3035 1179 ⁵
3082 1143 3420 1211 Senatum
3452 1142 3761 1232 scripsit,
3814 1139 3926 1213 his
3971 1148 4238 1218 verbis:
4293 1149 4540 1223 Foelix
4584 1173 4759 1227 esset
4806 1176 5049 1230 nostra

3030 1236 3034 1253 '
3081 1241 3548 1333 Respublica,
3631 1245 3688 1311 si
3759 1245 3998 1333 plures
4045 1241 4238 1319 Cari
4283 1253 4547 1325 similes
4603 1253 5050 1333 haberemus.

3084 1342 3256 1412 ldeo
3287 1343 3589 1414 Senatus
3619 1345 3926 1415 libenter
3959 1354 4443 1442 comprobavit
4475 1357 4861 1429 militarem
4893 1364 5048 1431 suf-

1034 1488 1100 1539 et
1163 1469 1538 1549 Almanos,
1634 1464 1999 1535 trucidatis
2076 1466 2610 1556 quadringentis
2668 1467 2984 1536 millibus
3034 1495 3038 1529 ι
3083 1444 3588 1533 Ῑΐῧὸὃῑῖθῦθῐῐῑυ
3649 1449 4059 1537 praesertim
4108 1476 4270 1521 cum
4315 1459 4536 1527 Virum
4576 1460 4729 1529 eius
4773 1462 5049 1533 nobili-

1133 1592 1423 1637 mulum·

1029 1571 1268 1759 lcfpme
1326 1666 1641 1736 Gallicae
1689 1666 2006 1735 civitates
2051 1668 2441 1755 sexaginta,
2525 1666 2854 1736 Alemani
2895 1667 2983 1735 ad

1026 1772 1322 1841 Nicrum
1354 1768 1711 1859 profligati
1745 1781 1927 1838 sunt.

1233 1888 1462 1957 Simul
1514 1886 1590 1952 in
1636 1880 1896 1954 Rhetia
1940 1878 2319 1966 BonosuS,
2383 1885 2506 1976 qui
2555 1908 2626 1953 se
2673 1887 2984 1975 impera-

1027 2005 1252 2060 torem
1312 1986 1837 2065 nominaverat,
1918 1997 1986 2053 et
2052 1980 2433 2052 Alemanos
2494 1986 2984 2070 concitaverat,

1027 2094 1256 2159 victus
1290 2101 1412 2156 est.
1485 2083 1621 2153 Hic
1658 2086 1904 2176 laqueo
1938 2084 2070 2152 sibi
2099 2086 2312 2154 vitam
2348 2084 2598 2156 finivit.
2683 2083 2777 2155 Et
2814 2087 2978 2177 quia

1025 2195 1254 2259 fuerat
1309 2184 1563 2269 helu0‚
1648 2199 1716 2254 et
1784 2180 2125 2255 habuerat
2194 2200 2507 2255 ventrem
2568 2188 2980 2255 deformiter

1023 2290 1416 2370 tumidum,
1468 2287 1661 2355 iocus
1691 2286 2014 2355 militaris
2048 2309 2327 2376 sparsus
2361 2303 2491 2356 est:
2547 2286 2705 2357 Non
2748 2284 2981 2356 homi-

1026 2416 1185 2458 nem
1223 2390 1565 2477 pendere,
1615 2388 1736 2454 sed
1772 2382 2213 2477 amphoram.

1223 2505 1499 2575 Pacatis
1525 2500 1639 2571 his
1671 2504 2075 2591 regionibus
2101 2502 2379 2573 Probus
2412 2505 2486 2572 in
2508 2501 2749 2573 Asiam
2780 2505 2982 2574 duxit

1024 2608 1368 2679 exercitus
1400 2628 1526 2693 per
1556 2600 1978 2688 Thraciam,
2028 2605 2151 2673 ubi
2191 2605 2450 2674 Gottos
2494 2608 2860 2697 repressit,
2912 2619 2981 2675 et

1024 2710 1247 2778 multa
1281 2705 1505 2774 millia
1550 2706 1623 2771 in
1673 2703 1853 2792 agris
1900 2704 2180 2795 imperii
2230 2706 2622 2777 collocavit.

1022 2812 1207 2879 cinia
1257 2808 1333 2874 in
1374 2804 1624 2875 Cilicia
1669 2805 1975 2874 sustulit.
2085 2802 2267 2876 Cum
2312 2804 2542 2875 Persis
2585 2820 2653 2877 et
2700 2802 2979 2877 Parthis

1019 2934 1256 2999 pacem
1289 2908 1490 2981 fecit,
1539 2929 1617 2974 ac
1653 2928 2003 2993 regressus
2040 2908 2123 2977 ad
2172 2908 2355 2975 bella
2406 2910 2627 2995 magis
2665 2932 2980 2978 necessa-

1020 3012 1164 3093 ria,
1211 3007 1591 3078 Sarmatica
1625 3020 1689 3074 et
1731 3004 2034 3079 Gottica.
2135 3004 2315 3076 Cum
2363 3009 2439 3075 in
2472 3009 2751 3102 Syrmio
2787 3009 2979 3075 mili-

1020 3129 1125 3180 tes
1172 3123 1497 3178 oneraret
1543 3109 1785 3176 labore
1830 3108 2132 3176 siccandi
2188 3108 2517 3197 paludes,
2596 3109 2814 3200 aliqui
2863 3123 2978 3177 tu-

1017 3212 1449 3281 multuantes
1495 3208 1913 3277 seditionem
1974 3211 2306 3277 adversus
2366 3233 2523 3278 eum
2583 3224 2976 3293 moverunt,

1018 3329 1090 3382 et
1137 3313 1519 3400 fugientem
1562 3307 1878 3378 Probum
1934 3308 2423 3401 imperatorem
2487 3309 2561 3375 in
2622 3311 2972 3400 speculam

1019 3415 1547 3484 interfecerunt.
1666 3409 2020 3502 Reliquus
2067 3412 2410 3480 exercitus
2451 3411 2973 3481 dolens'extin-

1017 3531 1207 3585 ctum
1240 3535 1385 3582 esse
1420 3514 1677 3583 iustum
1702 3565 1721 3594 ,
1771 3513 2060 3595 fortem,
2110 3513 2430 3580 foelicem
2466 3525 2532 3581 et
2558 3513 2805 3582 utilem
2836 3515 2973 3581 im-

1015 3628 1447 3708 peratorem,
1508 3612 1904 3701 sepulcrum
1954 3613 2018 3680 ei
2057 3613 2255 3697 fecit,
2334 3638 2491 3682 cum
2538 3609 2668 3682 hac
2717 3615 2971 3683 inscri-

1015 3719 1292 3809 ptione:
1352 3711 1490 3782 Hic
1532 3710 1807 3782 Probus
1851 3714 2235 3803 imperator
2277 3737 2440 3782 vere
2484 3715 2745 3803 probus
2796 3717 2972 3785 situs

1011 3833 1119 3887 est
1139 3872 1158 3900 ‚
1210 3813 1459 3884 Victor
1489 3815 1804 3884 omnium
1833 3812 2147 3903 gentium
2178 3815 2667 3898 barbararum,
2721 3814 2971 3886 Victor

1011 3918 1224 3989 etiam
1260 3931 1750 4010 tyrannorum.

1211 4033 1642 4126 Quanquam
1676 4045 1906 4101 autem
1937 4032 2280 4101 excellens
2317 4032 2388 4101 in
2419 4056 2500 4101 eo
2546 4031 2770 4102 virtus
2805 4033 2967 4117 fuit,

1010 4151 1080 4206 et
1123 4136 1538 4225 gubernatio
1586 4133 1834 4201 foelix:
1905 4130 2178 4201 Tamen
2229 4135 2623 4222 exemplum
2671 4146 2773 4203 est
2818 4159 2966 4203 non

1006 4239 1239 4308 solum
1283 4235 1792 4303 inconstantiae
1819 4235 2182 4317 fortunae,
2232 4237 2350 4302 sed
2401 4235 2634 4323 potius
2670 4237 2964 4323 ingrati-

1002 4338 1309 4422 tudinis,
1390 4335 1692 4404 levitatis
1739 4348 1808 4403 et
1861 4336 2182 4402 furorum
2241 4335 2470 4420 vulgi,
2553 4337 2742 4428 quod
2803 4361 2962 4406 eum

1001 4440 1379 4510 temerario
1426 4440 1693 4528 impetu
1738 4447 1805 4504 et
1851 4433 2177 4503 seditiose
2222 4436 2586 4523 oppressit.
2716 4433 2813 4506 Et
2870 4439 2961 4505 ad

998 4639 1256 4711 κακὸν.
1388 4639 1595 4710 ltem:
1691 4640 1850 4732 λαῷ
1911 4630 2015 4728 μὴ
2082 4630 2407 4721 πίστευε,
2504 4630 2962 4732 πολύτροπος

1005 4737 1207 4811 ἐστὶν
1243 4737 1513 4830 ὅμιλος.

1097 4954 1316 5025 Anno
1396 4951 1650 5020 mundi
1716 4964 1964 5044 quater
2030 4950 2407 5020 millesimo
2475 4951 2953 5023 ducentesimo

1414 5053 1945 5145 quadragesimo
1997 5065 2265 5128 octavo.
2477 5062 2482 5071 '

1093 5159 1313 5227 Anno
1345 5150 1619 5222 Romae
1647 5154 2062 5239 millesimo,
2115 5157 2465 5225 tricesimo
2503 5167 2722 5224 sexto.

1090 5260 1309 5328 Anno
1338 5247 1603 5324 Christi
1637 5255 2113 5325 ducentesimo
2147 5256 2617 5345 octuagesimo
2655 5265 2868 5327 sexto.

1448 5425 1742 5496 Carus
1814 5422 2490 5498 Narbonensis.

1194 5571 1443 5652 Carus
1476 5566 2033 5653 Narbonensis,
2097 5592 2257 5638 cum
2304 5568 2704 5642 Praefectus
2743 5596 2949 5662 prae-

987 5682 1170 5752 torio
1231 5695 1448 5770 esset,
1533 5685 1824 5770 propter
1879 5670 2213 5742 virtutem
2275 5669 2625 5761 suffragiis
2681 5674 2949 5745 milita-

987 5781 1186 5851 ribus
1254 5783 1639 5874 imperator
1690 5778 1915 5850 factus
1967 5787 2090 5849 est.

3026 2286 3029 2297 ι
3078 2247 3464 2319 Persicum.

2730 2706 2980 2776 Latro·
3032 2763 3034 2767 .

1544 1566 1795 1635 Franci
1838 1567 1912 1633 in
1947 1564 2229 1654 Belgico
2277 1567 2446 1637 victi
2491 1580 2693 1650 sunt,
2757 1581 2823 1635 et
2873 1590 2984 1634 re,
3072 1557 3224 1615 tate
3264 1547 3537 1634 generis
3567 1560 3637 1616 et
3665 1549 4071 1621 eruditione
4100 1568 4347 1624 ornata
4386 1572 4581 1628 esset.

3286 1644 3472 1734 Quia
3508 1672 3672 1717 vero
3699 1651 3939 1721 audita
3971 1650 4193 1723 Probi
4235 1672 4462 1727 morte
4507 1658 4719 1727 vicini
4748 1658 5040 1732 Panno-

3083 1746 3222 1813 niis
3255 1745 3613 1817 Sarmatae
3657 1774 3902 1820 rursus
3950 1753 4026 1820 in
4056 1753 4502 1826 Pannoniam
4547 1772 4615 1829 et
4656 1756 5040 1832 Thraciam

3082 1847 3518 1936 irruptiones
3576 1850 3962 1937 faciebant,
4043 1856 4352 1944 primum
4417 1860 4739 1929 omnium
4793 1855 5050 1932 Carus

3082 1945 3435 2017 Sarmatas
3487 1952 3844 2039 repressit,
3916 1956 4224 2025 sedecim
4275 1959 4590 2029 millibus
4631 1963 5052 2044 interfectis,

3083 2061 3150 2116 et
3186 2049 3441 2138 viginti
3472 2052 3791 2120 millibus
3822 2056 4065 2144 captis.

3283 2148 3535 2223 Pacata
3567 2154 3821 2221 vicinia
3866 2156 4194 2224 transivit
4237 2157 4315 2223 in
4348 2156 4596 2230 Asiam
4644 2164 4731 2229 ad
4775 2163 5050 2233 bellum

3578 2251 3895 2345 Cumque
3941 2259 4029 2323 ad
4070 2257 4349 2325 fatalem
4400 2260 4683 2348 imperii
4723 2261 5051 2333 Romani

3079 2349 3412 2434 limitem,
3463 2354 3551 2420 ad
3588 2354 3885 2424 fluvium
3919 2355 4296 2449 Tygridem
4329 2363 4791 2448 pervenisset,
4849 2388 5052 2433 mor·

3078 2465 3242 2521 tuus
3276 2466 3401 2522 est.

3281 2552 3744 2624 Successurus
3813 2572 3966 2626 erat
4049 2558 4236 2627 filius
4303 2558 4814 2645 Numerianus,
4918 2568 5045 2657 qui

3080 2667 3367 2744 propter
3415 2656 3895 2740 nobilitatem,
3980 2660 4290 2747 optimos
4353 2685 4614 2745 mores,
4692 2667 5041 2736 eruditio-

3078 2778 3276 2834 nem,
3351 2769 3418 2823 et
3476 2757 3693 2844 patris
3750 2762 4164 2828 memoriam
4217 2787 4253 2828 a
4301 2763 4570 2833 Senatu
4617 2778 4688 2834 et
4731 2769 5036 2836 exercitu

3078 2854 3530 2942 diligebatur.
3632 2859 3769 2926 Sed
3817 2860 3967 2929 eius
4018 2884 4215 2929 socer
4244 2860 4462 2931 Arius
4498 2864 4725 2954 Aper,
4777 2881 4850 2936 ut
4890 2869 5034 2936 im-

3077 2956 3351 3046 perium
3386 2958 3462 3024 in
3486 2980 3630 3025 sese
3664 2963 4112 3040 txansferret,
4159 2965 4420 3033 occidit
4466 2990 4648 3033 eum.
4732 2967 4831 3036 -ld
4863 2992 5032 3038 cum

3078 3059 3527 3146 comperisset
3559 3062 3934 3144 exercitus,
3992 3064 4064 3130 in
4097 3064 4435 3133 concione
4481 3082 4802 3137 accusato
4833 3066 5039 3159 Apro

3076 3158 3568 3242 imperatorem
3600 3160 4366 3248 eligitDiocletianum,
4413 3169 4533 3258 qui
4568 3172 4731 3236 mox
4753 3170 5043 3259 Aprum

3076 3258 3304 3346 palam
3358 3273 3713 3348 spectante
3761 3265 4062 3333 exercitu
4115 3265 4485 3336 interfecit.
4628 3267 4709 3336 ld
4763 3272 5041 3342 factum

3076 3360 3403 3446 congruit
3434 3384 3590 3428 cum
3630 3364 3958 3434 vaticinio
3999 3366 4312 3436 mulieris
4347 3362 4491 3437 in'l
4500 3364 4801 3463 'ungr1'5,
4851 3399 5044 3465 quae

3075 3484 3214 3527 una
3245 3455 3629 3528 Druidum
3665 3465 3825 3535 fuit.
3932 3467 4115 3536 Sunt
4160 3480 4391 3536 autem
4436 3474 4664 3541 dictae
4702 3479 5046 3545 sacerdo-

3075 3573 3174 3628 tes
3205 3557 3589 3642 Druidae,
3642 3589 3679 3632 a
3717 3568 4084 3651 fidelitate,
4133 3570 4369 3656 ῒιῖϊοῒυ,
4423 3574 4622 3663 quasi
4657 3575 4880 3647 dicas:
4940 3580 5044 3650 bie

3073 3672 3515 3736 bertrameten.
3635 3663 3825 3736 Haec
3873 3671 4308 3757 praedixerat
4351 3671 4836 3761 Diocletiano,
4901 3685 5046 3748 ob-

3074 3764 3359 3852 iurgans
3427 3789 3585 3833 eum
3654 3771 3846 3858 quod
3916 3794 4119 3858 parce
4184 3773 4486 3842 solveret
4558 3777 4635 3843 in
4705 3773 5051 3870 hospitio,

3070 3865 3391 3934 futurum
3453 3890 3596 3936 esse
3667 3870 4199 3958 imperatorem,
4283 3899 4442 3944 cum
4494 3872 4772 3970 Aprum
4839 3883 5038 3947 occi-

3072 3966 3306 4035 disset.

3272 4065 3482 4136 Facta
3546 4081 3776 4137 autem
3840 4095 4008 4159 pace
4066 4098 4224 4143 cum
4269 4076 4494 4146 Persis
4537 4075 5027 4148 Diocletianus

3070 4167 3445 4237 exercitum
3480 4171 3755 4239 reduxit
3785 4171 3860 4236 in
3889 4167 4288 4265 Europam,
4353 4193 4420 4248 et
4451 4174 4700 4247 Carino
4731 4177 4809 4243 in
4835 4174 5031 4246 Dal-

3071 4268 3278 4336 matia
3313 4270 3709 4338 nominanti
3753 4295 3826 4340 se
3868 4273 4359 4363 imperatorem
4395 4278 4710 4348 occurrit.
4815 4276 5038 4349 Cari-

3068 4390 3203 4434 nus
3233 4370 3596 4439 dissimilis
3641 4372 3817 4459 patri
3866 4385 3932 4442 et
3980 4377 4187 4447 fratri
4234 4404 4386 4448 cum
4433 4379 5038 4467 flagitiosissimus

1000 4545 1317 4630 regulam
1379 4539 1736 4627 congruit·
1828 4533 2039 4626 ὄχλος
2081 4528 2225 4606 σὺν
2268 4530 2569 4606 ἆιιαθία
2610 4533 2961 4633 μέγιστον
3009 4515 3017 4573 4¹
3067 4482 3279 4552 ‘sset'
3348 4484 3415 4540 et
3456 4469 3896 4561 Heliogabali
3940 4499 4171 4546 mores
4215 4480 4646 4564 imitaretur’
4698 4483 4787 4550 δι’
4829 4506 5041 4550 ‘³¹⁸¹'-

1722 4590 1735 4602 .
2316 4598 2327 4626 Ι

3065 4568 3207 4639 citu
3240 4572 3554 4640 desertus
3585 4587 3652 4642 et
3687 4574 3955 4645 occisus
3997 4592 4121 4651 est.

3269 4669 3444 4741 Cum
3491 4673 3704 4760 igitur
3740 4690 3806 4745 et
3836 4673 4154 4748 Orientis
4196 4691 4264 4748 et
4293 4673 4710 4751 Occidentis
4758 4686 5038 4752 exerci-

3062 4784 3172 4838 tus
3209 4769 3731 4844 Diocletianum
3771 4779 4094 4848 fecissent
4134 4779 4667 4870 imperatorem,
4717 4783 5037 4855 Senatus

3061 4872 3437 4942 militarem
3467 4876 4040 4965 suffragationem
4071 4883 4587 4972 comprobavit.

3159 5072 3372 5144 Anno
3425 5080 3672 5147 mundi
3723 5095 3970 5172 quater
4031 5082 4449 5169 millesimo,
4535 5091 5038 5164 ducentesimo

3386 5220 3397 5233 ·
3463 5181 4069 5273 quinquagesimo.

3152 5274 3368 5347 Anno
3397 5275 3671 5350 Romae
3700 5282 4075 5354 millesimo
4109 5287 4459 5357 tricesimo
4488 5301 4758 5359 octavo.

3155 5375 3370 5449 Anno
3409 5376 3671 5451 Christi
3703 5383 4185 5457 ducentesimo
4227 5390 4695 5479 octuagesimo
4746 5407 5036 5470 octa‘vo.

3595 5529 4466 5609 Diocletianus.

3246 5671 3774 5751 Diocletianus
3802 5699 4008 5755 natus
4034 5688 4109 5754 in
4134 5686 4511 5774 Dalmatia,
4562 5706 4759 5781 patre
4785 5699 5040 5772 scriba

2224 5771 2578 5863 Regnavit
2628 5773 2945 5852 biennio.
2989 5759 2997 5864 ,⁵
3045 5776 3407 5847 Senatoris
3476 5775 3818 5872 Amilini,
3920 5799 4143 5858 matre
4208 5787 4533 5872 Dioclea,
4629 5794 5047 5886 imperator
