6025 6775
424 697 495 770 189
879 686 1037 763 DECL.
1071 687 1145 763 nh
1186 686 1331 762 VITA
1368 684 1444 760 ΕΤ
1486 681 1757 758 SCRIPTlS
1797 681 1990 757 PLlNll.
2373 684 2447 760 190

420 871 484 939 dae
497 865 737 937 necessarium
753 876 851 936 esset.
900 856 949 931 Et
963 861 1014 933 ait
1028 862 1144 946 idem,
1170 885 1206 931 se
1224 862 1300 931 dies
1316 873 1408 933 totos
1516 855 1615 927 Haec
1630 858 1674 925 de
1688 850 1837 926 authore
1852 872 1974 929 nostro
1991 856 2145 928 breviter
2165 879 2439 933 commemorare

420 967 659 1062 imperatoriis
677 964 824 1055 negotiis
840 975 873 1034 et
889 963 1005 1033 officio
1023 964 1209 1034 commisso
1228 963 1407 1046 tribuisse,
1458 960 1574 1049 volui,
1601 957 1751 1026 maxime
1767 981 1843 1027 eam
1858 961 1904 1029 ob
1920 983 2078 1045 causam,
2103 973 2143 1030 ut
2163 983 2243 1029 cum
2258 961 2438 1033 auditores

421 1086 619 1143 nocturnas
649 1092 731 1137 vero
761 1061 865 1136 horas
896 1066 1081 1158 plerasque
1103 1066 1292 1135 scribendo
1319 1087 1408 1134 con·
1456 1060 1496 1130 in
1513 1055 1580 1130 hoc
1596 1054 1744 1131 authore
1761 1058 2076 1131 innumerabilium
2093 1073 2126 1131 et
2150 1084 2358 1134 arcanarum
2380 1059 2439 1134 're

423 1171 627 1261 sumpsisse.
680 1166 750 1238 lter
773 1167 908 1235 faciens
928 1168 1009 1235 ideo
1033 1167 1155 1236 lectica
1172 1190 1257 1236 usus
1273 1179 1341 1249 est,
1366 1177 1407 1236 ut
1455 1186 1535 1232 rum
1551 1161 1732 1231 scientiam
1756 1184 1797 1228 ex
1819 1162 2057 1250 plurimorum
2074 1162 2212 1253 scriptis
2226 1178 2438 1257 excerptam,

425 1288 545 1344 totum
567 1271 601 1339 id
621 1283 758 1361 tempus
779 1269 938 1340 tribuere
960 1269 1105 1338 lectioni
1126 1282 1160 1339 et
1182 1266 1406 1338 annotationi
1456 1276 1490 1333 et
1503 1263 1639 1354 optimo
1655 1262 1780 1332 ordine
1798 1262 2022 1334 distributam
2046 1264 2247 1349 invenient,
2272 1266 2438 1357 cogitent,

426 1386 551 1465 posset.
1455 1365 1634 1458 quomodo
1651 1363 1750 1432 illam
1771 1378 1843 1434 tam
1867 1364 2101 1455 multiplicem
2126 1367 2363 1438 eruditionem
2379 1369 2437 1437 vir

1454 1468 1542 1536 adeo
1559 1466 1703 1536 caeteris
1723 1465 1895 1554 negotiis,
1920 1466 2151 1546 militaribus,
2178 1469 2343 1553 urbanis,
2370 1494 2437 1541 au·

504 1621 526 1639 ..
656 1622 700 1640 ..
863 1623 906 1641 ..
1107 1623 1117 1640 .
1171 1621 1180 1639 .
1454 1568 1552 1651 licis,
1588 1566 1788 1637 domesticis
1817 1582 2025 1659 occupatus,
2066 1569 2235 1661 consequi
2261 1571 2438 1660 potuerit,

422 1623 545 1694 officus
565 1623 718 1715 pubhcrs
741 1635 776 1693 et
800 1623 924 1693 aulrcrs
956 1622 1250 1723 occupatronrbus
1273 1642 1403 1690 vacuus
1482 1670 1490 1686 .

460 1725 469 1742 ,
807 1717 815 1741 ,
1455 1668 1624 1762 nimirum
1649 1692 1721 1739 non
1742 1690 1883 1752 somno,
1914 1667 2107 1752 conviviis,
2141 1669 2239 1752 lusu,
2264 1673 2437 1744 obambu-

420 1726 506 1809 Μ’
531 1737 573 1795 ιη
588 1746 648 1794 ⁸⁰⁸
663 1747 705 1793 ⁰¹
719 1726 885 1794 m³⁰¹b⁰⁸
908 1749 982 1794 ¹¹⁰⁰
1004 1727 1213 1817 d⁰p⁰¹¹‘”⁸⁸’
1238 1738 1274 1796 et
1299 1745 1405 1841 mim
1453 1770 1649 1841 lotionibus
1665 1786 1698 1842 et
1710 1770 1888 1840 similibus
1900 1769 2039 1839 frivolis
2053 1771 2358 1860 occupationibus:
2375 1775 2438 1843 sed

421 1839 563 1916 ²⁰¹⁰P⁰³
585 1825 731 1918 perime
751 1826 983 1910 ‘mimam’
1008 1830 1103 1921 ΨΜ
1121 1827 1234 1897 wdii‘
1247 1847 1320 1895 ¹¹⁰⁰
1335 1847 1405 1943 Ψ
1454 1895 1535 1941 cum
1553 1886 1641 1943 esset
1656 1872 1729 1940 acri
1745 1871 1888 1959 ingenio
1904 1871 2095 1963 praeditus,
2112 1884 2145 1941 et
2157 1872 2319 1959 flagranti
2336 1875 2438 1964 cupi·

421 1926 573 2020 pertin„
588 1928 725 1997 f⁰i⁵³⁸¹⁰
765 1924 842 1997 11³⁰
858 1928 920 1997 ΜΘ
935 1929 991 1998 νὴ
1006 1929 1209 2020 diligenti&
1236 1922 1302 1998 hac
1317 1949 1403 2030 Μ’.
1455 1974 1564 2043 ditate
1587 1985 1793 2043 tenerentur
1815 1973 1966 2061 plurima
1993 1973 2247 2062 cognoscendi,
2272 1969 2438 2047 adhibuit

426 2029 579 2115 duitate,
609 2023 678 2099 hoc
694 2030 834 2099 ardenti
856 2030 974 2100 studio
992 2031 1173 2116 discendi,
1197 2042 1405 2101 consecutus
1453 2099 1530 2145 eam
1545 2073 1688 2163 legendi
1709 2086 1743 2143 e,
1768 2073 1946 2141 scribendi
1962 2074 2222 2159 assiduitatem,
2248 2088 2283 2145 ,t
2298 2088 2436 2167 gemm,

422 2143 474 2201 est
489 2154 589 2210 eam,
614 2154 721 2224 mam
736 2131 775 2199 in
789 2130 865 2200 eius
878 2132 1018 2224 scriptis
1032 2158 1135 2203 nemo
1154 2156 1227 2202 non
1243 2132 1404 2209 miratur,
1453 2176 1503 2246 tis
1526 2175 1799 2267 parsimoniam,
1825 2186 1866 2242 u,
1888 2174 2024 2243 nullam
2051 2175 2119 2244 sibi
2146 2170 2269 2245 horam
2293 2177 2438 2248 effluere
2472 2233 2475 2237 Α

423 2254 544 2302 mum
578 2233 817 2302 mmmmm
841 2247 875 2304 et
904 2236 1224 2305 d¹ver⁸¹³⁵¹m³mm
1250 2254 1402 2322 minam·
1454 2290 1643 2369 pateretur,
1664 2277 1804 2370 quietus
1817 2275 1941 2345 saltem
1957 2276 2002 2345 ab
2016 2275 2096 2344 aliis
2110 2276 2315 2346 necessariis
2331 2302 2438 2349 occu·

421 2328 669 2506 ἔῧοξωωὶἣῗὲζ
684 2347 801 2507 ῗΐξοῖ
826 2333 1404 2525 οὓὲᾚιίἓῐῃὶζὲἱζέᾞῗρξᾚ
1454 2380 1678 2473 pationibus,
1709 2378 1809 2450 cuius
1831 2376 1899 2447 sibi
1921 2390 2013 2447 recte
2037 2376 2226 2448 collocatae
2249 2377 2287 2446 in
2309 2380 2438 2452 studiis

523 1516 687 1614 Denique
719 1521 770 1591 ita
803 1520 908 1591 libris
929 1522 1053 1591 allisus
1083 1521 1170 1604 iuit,
1201 1517 1340 1613 quoties
1359 1519 1404 1587 ab

420 2531 608 2606 historiam
623 2539 824 2631 complexus
842 2551 893 2609 est
910 2563 982 2609 uno
998 2551 1034 2609 et
1047 2538 1193 2628 triginta
1209 2535 1404 2608 volumini·
1455 2498 1548 2556 '³²¹⁰
1565 2507 1640 2552 ¹¹⁰⁰
1655 2497 1842 2557 effluam·

421 2638 508 2723 bus,
535 2651 568 2708 et
583 2640 651 2711 alia
667 2641 795 2732 scripta
811 2640 942 2724 edidit,
968 2662 1047 2708 cum
1069 2654 1186 2711 tamen
1211 2662 1285 2709 nou
1306 2639 1401 2729 ultra

423 2763 557 2811 annum
574 2755 709 2812 sextum
725 2755 760 2813 et
776 2740 1108 2834 quinquagesimum
1130 2743 1252 2816 aetatis
1267 2739 1404 2811 vixerit.

1555 2582 1613 2655 Ad
1635 2579 1727 2654 hanc
1747 2585 1856 2673 igitur
1876 2599 1949 2656 tam
1975 2585 2185 2657 indefessam
2208 2598 2242 2656 et
2255 2584 2362 2655 nobis
2376 2585 2437 2656 vix
2516 2638 2524 2648 .

1453 2687 1660 2757 credibilem
1675 2687 1896 2776 diligentiam
1911 2681 2068 2757 hominis
2085 2701 2158 2758 tam
2173 2688 2338 2782 potentis,
2363 2700 2437 2758 tam

586 2860 589 2864 ,
1454 2788 1658 2877 locupletis,
1687 2801 1758 2857 tam
1792 2789 1946 2881 denique
1976 2790 2154 2880 occupati,
2187 2815 2316 2885 quaeso
2345 2785 2438 2861 mihi

523 2891 576 2965 Ac
587 2907 630 2963 ut
647 2894 691 2961 de
706 2905 821 2964 morte
835 2918 975 2989 quoque
992 2894 1103 2987 ipsius
1121 2920 1181 2980 ea,
1203 2918 1293 2988 quae
1308 2904 1403 2962 certo
1452 2910 1645 2980 parumper
1665 2888 1787 2956 saltem
1814 2891 1970 2959 conferte
1995 2904 2116 2959 nostro
2141 2887 2209 2960 hoc
2239 2892 2357 2961 seculo
2378 2891 2438 2960 di-

421 2993 550 3065 tradita
572 3004 656 3065 sunt
677 2993 722 3063 ab
743 2997 865 3064 eodem
880 2994 999 3067 Plinio
1016 2998 1159 3071 iuniore
1174 2998 1212 3066 in
1226 2996 1295 3066 alia
1314 2989 1406 3085 Epi·
1454 2986 1627 3059 scentium
1648 3008 1772 3076 operas
1796 3000 1831 3054 et
1853 2990 2031 3072 studium,
2063 3003 2105 3058 ut
2127 2991 2297 3075 videatis,
2330 3013 2436 3082 quam

420 3095 570 3186 thetole,
589 3093 744 3165 breviter
760 3122 1052 3184 commemorem,
1075 3096 1161 3171 haec
1178 3100 1252 3190 ipsa
1267 3120 1406 3187 semper
1455 3085 1550 3162 nihil
1574 3086 1690 3168 simile
1713 3086 1807 3175 apud
1828 3087 1977 3168 multos,
2004 3089 2066 3178 qui
2084 3088 2189 3156 etiam
2204 3112 2278 3157 non
2291 3113 2437 3179 prorsus

421 3195 603 3276 discendi,
627 3194 731 3280 plura
757 3212 791 3265 et
814 3200 1024 3286 explorandi
1045 3213 1080 3269 et
1094 3199 1293 3269 annotandi
1308 3199 1405 3265 insa·
1456 3190 1576 3280 ignavi
1592 3183 1715 3257 haberi
1729 3185 1874 3268 volunt,
1901 3186 2115 3258 inveniatur.
2166 3186 2277 3256 Multi
2298 3191 2437 3259 suntin

419 3291 555 3361 tiabilis
578 3291 751 3379 cupiditas
776 3296 808 3362 ei
836 3318 940 3365 causa
956 3299 1054 3368 esitii
1074 3299 1153 3368 fuit.
1204 3297 1297 3366 Nam
1323 3318 1403 3364 cum
1457 3314 1496 3360 ea
1514 3290 1697 3380 opinione,
1723 3298 1763 3355 ut
1776 3308 1813 3354 se
1827 3308 1974 3355 munere
1989 3281 2188 3358 scholastici
2204 3290 2340 3378 egregie
2354 3290 2438 3358 sun·

419 3393 577 3461 secundo
601 3417 696 3463 anno
716 3391 943 3486 Imperatoris
960 3396 1055 3482 Titi,
1080 3399 1143 3491 qui
1169 3412 1251 3468 ante
1276 3398 1407 3465 decen·
1454 3405 1530 3462 ctos
1544 3389 1777 3473 arbitrentur,
1803 3388 1833 3456 si
1854 3387 2012 3458 interdiu
2037 3411 2145 3460 unam
2170 3404 2276 3483 atque
2290 3391 2437 3462 alteram

422 3493 526 3561 nium
550 3489 848 3588 lerosolymorum
873 3500 1044 3589 templum
1073 3513 1108 3569 et
1134 3500 1258 3570 urbem
1281 3498 1406 3565 incen·
1454 3493 1641 3563 lectionem
1658 3490 1835 3582 publicam
1852 3490 2042 3570 audierint,
2069 3502 2103 3559 et
2116 3490 2288 3584 reliquam
2301 3508 2437 3584 partem

420 3594 482 3664 dio
519 3605 735 3680 vastaverat,
763 3600 881 3668 'mons
913 3597 1128 3689 Campaniae
1158 3600 1334 3669 Vesuvius
1366 3597 1405 3664 in
1454 3594 1538 3677 diei,
1562 3591 1663 3684 quasi
1678 3590 1781 3659 valde
1796 3590 1989 3680 defatigati,
2012 3591 2074 3660 illa
2093 3593 2367 3680 auscultatione,
2391 3599 2437 3666 ad

420 3697 703 3765 summovcrtice
719 3711 856 3787 ruptus,
883 3698 1059 3787 ingentem
1075 3700 1206 3768 nubem
1222 3695 1351 3766 cineris
1371 3709 1404 3764 et
1454 3693 1678 3763 refectionem
1702 3691 1818 3760 virum
1841 3692 2106 3784 absumptamm
2125 3694 2277 3776 scilicet,
2302 3697 2437 3768 iustru-

421 3797 563 3889 vaporis
583 3791 788 3887 sulphurei,
815 3797 917 3868 mixti
939 3799 1049 3868 exesis
1073 3800 1254 3890 pumicum
1272 3797 1403 3889 lapidi·
1452 3793 1582 3864 mentis
1597 3791 1752 3878 musicis,
1766 3793 2121 3880 deambulationibus,
2140 3797 2322 3869 autetiam
2340 3822 2435 3869 com-

422 3899 511 3984 bus,
535 3921 608 3967 una
623 3922 702 3968 cum
718 3899 870 3969 flammis
885 3899 1137 3985 eiacularetur,
1161 3898 1315 3981 Plinius,
1341 3898 1402 3991 qui
1453 3894 1696 3987 potationibus
1728 3908 1949 3969 consumant.
1999 3894 2082 3966 Non
2103 3893 2276 3968 adhibent
2300 3925 2435 3992 eorum,

422 4001 617 4092 praelectus
630 4014 717 4071 tunc
733 4000 835 4070 classi
849 3996 1047 4084 Romanae,
1064 4000 1245 4072 Misenum
1262 4012 1402 4090 portum
1451 4020 1542 4090 quae
1561 3996 1704 4088 publice
1727 3997 1847 4065 audita
1873 4011 1975 4085 sunt,
1996 3999 2224 4071 domesticam
2251 4003 2435 4094 repetitio·

421 4103 580 4186 tenebat,
602 4102 698 4172 unde
720 4116 958 4192 assurgentem
980 4103 1083 4173 illum
1104 4104 1243 4173 fumum
1261 4123 1403 4170 cernere
1452 4120 1554 4181 nem,
1578 4121 1653 4165 non
1671 4098 1843 4180 lectionis,
1869 4097 2090 4187 scriptionis,
2116 4103 2435 4192 pronunciationis,

419 4204 545 4295 procul
568 4204 703 4295 potuit,
728 4216 768 4274 ut
791 4227 930 4274 causam
954 4201 1061 4275 huius
1074 4203 1230 4273 mirandi
1245 4200 1402 4272 incendii
1453 4198 1643 4267 memoriae
1657 4195 1771 4265 ullum
1788 4196 1843 4262 vel
1860 4197 2080 4269 rarissimum
2098 4204 2316 4274 exercitium.
2350 4203 2435 4275 Non

419 4305 567 4397 propius
608 4319 852 4396 cognosceret,
891 4307 975 4375 navi
1013 4305 1209 4377 Liburnica
1244 4304 1402 4374 secundo
1452 4311 1629 4368 conantur
1644 4320 1842 4366 sermonem
1860 4319 1962 4367 suum
1978 4302 2024 4369 ad
2050 4327 2172 4374 eorum
2197 4305 2434 4376 imitationem

382 4476 389 4481 .
420 4420 526 4477 vento
542 4407 707 4477 advectus
724 4420 786 4481 est.
837 4405 907 4479 Sed
931 4432 1010 4478 cum
1034 4407 1220 4497 ingruente
1234 4407 1304 4475 iam
1318 4429 1404 4498 pro·
1452 4401 1614 4484 formare,
1629 4399 1691 4493 qui
1708 4399 1894 4490 purissime
1908 4415 1943 4472 et
1957 4405 2199 4495 propriissime
2210 4404 2321 4477 locuti
2336 4421 2432 4493 sunt,

420 4507 500 4600 pius
521 4499 707 4595 incendio,
732 4522 766 4580 et
789 4508 959 4579 omuibus
980 4510 1071 4581 circa
1093 4510 1181 4580 locis
1197 4510 1270 4580 alto
1285 4508 1402 4578 cinere
1451 4503 1611 4597 contenti
1624 4496 1691 4571 hoc
1705 4503 1840 4592 vulgari
1855 4517 1889 4573 et
1906 4504 2124 4598 improprio,
2150 4523 2185 4580 et
2204 4529 2305 4598 saepe
2324 4508 2431 4579 etiam

343 4605 351 4613 “
419 4623 454 4681 et
468 4608 631 4699 congerie
647 4610 829 4701 pumicum
845 4610 1035 4683 eiectorom
1053 4611 1223 4704 oppletis,
1248 4610 1323 4703 ipse
1344 4633 1401 4679 re-
1452 4605 1623 4675 mendoso
1641 4604 1814 4675 orationis
1829 4627 1967 4694 genere,
1991 4610 2085 4700 quod
2103 4632 2171 4680 usu
2186 4623 2336 4692 tantum,
2355 4610 2433 4680 sine

418 4711 520 4802 gredi
543 4712 710 4782 adversus
728 4725 874 4782 ventum
888 4726 972 4783 'non
993 4726 1127 4807 posset,
1152 4737 1224 4807 quo
1245 4713 1401 4783 mcundo
1451 4707 1606 4789 iudicio,
1629 4708 1706 4779 sine
1731 4730 1815 4777 cura
1839 4709 2031 4778 mundiciei
2046 4724 2080 4781 et
2095 4709 2341 4803 proprietatis,
2367 4736 2433 4782 au·

420 4826 629 4895 accesserat,
660 4815 771 4891 altero
789 4813 869 4898 die,
890 4838 995 4905 quam
1019 4839 1061 4885 eo
1080 4828 1243 4901 venerat,
1269 4812 1401 4885 Stabiis
1450 4807 1588 4878 dientes
1617 4810 1707 4879 alios
1737 4809 1847 4877 simili
1875 4811 2087 4900 negligentia
2119 4815 2324 4905 loquentes,
2363 4813 2434 4883 sibi

420 4911 519 4980 inter
532 4937 656 4984 manus
671 4940 816 4987 suorum
834 4915 1011 5006 collapsus
1024 4917 1197 4996 moritur,
1219 4915 1401 5007 praefoca-
1450 4909 1567 4980 obiter
1588 4924 1849 5001 compararunt.
1900 4906 1947 4982 Et
1970 4915 2065 5005 quod
2094 4912 2432 5003 perniciosissimum

417 5027 500 5095 tus,
526 5024 566 5080 ut
585 5015 796 5102 existimant,
822 5012 1006 5109 sulphurei
1034 5018 1175 5109 vaporis
1192 5030 1228 5087 et
1240 5018 1400 5087 cinerum
1449 5023 1522 5095 est,
1543 5035 1666 5081 omnes
1692 5013 1762 5078 iam
1783 5011 1892 5080 ferme
1913 5012 1981 5081 sibi
2004 5015 2072 5106 ipsi
2093 5025 2337 5105 praeceptores
2358 5037 2433 5085 esse

418 5138 460 5185 ac
473 5111 635 5201 fuliginis
651 5127 810 5189 attractae
825 5140 888 5209 per
904 5120 1171 5212 respirationem
1184 5118 1295 5210 copia.
1329 5114 1402 5186 Ac·
1450 5113 1588 5197 volunt,
1603 5111 1914 5202 paucissimisunt,
1935 5114 1998 5205 qui
2013 5114 2202 5185 exstimant
2216 5116 2286 5185 sibi
2302 5118 2434 5206 guber·

419 5215 506 5286 cidit
527 5227 647 5284 autem
672 5210 740 5287 hoc
763 5217 909 5289 Vesuvii
941 5217 1161 5292 horrendum
1193 5219 1399 5288 incendium
1449 5227 1572 5283 natore
1585 5212 1787 5284 studiorum
1803 5227 1838 5286 et
1853 5217 2106 5284 manuductore
2121 5239 2210 5307 opus
2226 5238 2313 5291 esse.
2341 5217 2431 5290 ,lta-

419 5341 532 5402 anno,
557 5329 597 5387 ut
618 5317 713 5396 dixi,
736 5317 844 5388 altero
869 5335 909 5393 et
925 5324 1053 5395 ultimo
1076 5320 1218 5414 imperii
1234 5318 1310 5389 Titi
1329 5317 1400 5388 Ve-
1449 5338 1612 5407 querum
1630 5313 1817 5404 diligentes
1831 5337 1905 5384 esse
1920 5316 2066 5402 volunt,
2090 5320 2238 5390 sumum
2252 5343 2316 5393 suo
2334 5321 2432 5391 arbi-

419 5418 592 5510 spasiani,
619 5421 680 5513 qui
698 5430 777 5510 post
792 5442 918 5508 paucos
933 5448 1071 5496 menses
1094 5423 1168 5516 ipse
1182 5445 1324 5517 quoque
1339 5444 1401 5511 pe·
1448 5418 1517 5487 trio
1537 5410 1723 5487 authorem
1743 5416 1897 5510 aliquem
1921 5416 2086 5508 privatim
2115 5419 2325 5509 legendum,
2355 5442 2431 5490 non
2451 5451 2453 5454 ·

418 5520 491 5592 stili
506 5521 606 5592 febre
620 5522 795 5592 extinctus
810 5533 877 5604 est,
899 5524 963 5615 qui
977 5527 1043 5619 init
1061 5548 1177 5596 annus
1198 5537 1277 5616 post
1292 5516 1401 5593 Chri·
1448 5541 1552 5611 quem
1569 5519 1709 5588 ratioet
1725 5520 1813 5588 ordo
1831 5518 2031 5590 studiorum
2045 5523 2265 5612 postulabat,
2290 5522 2351 5591 sed
2367 5520 2431 5613 qui

419 5623 463 5694 sti
478 5623 629 5693 natalem
646 5619 904 5713 octuagesimus
926 5631 1118 5712 secundos,
1142 5626 1265 5697 aetatis
1281 5638 1398 5695 antem
1448 5619 1486 5689 io
1503 5621 1699 5712 praesentia
1717 5621 1948 5692 iucunditatis
1962 5622 2098 5716 aliquid
2114 5623 2241 5711 afferre
2255 5619 2434 5690 existima-

417 5720 548 5809 Plinii,
575 5739 615 5795 ut
637 5725 772 5795 dictum
794 5735 863 5809 est,
888 5739 1005 5798 sextus
1027 5740 1062 5800 et
1075 5726 1399 5822 quinquagesimus,
1447 5734 1518 5794 tur.
1570 5718 1659 5793 Eius
1680 5722 1738 5792 vix
1759 5723 1845 5793 dum
1869 5723 1961 5793 bene
1982 5722 2130 5813 inspecti
2164 5719 2304 5810 obrepit
2331 5718 2433 5791 lasti·

418 5836 453 5896 et
469 5823 724 5898 climactericos
736 5840 894 5899 octavus.
1447 5825 1560 5912 dium,
1586 5823 1768 5920 quaeritur
1782 5847 1823 5894 ex
1838 5819 1938 5895 theca
1954 5823 2099 5893 libraria
2115 5820 2206 5891 alius
2224 5819 2346 5910 codex,
2360 5820 2434 5894 iam
