6025 6775
492 767 567 843 875

1035 760 1194 839 DECI..
1227 758 1301 835 DE
1332 753 1521 834 DICTO
1559 762 1578 830 t
1608 750 1878 832 PARALlP.
1908 754 2006 835 17(

2426 767 2501 839 876

495 925 596 1034 ptum
611 949 732 1007 contra
749 928 923 1003 Ecclesias
936 943 1085 1017 nostras,
1110 935 1204 1026 quod
1219 945 1319 1019 extat,
1343 933 1472 1025 inquo
1522 939 1769 1020 peccatorum,
1793 938 1945 997 mortem
1969 940 2003 998 et
2025 928 2224 1001 ineffabiles
2243 931 2383 1003 dolores
2397 938 2502 1008 susti·

497 1060 655 1131 expresse
677 1035 779 1103 dicit:
812 1032 951 1117 Patres,
975 1027 1112 1118 Adam,
1136 1030 1335 1118 Abrabam,
1358 1031 1472 1104 Davi·

497 1144 578 1211 dem
606 1151 640 1206 et
660 1129 872 1223 Prophetas,
907 1156 980 1202 non
1005 1134 1108 1205 aliam
1127 1135 1195 1207 Dei
1215 1135 1383 1205 noticiam
1405 1128 1473 1201 ha·

497 1240 635 1322 boisce,
674 1257 778 1325 quam
811 1233 951 1324 qualem
980 1228 1181 1307 habuerunt
1209 1230 1413 1327 Xenophon
1438 1245 1472 1302 et

497 1338 634 1409 Cicero.
683 1331 758 1400 Hos
776 1335 870 1402 enim
886 1334 1066 1420 nominat,
1089 1338 1152 1430 qui
1172 1359 1316 1428 prorsus
1330 1337 1473 1426 ignora-

499 1450 627 1507 verunt
644 1432 911 1524 promissionem
928 1437 1179 1528 redemptoris,
1198 1453 1233 1509 et
1253 1450 1391 1509 tantum
1405 1430 1473 1504 ha·

498 1540 652 1606 buerunt
673 1533 930 1627 qualiacunque
950 1535 1037 1625 legis
1058 1539 1215 1627 vestigia.
1273 1537 1344 1607 Hie
1364 1536 1475 1606 Lato-

498 1656 576 1703 mus
590 1634 771 1725 aliquanto
788 1650 865 1725 post
880 1636 1052 1722 moriens,
1076 1639 1197 1708 triduo
1220 1651 1302 1709 ante
1323 1651 1475 1706 mortem

499 1733 606 1802 iacuit
649 1730 813 1805 horribili
829 1737 964 1824 mugitu
979 1738 1180 1827 significans
1196 1763 1278 1809 suos
1292 1738 1477 1820 eruciatus,

499 1846 533 1903 et
550 1788 746 1902 exclamans
764 1835 962 1922 interdum,
994 1861 1030 1906 se
1057 1841 1227 1907 scientem
1248 1837 1390 1909 veritati
1413 1838 1476 1907 ad-

497 1947 671 2003 versatum
694 1958 787 2018 esse,
811 1950 851 2005 ut
875 1937 1064 2027 pontificiis
1086 1940 1249 2033 tyrannis
1270 1951 1408 2030 gratum
1423 1938 1477 2008 fa-
1543 1982 1553 1998 ·

499 2050 600 2104 cerei.

598 2187 700 2257 Hanc
730 2184 914 2257 historiam
943 2211 1062 2258 veram
1093 2213 1166 2259 esse
1202 2192 1305 2261 multi
1334 2206 1479 2277 norunt,

499 2313 607 2382 quam
627 2313 668 2356 eo
691 2312 946 2373 commemoro,
979 2304 1018 2359 ut
1039 2286 1156 2360 hostes
1176 2291 1240 2359 lilii
1256 2292 1339 2377 Dei,
1366 2292 1478 2361 Tam-

499 2413 637 2472 merus,
661 2384 868 2481 Staphylus,
894 2402 926 2458 et
947 2390 1103 2475 similes,
1127 2386 1195 2461 hoc
1215 2395 1375 2484 exemplo
1398 2417 1477 2461 mo·

500 2491 585 2572 niti',
609 2488 782 2560 iudicium
796 2488 862 2560 Dei
885 2504 1054 2564 metuant.

601 2637 751 2729 Scripsit
784 2642 905 2709 eadem
927 2638 1156 2724 Tammerns,
1188 2666 1277 2734 quae
1296 2642 1478 2730 Lato'mus,

503 2756 537 2809 et
560 2742 802 2809 confusionem
824 2739 978 2830 gentium
1002 2755 1036 2810 et
1051 2737 1227 2811 Ecclesiae
1244 2744 1346 2829 facit,
1376 2745 1479 2835 lingit

502 2842 705 2928 allegoriam
730 2844 772 2908 de
785 2839 946 2924 Christo,
978 2842 1027 2912 ait
1049 2865 1130 2910 eum
1153 2865 1226 2911 esse
1247 2843 1333 2933 legis
1346 2869 1480 2914 vocem.

503 2942 684 3013 Adversus
701 2938 764 3009 has
779 2937 1013 3032 blasphemias
1029 2955 1209 3012 teneamus
1226 2967 1307 3013 vera
1322 2945 1480 3017 testimo·

503 3045 584 3127 nia,
610 3046 653 3111 de
667 3045 803 3112 duabus
819 3043 952 3111 naturis
967 3043 1006 3110 in
1019 3038 1161 3114 Christo
1175 3057 1259 3114 nato
1275 3069 1317 3114 ex
1332 3047 1479 3135 virgine,

503 3159 543 3216 ut
560 3144 734 3216 invocatio
752 3148 795 3212 ad
811 3168 890 3213 eum
906 3144 951 3213 sit
965 3144 1068 3212 firma
1082 3158 1116 3213 et
1130 3146 1275 3229 ardens,
1300 3158 1334 3215 et
1348 3161 1480 3218 statua·

502 3269 581 3316 mus
597 3270 678 3314 vere
697 3269 761 3314 nos
776 3247 820 3314 ab
835 3270 875 3314 eo
892 3245 1067 3328 exaudiri,
1088 3246 1177 3314 sicut
1193 3246 1326 3337 inquit:
1355 3246 1481 3319 Venite

504 3350 548 3420 ad
573 3370 629 3416 me
652 3369 793 3430 omnes,
829 3348 890 3439 qui
914 3346 1080 3417 laboratis
1104 3358 1139 3415 et
1159 3347 1421 3436 auterannus,
1447 3362 1482 3421 et

503 3474 567 3539 ego
583 3449 735 3516 reficiam
753 3472 827 3520 vos.
859 3447 1060 3519 Redeamus
1077 3448 1185 3537 igitur
1199 3450 1244 3516 ad
1261 3449 1394 3520 dictum
1409 3452 1482 3522 Da-

502 3549 612 3634 vidis,
640 3563 672 3618 et
689 3550 772 3618 inde
786 3549 1042 3619 consolationes
1066 3572 1246 3620 sumanus.

605 3698 745 3793 Aspicis
757 3725 830 3784 rne,
856 3700 983 3790 inquit.
1017 3698 1069 3768 lta
1088 3698 1218 3786 singuli
1233 3698 1277 3766 ad
1296 3722 1376 3767 eum
1393 3727 1481 3770 con-

502 3805 685 3894 fugientes,
703 3804 809 3893 aspici
826 3825 896 3871 sea
913 3802 984 3870 filio
994 3797 1058 3869 Dei
1075 3822 1154 3867 vere
1171 3812 1335 3871 statuant.
1360 3800 1480 3873 Sciant

503 3930 576 3976 esse
594 3908 893 3995 omnipotentem,
918 3927 956 3972 ac
974 3900 1103 3972 intueri
1118 3900 1278 3969 cordium
1295 3903 1455 3991 gemitus.

579 4055 718 4125 Deinde
733 4055 880 4122 sciamus
895 4078 959 4123 nos
972 4053 1108 4146 placide
1122 4065 1155 4122 et
1169 4053 1358 4123 clementer
1373 4056 1479 4147 aspici

504 4176 537 4233 et
561 4158 666 4249 erigi,
693 4156 774 4252 quia
794 4151 852 4223 hie
874 4155 967 4224 filius
988 4155 1093 4225 nobis
1117 4156 1270 4224 donatus
1285 4169 1355 4236 est,
1380 4174 1420 4230 ut
1434 4161 1480 4229 sit

502 4263 691 4347 mediator,
718 4283 762 4327 ne
779 4259 815 4326 in
830 4280 896 4324 nos
909 4257 960 4324 ira
975 4258 1045 4327 Dei
1061 4257 1278 4341 effundatur,
1304 4258 1391 4331 sicut
1407 4261 1480 4354 ipse

501 4366 632 4461 inquit:
659 4365 739 4436 Non
758 4360 852 4429 misit
871 4358 970 4426 Deus
984 4358 1096 4425 filium
1120 4357 1276 4426 suumin
1292 4364 1479 4448 mundum,

501 4481 540 4537 ιιι
566 4471 696 4541 iudicet
721 4465 915 4544 mundum,
938 4461 998 4528 sed
1023 4470 1063 4526 ut
1081 4459 1234 4527 salvetur
1250 4463 1402 4532 mundus
1419 4488 1481 4554 per

502 4588 591 4640 euin.

605 4713 681 4803 lpse
698 4735 746 4788 est
763 4714 1008 4788 umbraculum
1024 4726 1143 4791 tuum,
1169 4734 1214 4780 ne
1235 4711 1287 4780 ira
1304 4709 1371 4780 Dei
1392 4737 1479 4782 con·

502 4815 661 4882 snmaris.
714 4817 766 4886 Ac
790 4819 976 4904 diligenter
998 4817 1207 4882 immoretur
1229 4812 1392 4899 cogitatio
1413 4839 1479 4881 no-

504 4930 572 4983 stra
590 4915 925 5008 verhoAspiciendi,
952 4930 985 4983 et
1000 4934 1240 5003 agnoscamus,
1266 4914 1478 4983 immensum

501 5013 708 5086 beneficium
728 5045 819 5102 esse,
847 5016 940 5112 quod
958 5009 1016 5086 hie
1032 5009 1208 5086 Dominus
1223 5039 1304 5085 vere
1328 5040 1393 5084 nos
1411 5018 1478 5083 mi-

499 5140 593 5187 seros
608 5120 750 5209 aspicit,
778 5133 895 5199 curat,
919 5143 958 5189 ac
976 5118 1127 5211 protegit
1142 5140 1224 5200 nos,
1250 5143 1322 5187 non
1340 5132 1475 5188 tantum

500 5223 537 5288 in
559 5225 807 5290 communibus
829 5235 973 5291 naturae
996 5219 1181 5311 periculis,
1203 5223 1262 5288 sed
1290 5220 1394 5290 etiam
1411 5221 1476 5289 ad·

499 5343 618 5390 versus
633 5332 800 5411 tyrannos
817 5333 851 5386 et
866 5321 1036 5393 diabolos.
1088 5315 1227 5384 Deinde
1243 5333 1276 5386 et
1301 5323 1337 5388 in
1365 5336 1476 5391 morte

496 5436 611 5493 servat
627 5445 708 5500 nos,
736 5447 780 5489 ne
794 5421 1038 5506 opprimamur
1054 5417 1205 5483 aeternis
1224 5419 1338 5489 malis.
1391 5423 1475 5492 ideo

496 5527 628 5621 inquit:
653 5523 765 5592 Nemo
782 5517 895 5606 rapiet
910 5540 991 5586 oves
1007 5537 1101 5583 meas
1118 5536 1157 5579 ex
1174 5517 1337 5586 manibus
1353 5525 1449 5596 meis,

1524 1040 1634 1101 neret.

1623 1172 1915 1267 Contemplemur
1937 1178 2136 1268 nosipsos,
2163 1202 2271 1271 quam
2294 1182 2440 1250 foedum
2461 1181 2505 1249 sit

1522 1276 1762 1369 spectaculum
1778 1278 1937 1353 cadaver.
1967 1277 2068 1348 Talis
2085 1293 2135 1351 est
2150 1273 2209 1348 hic
2225 1273 2403 1350 Dominus
2418 1304 2507 1371 pen·

1522 1380 1612 1447 dens
1633 1378 1672 1446 in
1695 1401 1818 1464 cruce,
1851 1392 1886 1449 et
1907 1378 2065 1449 abiectus
2087 1380 2126 1448 in
2156 1373 2393 1471 sepulchrum.
2447 1379 2508 1449 Fit

1524 1477 1653 1547 similis
1667 1479 1800 1549 nostris
1814 1479 2055 1554 cadaveribus.
2106 1480 2165 1551 Sic
2180 1482 2330 1550 induens
2344 1491 2505 1547 nostram

1524 1579 1693 1660 formam,
1725 1602 1792 1650 nos
1808 1579 1947 1673 aspicit.
2006 1581 2078 1651 Sed
2101 1582 2187 1651 dum
2206 1582 2248 1657 tit
2266 1583 2414 1650 cadaver
2440 1590 2505 1648 tuo

1525 1679 1658 1764 simile,
1682 1679 1791 1750 simul
1813 1694 1864 1751 est
1883 1678 1981 1751 Deus
2006 1675 2155 1767 lehova,
2193 1696 2227 1752 et
2250 1694 2312 1752 tuo
2343 1680 2504 1749 cadaveri

1525 1781 1643 1852 reddit
1659 1781 1783 1867 vitam,
1798 1795 1834 1852 et
1850 1782 1995 1875 quidem
2008 1782 2193 1855 liberatam
2208 1805 2228 1852 a
2245 1794 2394 1873 peccato,
2408 1804 2504 1848 mor-

1524 1893 1576 1966 te,
1599 1895 1634 1952 et
1651 1884 1819 1953 omnibus
1831 1883 2020 1957 aerumnis.
2074 1880 2121 1954 Et
2136 1879 2220 1954 haec
2241 1895 2360 1954 nostra
2375 1882 2506 1971 turpis-

1525 2004 1613 2051 sima
1628 1983 1816 2068 cadavera,
1842 1978 1910 2052 hoc
1924 1980 2082 2054 Domino
2106 2007 2206 2054 suam
2227 1988 2376 2054 formam
2402 1982 2506 2050 nobis

1526 2083 1704 2157 tribuente
1757 2084 1847 2154 fiunt
1869 2085 2000 2174 templa
2022 2101 2057 2156 et
2080 2086 2262 2155 domicilia
2277 2083 2343 2156 Dei
2369 2083 2407 2151 in
2430 2093 2504 2151 tota

1528 2183 1742 2254 aeternitate.
1792 2184 1873 2254 Non
1887 2198 2002 2274 potest
2014 2186 2125 2256 ullius
2138 2200 2319 2257 creaturae
2332 2185 2501 2276 eloquen-

1528 2285 1578 2353 tia
1605 2284 1706 2374 pingi
1731 2278 1817 2352 haee
1846 2280 2028 2356 antithesis
2052 2288 2187 2356 formae
2215 2284 2391 2364 hominis,
2422 2308 2504 2354 cum

1527 2379 1693 2454 Christus
1715 2383 1755 2453 bt
1778 2385 1923 2453 cadaver
1936 2387 2039 2455 nobis
2056 2388 2191 2472 simile,
2219 2402 2253 2457 et
2269 2410 2335 2456 nos
2351 2384 2505 2454 vicissim

1527 2484 1715 2553 induimur
1728 2484 1842 2554 forma
1863 2487 2073 2573 resurgentis
2084 2484 2228 2562 Christi.
2280 2485 2368 2575 Vult
2387 2500 2507 2555 tamen

1528 2580 1623 2653 Deus
1638 2584 1742 2653 initia
1758 2581 1865 2654 huius
1880 2608 1962 2654 suae
1976 2586 2163 2675 sapientiae
2173 2602 2207 2658 et
2229 2588 2397 2658 bonitatis
2409 2585 2506 2672 cogi·

1528 2683 1615 2764 tari,
1641 2698 1675 2755 et
1696 2680 1763 2753 hac
1787 2685 2000 2773 cogitatione
2020 2687 2135 2755 lucem
2158 2712 2254 2759 suem
2269 2689 2307 2757 in
2323 2688 2429 2757 nobis
2445 2708 2504 2753 ae-

1529 2784 1658 2855 cendit.

1629 2928 1812 3003 Praeterea
1828 2933 1980 3000 formam
1995 2946 2153 3002 nostram
2171 2932 2301 3017 induit,
2325 2957 2402 3003 curn
2421 2957 2505 3024 pro-

1528 3042 1658 3102 stratus
1674 3056 1793 3102 coram
1807 3046 1949 3102 aeterno
1962 3045 2072 3124 patre,
2096 3047 2132 3104 et
2149 3036 2328 3103 sustinens
2341 3034 2428 3103 iram
2437 3032 2505 3101 Dei

1530 3133 1677 3203 effusam
1690 3137 1729 3202 in
1742 3157 1823 3202 eum
1839 3147 1984 3224 propter
1998 3150 2118 3205 nostra
2131 3148 2283 3226 peecata,
2308 3137 2411 3204 sudat
2425 3155 2507 3201 san·

1531 3235 1687 3323 guinem.
1738 3228 1838 3303 Nihil
1852 3234 1987 3303 tristius
2000 3231 2066 3303 hac
2084 3238 2197 3304 forma
2222 3236 2368 3325 cogitari
2383 3247 2508 3325 potest.

1532 3335 1603 3406 Sed
1626 3330 1720 3405 hane
1740 3335 1878 3418 induit,
1901 3348 1943 3406 ut
1965 3329 2081 3433 λύτρα
2102 3359 2167 3428 pro
2190 3337 2294 3407 nobis
2310 3336 2439 3418 solvat,
2463 3336 2508 3404 sit

1532 3440 1736 3526 redemptor
1750 3453 1785 3508 et
1799 3440 2016 3527 deprecator,
2031 3439 2120 3509 sicut
2137 3439 2303 3529 scriptum
2321 3451 2386 3507 est:
2411 3432 2505 3504 Eum

1532 3537 1682 3630 quinon
1697 3538 1796 3606 novit
1808 3552 1987 3627 peccatum
2001 3539 2083 3608 serit
2096 3553 2288 3630 peccatum,
2302 3553 2341 3608 ut
2357 3559 2420 3606 not
2442 3536 2506 3604 ba·

1532 3662 1609 3707 mus
1625 3638 1761 3706 iusticia
1771 3636 1839 3705 Dei
1858 3638 1896 3703 in
1912 3638 1999 3725 ipso.
2025 3637 2125 3706 Sicut
2139 3639 2258 3707 induit
2274 3640 2423 3707 formam
2441 3632 2508 3705 ho-

1532 3737 1655 3817 minis,
1688 3751 1729 3807 ut
1763 3736 1862 3802 inse
1893 3756 2024 3826 poenas
2054 3748 2256 3804 nostrorum
2284 3751 2508 3825 peccatorum
2563 3743 2566 3748 ’

1531 3839 1734 3916 transferat,
1758 3834 1864 3904 nobis
1877 3858 1960 3903 vero
1975 3834 2084 3904 donet
2097 3856 2197 3905 suam
2221 3835 2387 3918 sormam,
2413 3857 2506 3925 quae

1530 3952 1582 4010 est
1598 3937 1734 4010 insticia
1744 3934 1825 4022 Dei,
1845 3949 1878 4006 et
1892 3935 1964 4005 vita
1978 3935 2125 4006 liberata
2140 3959 2160 4006 a
2175 3950 2312 4028 peccato
2329 3948 2363 4004 et
2377 3936 2504 4005 morte.

1601 4143 1605 4149 .
1630 4086 1709 4162 Etsi
1728 4101 1845 4159 autem
1867 4088 2073 4183 magnitudo
2089 4083 2215 4160 barum
2232 4112 2350 4160 rerum
2366 4100 2508 4179 superat

1531 4190 1690 4262 omnium
1711 4203 1950 4260 creaturarum
1967 4190 2191 4281 sapientiam:
2214 4206 2332 4263 tamen
2348 4191 2507 4259 divinam

1531 4317 1653 4364 vocem
1675 4289 1858 4362 audiamus
1883 4286 1967 4362 haec
1990 4293 2191 4380 docentem,
2216 4310 2251 4365 et
2263 4293 2355 4362 veris
2368 4290 2506 4379 gemiti-

1532 4399 1599 4467 bus
1618 4407 1794 4486 petamus,
1819 4408 1860 4465 ut
1879 4393 2058 4464 illucescat
2077 4397 2253 4466 mentibus
2273 4395 2405 4463 nostris
2423 4416 2507 4462 vera

1531 4496 1595 4565 filii
1609 4494 1677 4564 Dei
1690 4495 1835 4584 agnitio,
1850 4496 1912 4587 qni
1929 4489 2037 4563 iubis
2052 4496 2124 4568 suis
2140 4497 2325 4567 doloribus
2340 4519 2414 4564 non
2426 4508 2508 4566 tan-

1532 4613 1607 4668 tum
1622 4610 1674 4665 est
1688 4596 1887 4687 exemplum
1901 4596 2106 4687 patientiae,
2130 4601 2192 4667 sed
2215 4612 2268 4669 est
2291 4598 2505 4687 redemptor.

1530 4699 1681 4788 Propter
1696 4720 1761 4766 nos
1778 4698 1869 4768 iram
1882 4699 2016 4767 aeterni
2030 4699 2137 4789 patris
2152 4701 2317 4781 sustinet,
2343 4710 2377 4767 et
2388 4689 2507 4794 λύτρα

1530 4800 1653 4883 solvit,
1677 4821 1717 4867 ac
1739 4798 1844 4867 nobis
1866 4813 2020 4869 meretur
2039 4800 2302 4885 liberationem,
2334 4799 2426 4868 sicut
2449 4800 2509 4868 in·

1531 4901 1609 4995 quit
1623 4898 1771 4969 Paulus:
1798 4898 1977 4971 luctificati
1994 4903 2163 4992 sanguine
2179 4903 2297 4993 ipsius.
2340 4896 2389 4970 Et
2404 4900 2509 4970 alibi:

1532 5003 1589 5072 Τιι
1603 5002 1641 5071 in
1658 5003 1828 5091 sanguine
1843 5004 2040 5072 testamenti
2056 5006 2109 5073 tui
2127 5007 2251 5075 educes
2266 5004 2406 5074 vinctos
2428 5016 2507 5074 tuos

1530 5108 1573 5174 de
1591 5105 1688 5188 lacu,
1713 5104 1751 5171 in
1770 5127 1841 5195 quo
1860 5126 1933 5172 non
1949 5117 2001 5172 est
2017 5128 2119 5195 aquia.

1631 5254 1733 5326 Hanc
1749 5267 1858 5324 totam
1873 5255 2080 5345 sapientiam
2096 5255 2397 5351 ridentEpicnrei,
2421 5252 2503 5323 Ma-

1527 5358 1713 5443 homeh‘ci,
1734 5354 1911 5441 Fanatici,
1937 5351 2133 5443 Pharisaei,
2158 5359 2355 5443 Pontibeii,
2378 5359 2504 5427 adver-

1528 5488 1587 5533 sus
1609 5483 1760 5555 quorum
1785 5453 2019 5550 blasphemias
2036 5460 2194 5530 doctrina
2211 5487 2276 5531 nos
2294 5461 2506 5536 muniamus,

1527 5578 1560 5635 et
1583 5565 1627 5632 ab
1650 5563 1726 5653 ipso
1751 5561 1824 5629 filio
1840 5558 1909 5629 Dei
1932 5560 2133 5630 confirmari
2155 5586 2221 5632 nos
2244 5577 2423 5653 petamus,
2447 5561 2506 5631 cui

596 5677 733 5749 Deinde
759 5680 931 5769 quantum
956 5679 1025 5749 est,
1061 5662 1155 5755 quod
1189 5686 1253 5730 nos
1280 5670 1404 5755 aspicit
1436 5678 1473 5743 in
1525 5665 1653 5753 gratias
1668 5684 1829 5752 agamus,
1854 5674 1894 5731 ut
1908 5659 2125 5749 agitDavid,
2149 5666 2242 5753 quod
2261 5689 2327 5734 nos
2343 5666 2381 5733 in
2395 5667 2509 5735 forma

494 5781 606 5849 forma
625 5777 796 5852 hominis?
822 5771 944 5844 lnduit
958 5763 1149 5840 humanam
1168 5777 1328 5832 naturam
1347 5770 1406 5852 ita,
1434 5791 1473 5845 ut
1526 5762 1680 5832 hominis
1697 5761 1838 5851 aspicit,
1863 5762 1957 5854 quod
1975 5776 2119 5855 propter
2141 5787 2206 5832 nos
2223 5765 2341 5837 induit
2356 5788 2508 5838 massam

491 5902 571 5948 cum
588 5900 675 5954 esset
689 5887 763 5955 sine
778 5890 938 5976 peccato,
975 5891 1091 5947 tamen
1115 5887 1246 5960 poenas
1269 5881 1471 5941 nostrornm
1526 5879 1672 5936 naturae
1687 5875 1837 5946 nostrae,
1864 5863 1959 5955 quod
1973 5861 2084 5936 iactus
2099 5876 2150 5935 est
2166 5867 2381 5964 redemptor,
2407 5873 2505 5964 quod
