6025 6775
1148 674 1410 756 PHILIPPI
1438 675 1896 760 munster-Holus.
2353 740 2361 754 ι
2473 700 2549 777 stt

1636 921 1638 932 .
1664 853 1721 929 16.
1754 854 1795 927 si
1810 878 1951 927 necesse
1965 867 2018 927 est
2033 878 2176 928 manere
2191 854 2410 952 Decalogum
2434 869 2546 947 donee

513 957 657 1054 (XIX.)
682 961 797 1035 Atto'
813 956 1107 1049 disputative
1129 952 1502 1053 dendropotionele-
1556 967 1683 1026 natura
1699 973 1839 1043 manet,
1865 959 1968 1029 facile
1989 958 2143 1050 intelligi
2166 975 2303 1054 potest,
2326 961 2544 1061 Decalogom

679 1068 760 1162 pia.
803 1064 908 1148 (Opp.
932 1059 1027 1125 Besil.
1044 1057 1084 1125 Τ.
1100 1056 1161 1131 111.
1186 1084 1220 1147 p.
1236 1064 1329 1145 323.)
1390 1055 1398 1066 '
1553 1081 1628 1127 non
1644 1079 1717 1128 esse
1731 1062 1952 1150 abrogatum.

1330 1195 1337 1256 ;
1657 1158 1716 1233 17.
1755 1160 1878 1255 Itaque
1900 1185 1975 1233 nou
1991 1156 2188 1254 Deculogus
2211 1170 2273 1238 sed
2290 1170 2423 1243 exactio
2439 1173 2542 1246 iusti-

514 1249 638 1338 Vetus
655 1260 920 1331 Testamentum
935 1254 1070 1326 dicitur
1088 1253 1146 1324 lex
1160 1251 1278 1343 Moti,
1300 1257 1384 1351 quia
1400 1260 1499 1351 prius
1551 1259 1725 1332 ficationis
1740 1286 1804 1355 per
1820 1262 2036 1355 Decalogum
2053 1264 2219 1356 abrogata
2236 1283 2306 1355 cst,
2332 1273 2439 1345 etius
2454 1299 2542 1346 con·

514 1368 667 1437 revelata
693 1373 743 1431 est
763 1382 843 1430 cum
864 1353 1012 1451 publico
1034 1356 1238 1429 testimonio
1254 1382 1361 1454 quam
1375 1357 1499 1434 Evau·
1551 1363 1745 1434 demnandi
1769 1361 1950 1437 homines:
1983 1389 2058 1436 non
2081 1368 2177 1438 enim
2199 1369 2367 1444 iustificat
2386 1355 2540 1448 Decalo-

513 1468 652 1557 gelium·
891 1495 893 1500 ·
1536 1484 1632 1553 ¹gos,
1658 1468 1719 1537 sed
1737 1468 1810 1539 sola
1827 1468 1912 1538 bdes
1926 1468 1965 1538 in
1981 1461 2177 1545 Christum.

497 1663 499 1668 .
610 1566 646 1640 2.
691 1561 836 1644 Novum
866 1560 1136 1634 Testamentum
1166 1571 1219 1632 εει
1247 1555 1497 1653 Evangelium,
1651 1566 1712 1643 ts.
1744 1566 1892 1641 Necesse
1918 1584 1970 1641 est
1991 1569 2101 1660 igitur
2122 1570 2200 1642 beri
2214 1571 2451 1666 Decalogum,
2471 1578 2536 1650 etsi

508 1667 593 1764 quia
615 1665 681 1737 etsi
695 1661 933 1755 Evangelium
956 1662 1004 1734 ab
1026 1660 1132 1731 initio
1155 1661 1285 1741 muudi
1300 1665 1495 1736 revelatum
1548 1688 1623 1737 uon
1639 1665 1821 1757 iustificat,
1846 1695 1950 1744 nemo
1966 1670 2061 1742 enim
2076 1670 2213 1763 implet.

506 1772 600 1856 luit,
631 1780 750 1840 tamen
781 1766 845 1839 illa
873 1764 1042 1836 revelatio
1066 1762 1136 1834 fuit
1163 1763 1259 1857 apu'd
1279 1786 1428 1855 paucos,
1461 1763 1496 1840 et
1651 1768 1710 1842 19.
1743 1767 1793 1842 Et
1815 1772 1854 1841 in
1879 1766 1935 1843 bis
1956 1786 2095 1845 tantum
2111 1775 2279 1866 abrogata
2301 1789 2353 1849 est
2374 1779 2450 1866 lex,
2471 1783 2534 1876 qui

507 1869 744 1961 Evangelium
769 1867 911 1961 publice
933 1888 1095 1958 sparsum
1118 1875 1171 1935 est
1191 1864 1232 1934 in
1256 1876 1373 1938 totum
1387 1891 1496 1939 mun-
1546 1869 1616 1939 lide
1639 1867 1678 1938 in
1693 1865 1878 1942 Christum
1898 1874 2062 1946 vicerunt
2079 1874 2210 1966 legem,
2237 1900 2327 1972 quae
2349 1883 2533 1955 accusabat

509 1976 615 2059 dum,
639 1972 744 2062 longe
760 1983 840 2062 post
854 1970 1042 2041 revelatam
1065 1965 1183 2057 legem*
1196 1964 1303 2043 Moti.
1547 1983 1582 2043 et
1596 1973 1751 2043 terrebat
1763 1973 2006 2049 conscientias.

607 2068 644 2151 8.
686 2072 762 2144 Lex
782 2094 921 2164 semper
943 2072 1049 2142 duret
1078 2069 1124 2141 ab
1154 2066 1260 2141 initio
1289 2069 1419 2139 mundi
1447 2068 1493 2139 ad
1645 2072 1712 2145 20.
1741 2070 1797 2146 Ιιε
1818 2074 1874 2144 lex
1897 2075 1966 2146 luit
1980 2077 2147 2166 abrogata
2164 2100 2303 2171 semper
2325 2084 2453 2155 sanctis
2467 2107 2533 2177 pa·

505 2177 625 2247 finem.
1545 2173 1681 2257 tribue,
1706 2174 1881 2263 videlicet,
1904 2177 1988 2270 quia
2006 2178 2074 2246 fide
2087 2178 2368 2254 liberabantura
2384 2187 2531 2256 terrori-

611 2275 647 2351 4.
677 2271 829 2350 Etiamsi
842 2272 931 2347 certi
943 2271 1089 2367 quidam
1111 2292 1228 2341 mores
1243 2266 1396 2340 Mosaici
1415 2292 1492 2340 nou
1544 2275 1611 2346 bus
1626 2274 1724 2364 legis,
1750 2290 1785 2347 et
1797 2278 1996 2352 sentiebant
2010 2300 2046 2351 εε
2061 2279 2130 2350 fide
2146 2280 2260 2351 iustos
2272 2284 2429 2375 reputari
2444 2310 2531 2377 pro·

506 2382 654 2464 durant,
686 2380 749 2472 qui
779 2380 924 2450 luerunt
955 2371 1110 2444 instituti
1141 2371 1186 2441 ad
1216 2370 1490 2442 discernendum
1541 2388 1622 2467 pter
1635 2371 1831 2449 Christum.

506 2483 611 2553 illum
626 2481 797 2574 populum
811 2481 856 2567 ab
879 2478 957 2549 aliis
973 2472 1151 2566 gentibus.
1640 2479 1703 2549 21.
1743 2477 1874 2552 Politia
1897 2479 2007 2553 Moisi
2037 2480 2120 2553 ideo
2144 2506 2219 2555 non
2247 2496 2301 2557 est
2323 2489 2530 2574 necessaria,

612 2579 648 2653 ὅ.
680 2579 794 2654 Durat
810 2595 928 2653 tamen
943 2573 1140 2662 Decalogus
1156 2569 1306 2663 scriptus
1328 2570 1368 2640 in
1385 2593 1488 2641 men·
1540 2577 1624 2673 qnia
1639 2579 1745 2651 nobis
1758 2606 1833 2653 non
1849 2595 1901 2655 est
1917 2585 1999 2656 data
2021 2582 2079 2655 lex
2094 2581 2204 2673 Mosi,
2226 2587 2289 2658 sed
2307 2598 2445 2659 tautum
2462 2612 2529 2683 po-

506 2685 604 2757 tibus
618 2678 813 2755 homiuum.
861 2678 1012 2750 Manent
1026 2686 1060 2747 et
1073 2673 1168 2767 apud
1184 2694 1251 2744 nos
1262 2684 1405 2747 nostrae
1419 2697 1488 2747 πο-
1538 2681 1625 2772 pulo
1641 2678 1762 2754 lsra‘el.

503 2780 645 2859 1ετείαι.
1640 2783 1702 2856 22.
1743 2782 1845 2856 Sicut
1868 2784 1977 2874 igitur
1997 2798 2114 2878 patres
2133 2788 2347 2860 tenebantur
2359 2811 2421 2863 sua
2434 2790 2528 2883 poli-
2620 2809 2631 2826 ‘

603 2888 640 2960 6.
672 2884 747 2956 Lex
762 2906 837 2955 nou
850 2880 931 2952 ideo
954 2881 1077 2964 durat,
1103 2876 1187 2969 quia
1203 2873 1299 2947 Moti
1320 2877 1403 2947 data
1423 2887 1488 2961 est,
1537 2881 1605 2969 tia,
1629 2882 1678 2952 ita
1695 2905 1760 2953 nos
1775 2886 1906 2955 uostris
1928 2898 2103 2961 tenemur.

504 2993 563 3063 sed
578 2990 664 3086 quia
680 2985 856 3057 divinitus
871 2984 910 3050 in
927 2980 1056 3051 animis
1068 2978 1199 3070 scripta
1216 2991 1280 3051 εει.
1636 2983 1701 3057 25.
1726 2980 1774 3055 Ει
1789 2997 1908 3054 tamen
1922 2985 2016 3057 sicut
2028 3000 2146 3079 patres
2159 3010 2234 3057 non
2247 3001 2331 3060 suut
2346 2987 2525 3063 iustificati

597 3090 639 3170 ,7.
685 3088 810 3182 ltaque
842 3086 955 3154 donec
983 3093 1104 3153 manet
1132 3074 1321 3151 bominum
1348 3090 1485 3164 natura,
1537 3108 1655 3158 coram
1672 3081 1754 3156 Deo
1777 3107 1839 3155 sua
1864 3085 2008 3175 politia,
2033 3088 2084 3160 itu
2102 3110 2169 3158 nos
2192 3110 2268 3158 noo
2291 3088 2524 3163 iustificamur

502 3208 621 3284 manet
645 3192 715 3276 lex.
1537 3210 1656 3260 coram
1668 3187 1750 3258 Deo
1771 3198 1893 3272 nostra
1914 3187 2052 3277 politia.

546 3323 552 3334 .
604 3295 640 3368 8.
671 3292 748 3366 Lex
763 3286 876 3361 Moisi
898 3281 1015 3357 nihilo
1036 3283 1148 3375 magis
1160 3283 1206 3354 ad
1229 3304 1297 3351 uos
1320 3280 1486 3373 pertinet,
1632 3287 1696 3364 24.
1723 3287 1925 3382 Utrumque
1944 3289 2180 3361 neceesarium
2201 3299 2272 3375 est,
2297 3304 2332 3362 et
2350 3292 2445 3363 alere
2466 3281 2536 3364 re·¹

503 3420 610 3493 quam
634 3398 726 3487 leges
746 3390 913 3476 Solonis,
945 3390 1067 3483 itaque
1097 3399 1262 3459 tenemur
1279 3384 1375 3475 lege,
1408 3406 1483 3454 non
1537 3392 1733 3463 verentiam
1762 3391 1898 3480 legum,
1938 3403 1974 3461 et
1993 3393 2180 3463 ostendere
2200 3390 2270 3481 piis
2298 3394 2523 3466 conscientiis

502 3512 650 3594 propter
661 3495 825 3577 Moiscn,
851 3493 911 3563 scd
929 3491 1012 3585 quia
1027 3489 1066 3557 in
1081 3500 1208 3580 natura
1225 3487 1354 3577 scripta
1368 3497 1432 3557 est.
1535 3494 1783 3566 liberationem
1798 3516 1818 3561 a
1834 3491 1928 3580 lege,
1952 3514 2043 3586 quae
2058 3494 2098 3565 fit
2114 3515 2178 3584 per
2192 3491 2310 3568 bdsm.

603 3598 643 3672 9.
670 3592 902 3686 Evangelium
915 3615 1054 3685 semper
1068 3594 1172 3662 durat
1185 3588 1232 3675 ab
1252 3587 1358 3658 initio
1376 3590 1484 3659 mun*
1637 3594 1699 3670 2⁶.
1736 3592 1910 3682 Virgilius
1918 3611 2020 3665 recte
2033 3594 2218 3686 descripsit
2231 3589 2416 3682 Cometes,
2440 3622 2521 3671 cum

503 3702 542 3773 di
564 3718 678 3793 usque
698 3699 745 3768 ad
764 3697 889 3781 brem,
913 3719 988 3765 non
1014 3691 1157 3812 quirin
1171 3688 1481 3781 naturascriptum
1534 3698 1599 3770 ait:
1638 3696 1713 3768 Nec
1740 3694 1811 3766 diri
1841 3694 1944 3766 toties
1971 3718 2088 3767 arsere
2115 3692 2293 3770 Cometae.
2346 3693 2519 3773 Ostendit

453 3968 459 3987 .
501 3818 567 3904 '¹²'
592 3796 1481 3990 t3.‘¹l':.‘:1²ltt‡‘ttll?¹lt..a...
1533 3796 1830 3973 {ltlitlitl
1852 3820 1928 3967 ‘ll
1943 3798 2204 3970 illiti:
2223 3798 2519 3992 ..1ῗῖεέἷάιίῗέἶέ

499 4008 611 4088 lium,
652 4004 775 4075 eadem
802 4001 872 4072 fide
896 4002 934 4069 fn
954 3995 1139 4072 Christum
1169 4006 1361 4064 venturum
1391 3990 1479 4061 “lvi
1533 4001 1826 4096 significationes,
1850 3997 1942 4069 sicut
1964 3992 2131 4070 Lucanus
2152 4000 2219 4073 ait:
2237 3993 2286 4074 Et
2310 4002 2418 4072 terris
2435 4027 2518 4075 mu·

497 4107 579 4181 lacti
594 4119 699 4194 sunt,
723 4126 794 4202 qua
809 4102 922 4175 sancti
936 4123 1033 4172 nunc
1046 4119 1188 4194 quoque
1203 4095 1292 4168 salvi
1308 4094 1409 4168 fiunt
1531 4118 1664 4180 tantem
1687 4120 1795 4192 regua
1810 4094 1994 4170 cometen.
2502 4114 2506 4122 '

600 4209 659 4281 11.
700 4206 806 4300 Legis
828 4204 1011 4295 abrogatio
1036 4224 1112 4271 uon
1135 4199 1240 4271 debet
1254 4195 1406 4285 intelligi
1432 4195 1479 4267 de
1983 4267 1986 4272 ,
2114 4220 2132 4259 0

497 4311 593 4385 civili
606 4310 699 4398 vito,
722 4309 789 4383 etsi
803 4329 927 4378 verum
941 4318 1015 4392 est,
1038 4301 1232 4374 Mosaicam
1245 4297 1407 4390 politiam
1420 4296 1478 4366 ni-
1530 4330 1655 4433 (XX)
1683 4332 1793 4405 ma
1829 4326 2121 4422 disputan-⁰3
2148 4326 2196 4401 ἡ
2220 4326 2517 4403 menatem,

496 4410 549 4486 hil
563 4414 609 4484 nd
625 4435 692 4483 llos
703 4411 896 4504 periinere·
915 4507 925 4527 .
1070 4504 1079 4523 .
1217 4502 1225 4521 ⁹
1396 4501 1405 4518 ·
1665 4438 1809 4508 diana·
1860 4434 1967 4521 (Opp.
1981 4433 2076 4500 Basti.
2092 4434 2131 4503 Τ.
2148 4432 2210 4503 ΠΙ.
2234 4460 2268 4521 p.
2284 4436 2375 4520 313.)

603 4513 663 4586 12.
692 4512 766 4584 Lex
781 4526 900 4587 tamen
914 4532 953 4579 m
966 4516 1098 4578 nostres
1116 4504 1314 4586 menoses,
1337 4513 1478 4594 tempta,

497 4629 531 4689 et
552 4636 671 4685 mores
689 4614 826 4708 politici
849 4614 895 4686 ad
917 4634 983 4682 uos
998 4607 1197 4703 pertinent,
1223 4603 1387 4677 elcivilis
1402 4605 1476 4676 vita
1528 4591 1704 4676 [libertas
1718 4597 1921 4673 Christiana
1937 4622 2014 4670 non
2036 4612 2088 4671 est
2111 4599 2258 4692 politica
2287 4613 2350 4673 ant
2370 4610 2514 4669 externa

496 4740 634 4813 semper
649 4729 701 4788 est
715 4717 886 4808 sublege.
1529 4708 1692 4792 libertas,
1717 4705 1779 4776 sed
1803 4717 1854 4775 εει
1874 4703 1982 4794 gratis
2000 4701 2147 4773 liberari
2162 4725 2182 4772 a
2196 4715 2359 4794 peccato,
2377 4724 2397 4771 a
2412 4712 2515 4790 pote·

598 4820 659 4889 id.
698 4816 777 4891 Imo
802 4820 891 4890 sicut
913 4813 999 4888 haec
1024 4824 1151 4883 natura
1173 4833 1293 4880 rerum
1317 4807 1478 4880 consistit
1529 4822 1616 4881 state
1631 4804 1798 4890 Diaboli,
1824 4818 1894 4876 eta
1916 4815 2031 4876 morte
2048 4816 2203 4878 aeterna.
2254 4802 2309 4875 De
2322 4797 2514 4873 hacliber»

499 4918 724 4993 ordinatione
760 4933 978 5012 temporum,
1017 4928 1053 4986 et
1083 4909 1334 4990 foecunditatis
1363 4924 1476 4984 terrae
1528 4923 1599 4981 tate
1612 4909 1772 5003 loquitur
1787 4900 1969 4989 Christus,
1994 4928 2075 4976 cum
2091 4905 2162 4978 ait:
2182 4902 2299 4976 sivos
2313 4902 2516 4974 filiuslibc·
2633 4920 2636 4927 ·

495 5037 605 5116 atque
626 5020 879 5104 animantium,
909 5022 958 5092 ita
987 5018 1063 5105 lege
1084 5014 1260 5094 consistit,
1282 5034 1348 5081 nec
1359 5023 1476 5101 posset
1527 5011 1678 5094 raverit,
1700 5030 1782 5077 vere
1797 5007 1902 5075 liberi
1925 5006 2035 5075 eritis.

493 5121 646 5198 retineri
660 5121 720 5193 lex
741 5122 782 5192 in
796 5124 948 5208 mundo,
973 5120 1043 5189 nisi
1060 5115 1157 5188 Deus
1178 5114 1360 5187 retineret.
1627 5108 1813 5179 Faciemus
1830 5119 1950 5176 autem
1972 5103 2127 5175 docendi
2150 5126 2254 5177 muta
2277 5104 2407 5195 gradus
2423 5127 2513 5199 qua-

530 5231 533 5238 '
598 5220 659 5300 14:
693 5223 755 5296 Sic
768 5237 952 5295 senserunt
969 5235 1003 5292 et
1018 5221 1111 5313 apud
1127 5231 1246 5309 gentes
1262 5211 1380 5303 magni
1393 5210 1475 5287 viri.
1527 5226 1620 5283 tuor.
1670 5209 1812 5281 Primus
1834 5207 1964 5296 gradus
1986 5218 2057 5291 est,
2082 5205 2236 5296 gratuita
2252 5207 2413 5279 remissio
2428 5229 2512 5298 pec-

492 5322 595 5398 Plato
608 5327 677 5398 ait:
702 5323 834 5417 Legem
849 5324 964 5398 Deum
989 5345 1074 5395 esse.
1107 5318 1207 5390 ldem
1230 5317 1322 5387 dixit
1335 5311 1475 5386 Aristo·
1527 5327 1686 5384 catomm
1709 5326 1743 5384 et
1763 5308 1915 5401 gratuita
1938 5308 2128 5400 imputatio
2151 5305 2336 5398 iustitiae,
2365 5319 2511 5403 propter

494 5430 578 5501 teles
592 5443 732 5501 secutus
746 5429 945 5499 Platonem.
995 5422 1044 5496 Et
1057 5423 1235 5494 Pindarus
1252 5419 1318 5490 ait:
1344 5415 1474 5505 Legem
1526 5411 1722 5487 Christum.

493 5531 598 5602 etism
614 5529 691 5603 Deo
710 5532 900 5625 imperare,
923 5541 976 5601 est
991 5527 1087 5598 enim
1100 5524 1264 5595 voluutas
1277 5519 1359 5607 Dei,
1385 5540 1474 5615 quac
1627 5516 1665 5587 2.
1694 5513 1880 5586 Secundus
1894 5512 2024 5605 gradem
2038 5523 2109 5599 est,
2129 5511 2192 5608 qui
2209 5510 2407 5610 necessario
2422 5528 2510 5579 cou-

491 5644 633 5704 nonest
649 5635 704 5706 sui
721 5632 905 5706 dissimilis
921 5645 956 5702 et
970 5629 1113 5698 viriosa.
1526 5619 1667 5689 iunctus
1691 5631 1743 5690 est
1765 5640 1845 5688 cum
1870 5616 2007 5708 priore,
2037 5614 2183 5686 donatio
2204 5612 2358 5704 Spiritus
2382 5608 2506 5688 uncti,

599 5730 659 5811 15.
683 5734 789 5828 Legis
804 5732 991 5820 abrogatio
1008 5740 1145 5799 tantum
1160 5725 1206 5794 ad
1223 5719 1473 5796 conscientiam
1526 5732 1561 5790 et
1588 5719 1682 5791 vitae
1710 5730 1893 5804 aeternae,
1928 5728 1963 5789 ει
1990 5714 2163 5788 auxilium
2184 5710 2256 5786 nei
2272 5722 2397 5783 eontra
2416 5706 2507 5783 Dia·

491 5834 747 5909 consolandam
760 5860 881 5912 coram
895 5829 982 5903 Deo
1002 5825 1185 5901 transferri
1206 5826 1323 5903 debet.
1525 5820 1663 5899 bolum.
