6025 6775
486 647 564 726 4„
1262 620 1748 701 otseuramonss
1834 687 1838 694 .
2209 735 2215 748 .
2441 642 2519 717 aaa

539 835 555 848 .,
585 811 661 893 2⁶·
701 809 857 905 pmpium
878 816 930 876 est
951 799 1091 887 dicere,
1123 797 1221 892 qnod
1241 795 1415 889 scriptura
1439 797 1485 870 sit
1536 797 1742 880 imitantur,
1766 798 1829 893 qui
1843 821 1919 871 non
1932 796 2002 871 hoc
2015 818 2145 892 agunt,
2157 804 2519 897 nt'sansnthomlues,

495 917 634 998 incerta
648 931 685 991 ct
695 913 884 1000 ambigna,
908 905 958 977 its
972 916 1014 976 ut
1027 902 1195 973 derebus
1219 899 1426 969 necessariis
1439 900 1485 970 ad
1538 913 1575 971 et
1597 899 1786 971 consulant
1806 901 2069 993 ambigentibus
2079 941 2081 946 ·
2091 908 2342 996 conscientiis,
2361 915 2427 984 sed
2439 929 2520 988 tan·

441 1091 446 1100 .
498 1023 670 1107 mmm,
687 1038 763 1090 non
779 1010 891 1105 possit
909 1031 951 1078 ex
969 1021 1009 1076 ea
1021 1002 1117 1074 sumi
1138 1001 1245 1094 plana
1260 1013 1296 1073 et
1310 1012 1404 1072 certa
1420 1000 1486 1071 do·
1537 1013 1614 1073 tum
1638 1001 1828 1075 tnrcidant.
1865 1045 1868 1054 ·
2289 1065 2292 1071 ,
2464 1067 2466 1071 ·
2516 1048 2522 1068 ¹

498 1128 624 1203 mim·
850 1116 851 1120 ¹
1640 1100 1703 1175 87.
1730 1103 1849 1174 Verba
1863 1100 2023 1176 Platonis
2045 1098 2132 1176 haec
2157 1121 2260 1179 sont:
2287 1107 2368 1204 ἥτις
2386 1110 2458 1209 μὲν
2477 1112 2524 1190 ἂν

600 1223 664 1300 26,
697 1216 784 1291 Ideo
801 1235 882 1284 cum
896 1203 1057 1279 Ecclesia
1075 1204 1209 1276 iudicat
1224 1204 1270 1274 de
1289 1202 1486 1294 scripturis,
1538 1194 1609 1275 οὖν
1625 1207 1702 1277 τῶν
1719 1207 1911 1282 πολιτειῶν
1925 1200 1995 1299 τὴν
2010 1203 2122 1301 αὐτῆς
2139 1206 2357 1307 φθέγγηιαι
2379 1212 2527 1311 φωνὴν,

499 1327 689 1400 qudem,
704 1309 998 1405 ,tiiseeripturim
1022 1330 1099 1378 nou
1117 1330 1159 1377 ex
1173 1300 1331 1376 humana
1344 1306 1487 1396 opinio-
1538 1298 1631 1399 nocie
1654 1330 1698 1376 >cs
1725 1299 1866 1395 θεοὺς,
1890 1300 1955 1378 καὶ
1982 1301 2074 1402 πρὸς
2101 1304 2350 1404 ἀνθρώπους,
2384 1314 2450 1390 καὶ
2479 1322 2529 1413 τῆ

501 1453 567 1517 ne,
591 1427 668 1497 ‘ine
682 1415 883 1494 ,estimonio
902 1409 983 1482 Dei,
1539 1411 1650 1501 φωνῇ
1669 1401 1738 1487 τὰς
1756 1400 1905 1501 πράξεις
1926 1404 2105 1500 ἑπομένας
2132 1405 2319 1497 ἀποδιδοῖ,
2352 1395 2528 1491 delitesce

602 1524 663 1601 2⁴7.
689 1518 797 1611 Quod
812 1511 970 1587 Ecclesia
986 1506 1189 1604 repudiavit
1208 1507 1382 1601 quaedam
1401 1501 1488 1577 ἃδέ·
1538 1502 1603 1579 καὶ
1617 1500 1773 1595 σώζεται
1778 1559 1791 1593 ,
1815 1505 2027 1602 μιμουμένη
2048 1502 2091 1580 dd
2111 1506 2223 1604 ἄλλην
2241 1510 2448 1610 φθείρεται.
2574 1561 2577 1568 .

504 1651 624 1724 onero
644 1622 799 1714 scripta,
825 1613 947 1688 reiecit
960 1625 1129 1705 tanquam
1144 1610 1261 1690 testis,
1289 1631 1371 1678 eum
1385 1608 1490 1679 sciret
1639 1609 1701 1683 88.
1741 1608 1846 1680 Luna
1866 1610 2001 1681 vicenis
2016 1609 2143 1684 diebus
2156 1616 2377 1710 septenisque
2394 1633 2524 1691 atter-

500 1730 630 1804 casine
645 1738 741 1799 certo
760 1732 884 1792 autore
898 1713 994 1786 edita
1009 1735 1095 1796 esse,
1120 1725 1181 1783 aut
1196 1722 1366 1803 tanquam
1380 1708 1488 1780 iudex
1538 1708 1587 1780 tia
1609 1710 1680 1780 diei
1703 1723 1800 1801 parte
1822 1712 1959 1802 peragit
1985 1735 2128 1782 cursum
2153 1734 2277 1801 suum,
2306 1730 2341 1789 et
2363 1732 2523 1794 tamena
2570 1759 2588 1778 ·-

500 1845 619 1906 secuta
636 1828 724 1899 alias
740 1820 940 1912 scripturas.
1539 1810 1714 1882 tricesima
1727 1811 1825 1900 luce,
1848 1824 1889 1884 nt
1904 1812 2023 1908 iuquit
2035 1812 2188 1903 Plinius,
2212 1816 2259 1886 ad
2274 1820 2523 1904 easdem-vices

598 1930 663 2004 28.
695 1922 833 1998 lniuria
856 1931 926 2004 est,
950 1937 1112 1988 accusare
1133 1909 1299 1984 homiues
1316 1910 1487 1982 defectio·
1537 1934 1662 1983 rursus
1677 1911 1759 1985 exit.

499 2035 557 2106 uis
578 2031 625 2105 ah
641 2025 817 2111 Ecclesia,
840 2030 987 2115 propter
1008 2029 1160 2089 mutatas
1180 2010 1355 2085 humanas
1374 2013 1488 2084 tradi·

346 2261 352 2266 ·
500 2151 667 2311 υοῄοὲθ.
693 2226 788 2321 Quia
800 2217 1030 2296 adEcclesiae
1045 2215 1217 2287 unitatem
1234 2214 1318 2286 satis
1332 2227 1385 2285 est
1400 2238 1489 2284 con·
1537 2143 1759 2242 (xxm)
1784 2145 2060 2324 ἐξιῖθὶέᾝ
2068 2151 2521 2332 Ἐέἷὲἒέὶοωωῆα

500 2337 631 2412 sentire
655 2339 699 2407 de
722 2327 883 2401 doctrina
897 2317 1105 2408 Evangelii,
1130 2330 1166 2387 et
1181 2316 1487 2385 administratione
2253 2375 2290 2406 k,

493 2415 827 2515 Sacramentum.
854 2417 1196 2497 Necestnecessaria
1210 2411 1488 2487 similitudohu·
1512 2428 1515 2452 ¹
1539 2400 1732 2486 Articulus
1756 2416 1795 2486 in
1818 2416 1998 2511 symbolo:
2024 2415 2138 2490 Credo
2157 2435 2314 2494 sanctam
2326 2420 2524 2499 Ecclesiam

500 2563 687 2613 manarum
713 2529 965 2614 traditionum,
991 2517 1059 2590 hae
1082 2519 1178 2589 enim
1195 2512 1289 2587 nihil
1305 2519 1486 2609 pertinent
1538 2511 1766 2603 catholicam,
1799 2541 1873 2588 non
1898 2518 2014 2590 solum
2036 2519 2204 2612 significat
2222 2545 2296 2596 esse
2324 2549 2436 2598 unam
2458 2530 2526 2599 ali.

500 2644 546 2714 ad
564 2643 677 2718 ,vitam
697 2629 939 2727 spiritualem,
964 2644 1074 2719 quare
1095 2619 1171 2690 sine
1192 2618 1242 2688 eis
1258 2620 1404 2690 existere
1420 2642 1487 2711 po·
1538 2641 1646 2710 quam
1662 2614 1878 2704 Ecclesiam,
1903 2621 1964 2691 sed
1989 2617 2097 2693 etiam
2118 2623 2265 2718 requirit
2276 2628 2521 2702 obedientiam

502 2758 571 2817 test
583 2743 669 2812 hdes
681 2750 717 2807 et
733 2735 805 2806 vita
817 2743 968 2801 aeterna.
1537 2718 1694 2792 debitam
1712 2719 1910 2790 ministerio
1927 2735 2083 2798 externo.
2268 2737 2270 2742 '

600 2841 688 2913 80..·
706 2833 785 2908 Etsi
808 2832 904 2903 euim
927 2850 990 2899 sna
1014 2824 1163 2895 debetur
1177 2819 1383 2893 Pastorihns
1397 2821 1485 2890 obe·
1638 2819 1674 2892 2.
1713 2818 1882 2915 Requirit
1901 2821 1997 2891 enim
2023 2847 2238 2896 consensum
2260 2830 2338 2898 cnm
2358 2821 2519 2904 Ecclesia

504 2943 661 3028 dientia,
695 2952 816 3009 nmen
838 2933 924 3002 istos
940 2928 1091 2999 sciamus
1105 2947 1188 2993 vere
1204 2926 1399 2993 desertores
1413 2944 1486 2992 esse
1539 2915 1732 3008 catholica,
1770 2944 1880 3017 quare
1911 2922 2062 3015 requirit
2090 2926 2334 3000 obedientiam
2363 2930 2518 3004 debitam

501 3043 697 3127 Ecclesiae,
725 3037 887 3132 quinon
912 3045 1006 3102 recte
1025 3029 1156 3099 docent
1172 3021 1426 3113 Evangelium,
1452 3035 1488 3092 et
1511 3071 1515 3096 .
1537 3023 1748 3094 ministerio.
2188 3109 2195 3122 ·

500 3147 721 3220 manifestam
736 3136 941 3211 idolatriam
958 3129 1174 3209 defendunt,
1200 3139 1235 3198 et
1256 3123 1410 3195 retinere
1425 3146 1486 3194 ro-
1640 3124 1676 3195 8.
1703 3122 1887 3215 significat
1901 3121 2010 3214 igitur
2017 3117 2174 3196 Ecclesia
2189 3121 2365 3201 catholica
2378 3153 2522 3223 congre.

501 3263 645 3323 mmm,
1127 3251 1130 3256 ·
1536 3224 1714 3315 gationem
1748 3226 1908 3318 piorum,
1943 3249 2019 3297 non
2054 3226 2171 3296 solum
2205 3228 2244 3297 in
2278 3230 2430 3323 spiritu,
2464 3235 2527 3307 sed

601 3350 663 3422 81.
703 3342 777 3438 Qui
802 3340 897 3435 piam
921 3348 956 3407 et
976 3327 1207 3404 necessariam
1222 3320 1401 3401 Ecclesiae
1418 3326 1486 3397 do·
1537 3327 1644 3398 etiam
1659 3327 1698 3398 in
1723 3328 1875 3399 externis
1898 3327 2078 3424 aliquibus
2091 3328 2198 3401 rebus
2213 3334 2524 3420 consentientium,
2577 3347 2581 3354 ’

501 3455 651 3525 ctrinam
668 3452 857 3524 damnant,
884 3451 918 3510 et
934 3436 1075 3508 abolere
1094 3441 1280 3502 conantur.
1536 3429 1670 3501 scilicet
1685 3433 1730 3500 de
1745 3431 1954 3507 ministerio.

603 3551 666 3622 52.
702 3546 776 3638 Qui
803 3544 852 3615 ita
874 3538 1063 3634 requirunt
1077 3532 1286 3608 traditiones
1302 3526 1487 3614 humanas,
1639 3531 1675 3605 4.
1715 3528 1779 3603 Est
1795 3545 1912 3603 autem
1927 3555 2000 3603 una
2016 3528 2188 3604 catholica
2204 3530 2381 3625 Ecclesia,
2407 3538 2521 3634 etqui

500 3668 543 3727 ut
562 3664 706 3744 propter
722 3669 842 3719 earum
860 3641 1092 3714 mutationem
1114 3645 1279 3705 accusent
1292 3634 1407 3703 bonos
1423 3633 1486 3701 de-
1537 3632 1582 3703 ab
1601 3656 1639 3703 ea
1661 3633 1865 3719 discedunt,
1890 3649 1974 3706 sunt
1987 3634 2089 3728 impii
2111 3649 2147 3707 et
2161 3638 2353 3714 maledicti.

500 3753 723 3828 lectionisah
738 3746 909 3822 Ecclesia.
1336 3831 1346 3850 .
1639 3746 1676 3820 5.
1707 3746 1802 3839 Ergo
1819 3751 1880 3843 qui
1896 3750 2525 3830 aministerioEcclesiaeeatholicae

603 3855 664 3925 88.
689 3852 763 3947 Qui
782 3863 822 3923 nt
834 3845 999 3920 aboleant
1013 3841 1109 3934 piem
1125 3847 1160 3905 ²¹
1175 3855 1404 3903 nmmum
1413 3826 1485 3899 Ec·
1537 3851 1735 3933 discedunt,
1761 3866 1844 3924 suut
1858 3853 1961 3945 impii
1977 3867 2013 3924 et
2027 3854 2217 3929 maledicti.

502 3958 629 4033 clesiae
649 3954 861 4029 doctrinam·
914 3944 1023 4025 Reme
1050 3953 1092 4011 ¹¹²
1112 3935 1291 4008 'elimam
1310 3931 1485 4053 „stadim”
1638 3969 1677 4042 6.
1718 3967 1784 4041 Est
1805 3985 1923 4043 autem
1950 3971 2188 4047 ministerium
2205 3970 2379 4046 Ecclesiae
2390 3968 2517 4045 catho-

500 4086 585 4147 nee,
618 4079 705 4179 φη*
730 4080 777 4174 ⁰5
799 4052 867 4172 ἷΡξῖ
892 4047 1036 4144 quidem
1066 4043 1277 4124 ⁰b⁸⁸m¹¹²’
1307 4034 1484 4104 ¹⁰⁵⁰¹¹³m
1537 4072 1642 4154 licae,
1669 4074 1831 4144 doctrina
1856 4073 2066 4165 apostolica,
2092 4076 2222 4148 tradita
2247 4077 2292 4146 ab
2315 4075 2400 4170 ipsis
2414 4073 2518 4168 Apo-

422 4222 426 4230 ·
502 4162 747 4239 trudel¹1³¹0¹⁰
764 4180 801 4225 ¹¹¹
818 4175 896 4248 9¹⁰⁸
921 4159 1092 4220 mmm·
1537 4175 1656 4260 stolis,
1678 4188 1713 4245 et
1728 4187 1918 4267 propagata
1932 4199 1996 4267 per
2009 4191 2148 4251 sanctos
2164 4190 2289 4271 patres.
2315 4229 2318 4237 .

601 4263 664 4338 84·
696 4259 748 4334 Ul
764 4270 898 4331 caetera
919 4249 1149 4329 ⁰¹⁰3¹¹⁸¹¹¹¹¹⁸’
1174 4256 1267 4314 ‘ert‘
1289 4237 1377 4312 hm
1399 4262 1486 4308 ⁰⁰⁰⁰
1637 4293 1672 4366 7.
1707 4288 1864 4365 Ecclesia
1889 4290 2063 4367 catholica
2093 4296 2263 4389 significat
2286 4320 2361 4367 non
2378 4310 2521 4371 tantum

501 4366 839 4543 :ltitltltlt‘i
861 4341 1486 4533 32:232'‘tilttl„5322„t⁰tz¹ltt
1537 4409 1738 4488 ,mana
1770 4396 1972 4482 mm,
2005 4398 2066 4470 m
2088 4396 2297 4470 comm
2317 4410 2523 4473 „aaran

501 4572 572 4639 aiae
587 4568 749 4651 titolum,
775 4565 838 4660 qui
854 4560 961 4632 talem
986 4549 1171 4622 saeviciam
1193 4557 1371 4626 exercent,
1396 4565 1485 4633 quae
1537 4498 1583 4567 de
1600 4499 1943 4634 d⁰⁰¹¹i¹¹³f¹¹¹¹¹i¹¹¹¹⁸
1960 4501 2189 4637 ²²¹⁰P0fibuf·

500 4670 660 4763 profecto
681 4667 830 4735 minime
850 4664 951 4732 decet
973 4650 1181 4725 Ecclesiam.
1231 4641 1280 4714 Et
1301 4655 1355 4713 est
1376 4664 1486 4733 quae·
1555 4716 1565 4735 ·
1639 4615 1675 4687 ὓ·
1710 4613 1791 4734 0¹¹¹.
1801 4618 1846 4688 ab
1865 4611 1933 4688 hoc
1946 4640 2119 4738 consensu
2140 4619 2310 4710 descedit,
2335 4621 2368 4694 is
2381 4622 2520 4695 dissen-

500 4772 583 4841 dam
606 4766 775 4846 felicitas,
816 4784 883 4830 nec
907 4771 1088 4835 autorem,
1125 4769 1193 4817 nec
1223 4732 1498 4822 administrum,
1537 4715 1642 4787 trtah
1656 4711 1813 4787 Ecclesia
1828 4716 2013 4794 catholiea.
2409 4729 2412 4737 ·
2507 4748 2512 4759 ·

500 4895 567 4943 nec
581 4868 847 4957 suffragatorem
861 4881 936 4928 esse
949 4855 1047 4924 illius
1066 4844 1295 4948 crudelitatis,
1308 4845 1397 4915 sicut
1413 4840 1487 4915 Da·
1640 4830 1676 4903 9.
1718 4832 1839 4923 Quare
1873 4842 2066 4931 prudenter
2094 4840 2289 4914 videndum
2322 4857 2390 4930 est,
2432 4848 2521 4941 quid

501 4975 562 5046 sid
580 4983 762 5064 precatur:
784 4963 839 5036 Ne
850 4959 977 5053 perdas
991 4975 1047 5021 me
1062 4973 1141 5020 cum
1158 4948 1244 5018 viris
1260 4946 1486 5038 sanguinum,
1537 4956 1728 5005 consensus
1745 4939 1942 5013 Doctorum
1958 4957 1993 5021 et
2004 4943 2147 5035 piorum
2165 4945 2204 5015 iu
2219 4935 2416 5019 ministerio
2434 4975 2522 5042 pro.

601 5066 663 5147 85.
689 5071 789 5143 Plato
806 5061 941 5161 inquit:
967 5045 1484 5148 ToncuoamquanqueRem·
1510 5036 1513 5079 ¹
1536 5036 1673 5156 bayerit
1690 5042 1857 5113 omnibus
1871 5045 2113 5141 temporibus,
2138 5071 2185 5117 ne
2208 5071 2319 5119 novas
2333 5065 2367 5122 et
2383 5050 2521 5141 ignotae

499 5160 1048 5273 publicamoptimesehahere,
1074 5158 1218 5252 quando
1235 5174 1485 5223 nomensoum
1537 5139 1724 5231 optniones
1762 5141 1955 5218 catholicae
1984 5142 2161 5219 Ecclesiae
2194 5150 2433 5241 recipiamus·
2475 5150 2516 5219 ln

500 5285 576 5374 ipsa
610 5288 711 5349 sonat
742 5296 860 5343 coram
885 5264 962 5337 Deo
997 5276 1030 5335 et
1058 5257 1282 5348 hominihus,
1315 5253 1384 5327 hoc
1414 5266 1483 5334 est,
1531 5234 1628 5312 hanc
1651 5247 1858 5317 sententiam
1883 5250 1931 5319 ait
1955 5244 2195 5341 Augustinus:
2224 5248 2421 5342 Evangelio
2442 5274 2516 5320 non

500 5364 645 5478 quando
659 5390 769 5450 status
786 5373 860 5461 ipsc
874 5391 955 5437 com
969 5362 1206 5456 appellatione
1220 5358 1408 5428 consentit.
1536 5347 1733 5433 crederem,
1759 5348 1828 5419 nisi
1845 5347 2025 5421 Ecclesiae
2039 5347 2234 5424 catholicae
2253 5356 2440 5425 crederem.

600 5481 661 5555 88.
682 5475 796 5551 Porro
804 5467 962 5542 Ecclesia
974 5463 1081 5534 hebet
1095 5482 1224 5530 nomen
1240 5457 1362 5528 ovium
1377 5451 1484 5529 Clui-
1639 5463 1697 5531 10.
1737 5459 1785 5535 Et
1807 5467 1851 5535 de
1875 5466 1937 5536 itta
1951 5462 2111 5539 Ecclesia
2133 5463 2303 5540 catholica
2318 5480 2409 5537 recte
2424 5467 2516 5537 dici-

500 5590 556 5664 sti.
606 5584 711 5657 Hane
733 5591 850 5651 autem
871 5589 992 5639 vocem
1017 5586 1091 5631 nou
1112 5574 1215 5631 sonat
1231 5559 1296 5628 ista
1312 5555 1483 5644 Ecclesia,
1534 5572 1611 5645 tur,
1634 5558 1829 5635 Ecclesiam
1845 5591 2064 5641 nonerrare.
2114 5567 2261 5642 Retinet
2276 5567 2517 5640 enimfonda-

500 5715 590 5782 quae
611 5684 779 5759 saevitia
803 5677 895 5771 pios.
947 5665 1021 5738 Nec
1041 5684 1125 5734 oves
1142 5657 1277 5733 Christi
1294 5673 1395 5745 snut,
1418 5659 1481 5753 qui
1532 5675 1710 5753 mentum,
1742 5669 1807 5740 etsi
1822 5670 1884 5740 alii
1898 5692 2043 5759 aurum,
2069 5670 2134 5745 alii
2151 5669 2298 5764 stipulas
2310 5671 2519 5764 supraaedi·

500 5785 681 5863 Christum
714 5784 837 5860 audire
863 5773 1014 5857 nolunt,
1053 5788 1119 5837 ner
1142 5759 1278 5836 Christi
1300 5761 1480 5836 lenitatem
1531 5762 1648 5838 heaut.
