6025 6775
1122 781 1131 790 ’
1236 782 1385 858 565

1249 969 1404 1026 atro
1454 964 1829 1038 crassoque
1875 953 1942 1012 et
1993 930 2506 1008 melancholico
2540 934 2882 1024 sanguine
2911 932 3214 1019 refertis,

1249 1068 1372 1125 aut
1419 1065 1611 1120 extra
1654 1064 1992 1115 venarum
2042 1040 2295 1109 ductus
2327 1038 2522 1109 intra
2556 1059 2892 1107 craneum
2923 1045 2994 1103 et
3022 1057 3215 1103 cere-

1180 1195 1185 1199 ·
1249 1156 1364 1226 bri
1393 1151 1842 1220 membranea
1894 1140 2308 1225 involucra,
2373 1160 2798 1232 quacunque
2840 1148 3035 1228 patet
3077 1135 3216 1205 ali-

1251 1255 1425 1349 quid
1463 1264 1532 1320 et
1563 1257 1796 1327 vacat,
1847 1243 2066 1333 inque
2107 1243 2279 1334 ipsis
2308 1240 2607 1310 sinubus
2655 1238 2931 1308 cerebri
2983 1236 3220 1307 conti-

1252 1370 1554 1430 nentur,
1603 1343 1905 1415 confecti
1952 1355 2024 1411 et
2067 1342 2408 1412 continua
2447 1340 2842 1411 accessione
2869 1337 3219 1427 aggestio-

1252 1473 1478 1545 neque
1526 1445 1861 1517 materiae
1903 1466 2133 1512 novae
2181 1442 2374 1512 aucti
2418 1459 2501 1511 ex
2545 1441 2633 1510 iis
2660 1434 3042 1523 halitibus,
3093 1437 3221 1531 qui

1250 1557 1341 1623 de
1381 1547 1811 1633 ventriculo,
1876 1540 2163 1635 hepate,
2229 1543 2431 1613 venis
2488 1544 2568 1611 in
2619 1537 2942 1612 habitum
3000 1539 3222 1609 totius

1251 1650 1570 1742 corporis
1622 1645 1943 1737 digestis,
2006 1644 2285 1714 assidue
2333 1644 2411 1712 in
2459 1642 2827 1713 cerebrum
2870 1640 3069 1710 velut
3113 1652 3219 1709 te-

1252 1769 1448 1827 ctum
1492 1753 1809 1821 fumosae
1858 1746 2103 1818 domni
2149 1768 2361 1837 supra
2424 1743 2733 1836 positum
2803 1741 3219 1812 efferuntur.

1254 1857 1375 1928 Ab
1405 1850 1518 1923 his
1549 1846 1972 1920 humoribus
2005 1846 2350 1937 tantisper
2382 1846 2609 1913 donec
2638 1842 3048 1935 quiescunt,
3102 1840 3219 1909 ni-

1254 1955 1365 2027 hil
1403 1953 1786 2024 admodum
1831 1948 2127 2041 periculi
2174 1960 2299 2019 est.
2410 1944 2492 2014 Si
2541 1968 2581 2012 a
2629 1965 3055 2036 quocunque
3096 1964 3217 2009 ex-

1258 2072 1460 2129 terno
1505 2051 1783 2123 incitati
1826 2048 2182 2141 principio
2224 2046 2576 2138 explicent
2617 2057 2688 2115 et
2727 2044 3030 2113 dilatent
3073 2063 3220 2112 sese

1258 2157 1636 2249 subitoque
1701 2164 1772 2222 et
1838 2149 2210 2221 confertim
2280 2146 2637 2216 inundent
2688 2145 2765 2213 in
2821 2143 3219 2228 cerebrum,

1258 2255 1652 2352 periculum
1694 2253 2063 2336 adferunt,
2113 2272 2257 2341 quo
2298 2249 2644 2318 liberatur
2689 2267 2925 2334 aeger,
2977 2244 3037 2311 si
3087 2266 3221 2312 na-

1255 2377 1416 2433 tura
1449 2355 1702 2426 victrix
1729 2353 2049 2444 repulsos
2080 2345 2544 2419 hos'excutiat
2573 2369 2702 2437 per
2724 2365 2969 2428 nares,
3020 2345 3222 2435 pala-

1262 2476 1441 2540 tum,
1475 2479 1555 2526 os
1586 2470 1655 2528 et
1679 2468 1951 2525 meatus
1978 2451 2179 2536 alios,
2205 2464 2287 2521 ut
2322 2451 2400 2519 fit
2426 2450 2504 2517 in
2527 2440 2902 2520 ‚catarrhis.
2955 2442 3037 2513 Si
3071 2467 3217 2513 non

1146 2565 1148 2567 ’
1260 2558 1598 2640 excutiat,
1653 2557 1769 2625 sed
1815 2554 2018 2623 oneri
2067 2551 2507 2633 succumbat,
2555 2559 2950 2641 sequuntur
2976 2567 3222 2639 παρα-

1265 2656 1540 2747 λύσεις,
1620 2669 1745 2726 aut
1784 2648 2328 2751 παραπληγίαι,
2407 2662 2530 2721 aut
2584 2646 3029 2741 apoplexiae,
3096 2656 3218 2713 aut

1266 2764 1446 2832 aliae
1476 2755 1590 2827 his
1636 2770 1967 2847 cognatae
2005 2754 2502 2843 aegritudines,
2607 2751 2748 2822 Sed
2782 2750 2872 2819 de
2903 2743 3222 2837 Apople-
3264 2789 3265 2803 2

1262 2864 1379 2932 xia
1413 2862 1749 2931 dicemus.
1851 2856 1930 2927 Si
1974 2878 2136 2944 ergo
2184 2854 2309 2948 qui
2354 2853 2552 2921 venis
2587 2852 2835 2921 insunt
2861 2843 3224 2931 humores,

1266 2987 1349 3031 ex
1380 2959 1846 3049 amplioribus
1878 2957 2091 3026 ramis
2121 2955 2568 3045 depellantur
2607 2965 2817 3044 atque
2845 2948 3226 3035 adigantur
3266 3026 3267 3031 ἵ

1249 3065 1343 3132 ‘in
1375 3059 1907 3149 angustissimos
1945 3056 2305 3140 surculos,
2356 3055 2678 3146 protinus
2719 3049 3045 3141 impletos
3090 3041 3224 3116 hos

1267 3163 1717 3244 distendunt,
1767 3159 1987 3252 inque
2031 3171 2384 3227 tumorem
2444 3155 2781 3225 attollunt
2832 3149 3224 3231 universos,
3266 3227 3267 3232 ἵ
3307 3174 3311 3177 ·

1267 3267 1583 3355 adeoque
1616 3262 1847 3351 ipsum
1879 3260 2092 3328 simul
2127 3256 2398 3327 cerebri
2434 3259 2717 3347 corpus,
2767 3253 2846 3321 in
2877 3250 3070 3343 quod
3100 3250 3225 3318 de-

1266 3369 1585 3454 figuntur
1614 3374 1682 3432 et
1710 3372 2115 3451 penetrant,
2168 3380 2469 3452 moxque
2499 3357 2649 3449 ipsa
2687 3352 2986 3426 tumoris
3017 3351 3226 3435 mole,

1272 3487 1592 3559 quaeque
1629 3464 1774 3532 fere
1824 3461 2061 3532 statim
2104 3456 2487 3529 humorum
2546 3457 2923 3525 infarctum
2977 3474 3227 3522 conse-

1274 3566 1519 3659 quitur
1545 3562 2141 3645 inflammatione,
2215 3560 2521 3651 denique
2567 3554 3002 3645 erumpentis
3035 3576 3226 3623 non-

1269 3687 1638 3758 nunquam
1683 3662 2048 3751 sanguinis
2088 3660 2351 3730 effluxu
2394 3660 2472 3725 in
2496 3658 2695 3726 sinus
2722 3655 3061 3736 laxiores,
3114 3676 3228 3721 ce·-

1269 3769 1481 3839 rebro
1506 3765 1824 3835 inferunt
1851 3755 2197 3834 διάθεσιν
2246 3754 2715 3851 phlegmonae
2754 3754 3098 3836 similem,
3146 3766 3227 3822 ut

1275 3880 1691 3958 occupatum
1750 3878 1961 3955 atque
2013 3862 2320 3932 obsitum
2381 3859 2843 3950 undiquaque
2905 3854 3229 3924 videatur

1276 3965 1976 4038 inflammationibus.
2085 3960 2282 4031 Haec
2335 3951 2670 4038 διάθεσις
2727 3955 2987 4052 partim
3034 3978 3229 4044 com-

1273 4070 1647 4163 primendo
1696 4079 1904 4159 atque
1954 4063 2378 4133 coarctando
2428 4056 2699 4131 cerebri
2729 4069 3041 4140 meatus,
3092 4055 3231 4123 im-

1273 4170 1767 4264 pediendoque
1807 4179 2078 4235 motum
2127 4162 2562 4236 diductionis
2592 4174 2664 4233 et
2708 4156 3232 4240 contractionis,

1273 4269 1748 4344 necessarium
1783 4279 1854 4336 et
1878 4267 1967 4336 ad
2013 4264 2189 4335 alios
2226 4287 2397 4336 usus
2441 4278 2512 4336 et
2555 4264 2643 4332 ad
2688 4259 3039 4352 impulsus
3085 4257 3232 4350 spi·
3274 4323 3277 4325 ,

1273 4375 1544 4445 rituum
1574 4393 1654 4440 ³0
1700 4367 2027 4440 traiectu-‘⁶
2084 4366 2163 4434 3¹¹
2207 4387 2503 4449 nervoe’
2569 4362 2829 4455 Partim
2875 4359 3232 4451 opplen‘h
3284 4386 3287 4476 ἶ
3332 4425 3489 4476 rum
3526 4405 3749 4476 virtu's
3779 4428 4187 4501 quanquam
4220 4411 4560 4502 impedita
4605 4423 4675 4481 et
4713 4412 5059 4502 languens
5107 4413 5293 4483 inci·-

1273 4497 1526 4567 poros,
1593 4485 1662 4543 et
1719 4471 1778 4540 si
1824 4468 2081 4540 osculis
2121 4488 2464 4537 venarum
2503 4458 2841 4533 humores
2887 4460 3235 4543 excidant,

1275 4577 1462 4665 ipsas
1503 4573 1714 4642 etiam
1760 4570 2090 4641 cavitates
2131 4568 2466 4648 laxiores,
2530 4562 2696 4632 facit
2739 4574 2819 4630 ut
2862 4560 3064 4628 nulla
3107 4559 3233 4627 de-

1274 4673 1543 4741 fluente
1571 4670 1831 4740 virtute
1855 4669 2149 4740 animali
2177 4668 2627 4755 extinguatur
2672 4670 2915 4730 s‘ensus
2957 4672 3029 4730 et
3072 4683 3233 4727 mo-

1277 4786 1395 4843 tus
1421 4771 1500 4839 in
1531 4768 1810 4861 reliquo
1844 4792 2163 4858 corpore.
2263 4765 2344 4836 Si
2390 4765 2518 4856 qui
2566 4772 2758 4832 extra
2809 4782 3027 4830 venas
3066 4758 3235 4827 flui-

1276 4885 1437 4947 taht
1480 4867 1828 4940 Wlffliffl'e
1869 4868 2119 4937 adnm
2169 4865 2244 4933 3¹¹
2274 4865 2462 4955 i{³⁵⁰³
2494 4865 2693 4934 ‘3⁰⁰⁸
2720 4861 2990 4932 cerebri
3021 4873 3233 4953 atque
3336 4923 3405 4981 et
3449 4907 3900 4981 inordinatus
3935 4922 4146 5005 atque
4195 4910 4559 4999 intensus,
4639 4928 4710 4987 et
4769 4939 4855 4985 ex
4896 4916 5294 4990 intervallis

1277 4976 1631 5046 anfractus
1673 4968 1911 5041 subito
1969 4967 2482 5061 confertimque
2523 4964 2962 5056 impingant,
3010 4975 3235 5033 totos-

1278 5100 1417 5171 que
1446 5085 1818 5164 occupatos
1838 5070 2186 5164 expleant,
2219 5068 2419 5163 sique
2451 5067 2530 5137 in
2561 5087 2774 5158 poros
2805 5064 3010 5136 etiam
3042 5062 3233 5154 ipsos

1279 5177 1553 5248 cerebri
1630 5200 1708 5243 ac
1775 5196 2155 5244 nervorum
2220 5171 2519 5240 subeant
2576 5183 2786 5261 atque
2839 5176 3232 5259 penetrent,

1276 5278 1405 5373 qui
1459 5279 1602 5345 fere
1645 5274 1904 5343 talibus
1954 5273 2286 5341 omnibus
2332 5271 2669 5359 languent
2713 5281 2877 5338 ante
2925 5266 3227 5356 largiore

1278 5375 1538 5450 imbuti
1572 5387 1640 5442 et
1668 5373 2016 5441 tenaciore
2045 5367 2488 5442 humiditate.
2589 5366 2756 5438 Tali
2804 5390 2970 5458 ergo
3007 5367 3236 5435 infar-

1283 5495 1400 5554 ctu
1437 5473 1771 5548 humores
1818 5471 2070 5539 viscidi
2113 5492 2271 5538 cum
2318 5470 2601 5553 obstant
2654 5481 2863 5561 atque
2912 5466 3236 5538 officiunt

1282 5579 1551 5652 cerebri
1579 5572 1845 5654 motui,
1894 5584 2044 5640 tum
2078 5567 2543 5657 irruptionem
2580 5581 2649 5637 et
2677 5568 3051 5638 transitum
3088 5567 3237 5658 spi·

1282 5685 1549 5755 rituum
1582 5673 1994 5747 animalium
2025 5670 2104 5738 in
2137 5690 2393 5738 nervos
2425 5663 2776 5739 inhibent.
2831 5665 2987 5738 Hoc
3019 5668 3231 5735 modo

1281 5781 1536 5873 ingesti
1580 5792 1791 5869 atque
1829 5771 2119 5865 impacti
2162 5766 2495 5840 humores
2523 5767 2637 5837 vel
2665 5789 3005 5837 venarum
3036 5766 3236 5836 rivu-

1284 5885 1373 5952 lis
1408 5884 1516 5952 vel
1547 5879 1765 5950 alveis
1792 5873 2095 5962 cerebri,
2144 5858 2442 5967 quod'et
2470 5869 2685 5942 sectio
2720 5867 3032 5940 ostendit
3062 5889 3235 5961 apo·-

2401 757 2719 841 nEct..
2768 757 2917 836 nn
2966 693 3537 837 accrasm
3600 757 4115 837 cnms‘m.

5124 769 5281 843 364

3319 930 3781 1024 plecticomm
3810 945 3969 1022 post
4002 933 4323 1021 obitum,
4368 936 4549 1009 fiunt
4593 935 4995 1031 apoplexiae
5035 939 5278 1012 αἴτιον

3321 1028 3639 1126 συνεχὲς.
3703 1031 4033 1104 Proxime
4060 1035 4247 1104 enim
4282 1060 4462 1121 eam,
4509 1063 4690 1131 quae
4718 1041 5076 1133 apoplexia
5104 1064 5278 1133 pro-

3317 1135 3472 1226 prie
3501 1135 3784 1219 dicitur,
3812 1129 4161 1208 διάθεσιν
4186 1136 4519 1223 efficiunt,
4552 1137 4963 1237 στέγνωσιν
4993 1142 5278 1219 scilicet,

3317 1258 3442 1305 seu
3475 1234 4017 1306 coarctationem
4047 1251 4404 1308 meatuum
4434 1240 4704 1309 cerebri
4735 1243 5083 1314 omnium.
5133 1238 5282 1310 Cu-

3318 1336 3433 1407 ius
3461 1336 3905 1408 differentiae
3937 1350 4104 1409 sunt
4132 1331 4503 1420 πύκνωσις
4523 1334 4655 1411 καὶ
4681 1338 5058 1436 ἐζιιφραξις.
5108 1335 5282 1412 Πύ-

3315 1458 3598 1512 κνωσιν
3629 1451 3870 1509 tumor
3898 1451 4176 1529 praeter
4221 1453 4543 1511 naturam
4589 1441 5140 1512 inflammationi
5184 1443 5284 1511 si-

3313 1539 3549 1625 milis,
3603 1562 3687 1607 ex
3717 1539 3983 1608 affluxu
4013 1534 4397 1611 humorum
4442 1565 4570 1634 per
4612 1564 4857 1613 venas:
4909 1539 5287 1637 ἓζιιφραξιν

3295 1639 3661 1709 'infarctus
3689 1632 4069 1709 humorum
4100 1641 4177 1711 in
4225 1643 4462 1712 alveos
4507 1657 4591 1715 et*
4617 1643 4837 1733 plicas
4881 1645 5151 1713 cerebri
5194 1670 5284 1717 ex

3316 1740 3582 1810 affluxu
3612 1752 3805 1810 extra
3836 1763 4053 1809 venas
4085 1743 4323 1820 efficit.
4423 1738 4534 1812 Ex
4561 1738 4674 1813 his
4715 1744 4938 1838 liquet
4971 1746 5280 1818 manife-

3267 1883 3268 1894 κ
3314 1853 3453 1909 sto:
3525 1864 3687 1909 cum
3731 1841 4143 1932 apoplexiae
4184 1858 4385 1914 ortus
4423 1844 4517 1913 sit
4562 1868 4645 1913 ex
4701 1837 5086 1917 humorum
5147 1848 5281 1917 de-

3311 1941 3545 2025 fluxu,
3593 1940 3902 2010 discerni
3937 1956 4266 2033 oportere
4310 1957 4665 2037 tempora,
4716 1959 4783 2019 et
4838 1947 5277 2019 considerari

3315 2040 3518 2111 initia
3549 2040 3990 2132 incipientis,
4042 2046 4525 2125 consistentis,
4578 2058 4650 2118 et
4678 2048 5039 2118 absolutae
5068 2062 5283 2141 atque

3315 2143 3699 2232 completae
3757 2142 4113 2213 fluxionis.
4268 2144 4627 2238 incipiens
4706 2146 5280 2245 προφυλακτὴν,

3316 2243 3703 2313 consistens
3736 2244 3988 2332 partim
4022 2242 4582 2339 προφυλακτὴν,
4612 2252 4871 2339 partim
4904 2244 5304 2345 &aptiusv-

3318 2363 3471 2413 ow:
3552 2343 3874 2412 absoluta
3930 2339 4386 2436 θεράπευσιν
4435 2349 4662 2416 solam
4725 2350 4959 2438 exigit.
5060 2349 5281 2421 Prae-

3315 2455 3504 2512 stant
3550 2442 3626 2512 id
3672 2455 3904 2512 autem
3950 2456 4111 2514 ante
4148 2467 4357 2515 usum
4396 2450 4555 2517 τῶν
4611 2454 4942 2521 τοπικῶν
4971 2462 5122 2521 tum
5154 2476 5278 2523 κε-

3313 2539 3575 2622 νώσεις
3601 2544 3992 2635 simplices,
4041 2555 4191 2613 tum
4220 2539 4721 2633 ἀντισπάσας,
4771 2564 4924 2623 tum
4953 2574 5272 2646 παροχε-

3313 2637 3629 2727 τεύσεις,
3692 2663 3833 2714 usu
3892 2644 4181 2737 quidem
4232 2640 4789 2735 phlebotomiae,
4854 2653 5282 2724 scarificatus

3320 2758 3387 2816 et
3417 2743 3758 2813 similium
3777 2797 3797 2828 ‚
3845 2745 3907 2812 si
3936 2768 4022 2813 ex
4064 2744 4267 2814 venis
4298 2745 4393 2816 sit
4420 2748 4587 2815 mali
4615 2751 4850 2841 origo:
4903 2747 5281 2825 cathan-cti-

3318 2868 3561 2915 corum
3622 2868 3833 2924 vero,
3913 2856 4317 2914 enematum
4340 2898 4361 2930 ,
4426 2842 5283 2939 apophlegmatismorum‚

3321 2941 3770 3016 errhinorum
3793 2996 3814 3028 ,
3881 2940 4316 3015 vehementis
4367 2946 4749 3035 ligaturae,
4820 2954 5081 3024 acrium
5145 2956 5283 3024 fri..

3322 3046 3634 3116 ctionum
3653 3098 3675 3132 ,
3718 3046 3786 3114 «si
3809 3056 4003 3115 extra
4035 3068 4273 3121 venas.

3519 3192 3629 3265 De
3655 3193 3974 3265 absoluta
3996 3248 4019 3281 ,
4073 3195 4148 3264 id
4181 3195 4404 3266 est-de
4430 3198 4613 3271 facta
4648 3198 5015 3292 apoplexia
5045 3203 5284 3297 loqui-

3325 3311 3442 3369 tur
3471 3293 3973 3389 Hippocrates,
4023 3318 4276 3391 quam,
4332 3297 4394 3366 si
4422 3299 4627 3371 fortis
4653 3304 4781 3387 sit,
4803 3297 4997 3377 'dicit
5034 3318 5279 3377 curat‘u

3325 3420 3472 3470 esse
3514 3397 4067 3489 impossibilem,
4123 3399 4185 3466 si
4231 3399 4495 3470 mitior·
4531 3416 4602 3474 et
4662 3403 5052 3489 remissior,
5127 3430 5279 3475 non

3324 3497 3620 3572 facilem.
3723 3497 4078 3568 Indicium
4108 3499 4528 3572 fortissimae
4570 3503 4977 3597 apoplexiae
5018 3516 5121 3575 est
5161 3530 5285 3576 ex·

3327 3615 3546 3672 treme
3588 3599 3916 3669 laborans
3957 3599 4360 3691 respiratio,
4421 3626 4633 3694 quam
4674 3603 4969 3676 molitur
5008 3620 5079 3676 et
5119 3630 5286 3698 per-

3331 3700 3476 3788 agit
3503 3698 3868 3768 cerebrum
3900 3700 4210 3790 impulsu
4227 3705 4705 3774 musculorum
4721 3701 5055 3781 thoracis.
5105 3705 5287 3778 Cum

3325 3799 3515 3869 enim
3580 3798 3840 3892 reliqui
3895 3802 4199 3870 musculi
4263 3802 4475 3872 totius
4535 3806 4852 3896 corporis
4909 3831 5157 3877 omnes
5206 3810 5287 3876 in

3328 3899 3711 3992 apoplexiis
3781 3901 4158 3973 concidant
4227 3916 4295 3975 et
4371 3905 4895 3997 conquiescant,
4958 3906 5095 3975 soli
5155 3910 5294 4001 qui

3330 3997 3605 4073 thoraci
3651 4000 4004 4081 serviunt,
4077 4004 4401 4094 quamvis
4447 4006 4860 4093 difficulter,
4906 4022 5293 4079 moventur

3329 4115 3564 4172 tamen
3596 4101 4021 4171 adductione
4056 4117 4124 4174 et
4153 4105 4581 4201 relaxatione
4608 4109 4720 4179 sui
4762 4108 5291 4204 aliquantulum

3329 4203 3727 4274 attollentes
3770 4216 3843 4273 et
3888 4203 4381 4278 submittentes
4422 4232 4666 4280 rursus
4728 4224 5009 4303 pectus,
5073 4210 5292 4304 idque

3329 4305 3409 4376 fit
3439 4317 3727 4396 propter
3758 4303 4245 4395 respirationis
4272 4312 4792 4397 necessitatem,
4843 4335 4987 4405 qua
5028 4334 5291 4383 nervo-

3332 4519 3560 4623 tatur,
3602 4507 3813 4576 corde
3843 4508 4441 4599 refrigerationem
4468 4510 4992 4603 suiflagitante,
5044 4515 5294 4607 expul-

3329 4628 3530 4675 sione
3578 4606 3848 4677 acrium
3893 4609 4435 4699 fuliginosorum
4482 4606 4836 4684 halituum
4864 4628 4938 4687 et
4964 4614 5297 4704 frigidio-

3286 4756 3287 4762 κ
3340 4706 3439 4776 ris
3487 4705 3671 4776 aeris
3718 4703 4003 4784 haustu.
4098 4693 4230 4782 Est
4274 4723 4341 4782 et
4377 4711 4582 4781 fortis
4624 4713 5030 4805 apoplexiae
5077 4738 5296 4806 argu-

3335 4819 3697 4894 mentum,
3761 4811 3884 4880 sed
3925 4809 4164 4880 minus
4203 4832 4447 4901 sevae,
4498 4807 4855 4884 anhelitus
4897 4813 5297 4910 inaequalis

3340 5031 3487 5080 sese
3546 5022 3700 5080 tum
3767 5011 4177 5097 intendens,
4260 5025 4417 5084 tum
4470 5017 4866 5092 remittens.
4966 5015 5298 5109 Denique

3329 5124 3594 5229 quanto
3621 5110 3895 5182 facilior
3922 5124 4062 5197 est,
4111 5116 4557 5208 aequabilior
4592 5131 4661 5191 et
4710 5119 4941 5193 lenior
4986 5117 5295 5205 respira-

3329 5226 3469 5299 tio,
3515 5223 3713 5283 tanto
3743 5210 3981 5282 minus
4004 5212 4309 5306 periculi
4351 5231 4479 5291 est.

3529 5358 3649 5430 Fit
3672 5370 3925 5451 autem
3964 5363 4173 5435 fortis
4223 5369 4593 5461 apoplexia
4636 5393 4678 5439 a
4707 5369 4911 5461 plena
4943 5370 5297 5459 perfecta-

3333 5484 3471 5558 que
3516 5461 4002 5534 obstructione
4047 5468 4139 5537 ab
4182 5464 4609 5541 humoribus
4652 5468 4988 5560 copiosis,
5039 5471 5298 5545 simul-

3332 5586 3473 5659 que
3522 5578 3649 5634 aut
3696 5565 3982 5649 crassis,
4033 5581 4157 5641 aut
4197 5595 4360 5641 cum
4404 5568 4721 5641 crassicie
4757 5568 5005 5655 lentis,
5055 5580 5295 5648 morbi

3338 5666 3835 5754 magnitudine
3911 5674 4381 5761 respondente
4461 5669 4938 5759 magnitudini
5026 5698 5300 5747 causae.

3330 5763 3793 5837 Curatione'm
3824 5781 4057 5838 autem
4089 5795 4238 5841 non
4270 5769 4623 5856 admittit,
4670 5794 4927 5863 magna
4978 5797 5059 5842 ex
5101 5794 5316 5868 parte·

3333 5880 3627 5961 propter
3654 5868 4138 5941 suffocationis
4180 5871 4577 5967 periculum
4600 5925 4622 5959 ,
4660 5876 4856 5967 quod
4899 5874 5043 5946 fere
5088 5878 5299 5949 citius
