6025 6775
937 600 1091 685 557
1629 706 1634 710 ἢ
1982 537 1989 554 ’
2473 568 3450 706 υιεΡυΤΑΤιοΝΕε
3731 659 3737 664 -
4843 676 4996 754 653

918 783 1133 867 .vita‚
1181 779 1368 853 sicut
1400 780 1489 851 ad
1519 775 2149 858 Galatas‘dicitur‚
2213 790 2294 849 ut
2336 782 2713 870 promissio
2750 784 2919 880 spi·
3017 790 3119 865 ita
3173 811 3242 868 et
3286 823 3420 870 nos
3457 804 3534 872 in
3578 803 3897 884 Ecclesia
3953 841 4116 888 vere
4161 822 4344 896 debe

943 885 1125 958 ritus
1150 886 1459 954 donetur
1487 906 1616 974 per
1644 881 1876 954 fidem.
3017 898 3337 986 credere,
3386 918 3725 1001 tanquam
3759 916 3916 984 voci
3945 915 4079 988 Dei
4113 925 4202 993 de
4233 932 4431 1002 coelo
4460 945 4771 1021 sonanti,

1147 999 1416 1075 xxvi.
1481 996 1941 1069 Affirmamus
1988 998 2207 1088 igitur
2258 994 2468 1068 etiam
2519 994 2692 1090 hoc,
2755 1005 2915 1077 dari
3198 998 3585 1118 ‘Tei-tium:
3690 1010 4056 1091 lustificati
4116 1025 4256 1096 fide
4311 1055 4558 1122 pacem
4623 1038 4985 1128 habemus.

942 1099 1289 1200 Spiritum
1320 1113 1663 1183 sanctum,
1716 1112 1784 1168 et
1816 1122 2073 1167 novam
2106 1099 2460 1171 iusticiam
2491 1123 2615 1173 seu
2645 1128 2906 1177 novam
3012 1094 3475 1221 Mfmfffimm
3512 1123 3615 1181 est
3642 1112 4093 1193 dubitatione
4124 1151 4272 1199 non
4304 1136 4488 1209 effici
4530 1168 4780 1235 pacem
4818 1175 4990 1223 con-

942 1205 1414 1281 obedientiam
1449 1196 1775 1274 inchoari
1811 1200 1888 1267 in
1922 1194 2054 1270 hac
2081 1202 2250 1275 vita.
3009 1216 3381 1292 Selesslffle,
3430 1212 3553 1281 Sed
3584 1216 3805 1305 magis
3839 1226 4078 1312 augeri
4114 1251 4470 1319 pavorem.
4543 1243 4718 1322 Vult
4750 1268 4990 1325 antem

1138 1318 1440 1394 xxvn.
1521 1317 1763 1389 Status
1822 1331 2054 1386 autem
2117 1313 2332 1387 huius
2388 1322 2906 1393 controversiae
3008 1297 3275 1423 P³¹¹¹¹ff⁸
3319 1297 3527 1427 uilem
3576 1337 3739 1436 ‘³⁸⁸²‘
3766 1320 4016 1411 fidem,
4081 1354 4260 1422 ‘1⁰³²
4306 1362 4547 1429 pacem
4596 1351 4855 1426 efficiat
4907 1359 4990 1429 in

935 1439 1042 1498 est
1100 1448 1191 1493 an
1223 1447 1382 1493 cum
1413 1420 1707 1490 dicitur:
1763 1413 1996 1489 Fide
2034 1416 2276 1488 iusti
2270 1418 2345 1518 s
2345 1418 2378 1489 i
2389 1442 2734 1505 camur,
2789 1425 2902 1493 in·
2962 1423 2963 1426 ’
3007 1422 3465 1529 ωὓδῦῑθῦξῐῆε
3516 1427 3586 1485 et
3618 1423 3904 1511 qmdem
3940 1435 4240 1553 accedat·
4265 1446 4353 1508 ad
4390 1441 4659 1536 Deum,
4707 1467 4789 1525 ut
4820 1456 4982 1530 Ro..

934 1480 1156 1614 teliigi
1188 1544 1468 1592 necesse
1496 1501 1591 1592 sit
1624 1519 1829 1589 fidem
1855 1575 1872 1606 ,
1925 1521 2089 1613 quia
2119 1521 2257 1590 sibi
2289 1522 2587 1617 quisque
2612 1538 2902 1617 propter
3006 1527 3154 1623 ¹⁰³2
3175 1502 3250 1625 5!
3295 1510 3584 1634 ‘helmb-
3662 1518 3968 1637 ‘Nece-we
4006 1545 4108 1603 est
4145 1551 4364 1625 igitur
4402 1541 4584 1621 hanc
4612 1551 4823 1625 fidem
4858 1559 4976 1628 in-
5066 1625 5071 1629 .

930 1624 1388 1698 mediatorem
1437 1622 1705 1692 remitti
1751 1636 2028 1712 peccata
2077 1622 2322 1697 credit.
2429 1621 2538 1696 De
2585 1620 2717 1697 hac
2760 1628 2902 1697 fide
3002 1605 3231 1697 telhgl
3266 1610 3356 1681 de
3397 1620 3721 1733 Sssecmh,
3770 1649 3950 1741 §1⁰³0
3984 1654 4333 1752 repugnat
4369 1647 4835 1743 dubitationi,
4899 1675 4972 1733 ct

890 1725 1211 1822 'speciali
1242 1724 1601 1796 dimicatio
1639 1735 1795 1802 est„
2510 1745 2519 1754 ·
3000 1713 3515 1797 perterrefactis
3568 1732 3929 1799 mentibus
3981 1733 4162 1809 lenit
4224 1744 4580 1840 dolorem,
4644 1780 4804 1828 cum
4847 1782 4967 1833 ac·-

1127 1841 1471 1916 xxx-⁷111.
1528 1840 1734 1912 Hanc
1760 1839 2105 1938 reiiciuiit'
2127 1843 2538 1930 adversarii,
2592 1859 2660 1918 et
2688 1872 2894 1941 prae*
2999 1827 3372 1902 qmescum
3399 1841 3477 1886 ¹¹¹
3504 1824 3917 1901 mediatore,

925 1949 1202 2042 cipiunt
1251 1946 1600 2018 dubitare.
1729 1942 1924 2015 Haec
1972 1945 2368 2038 corruptela
2412 1941 2675 2019 ‘multos
2714 1950 2894 2023 alios

924 2073 1200 2123 errores
1243 2035 1648 2133 confiimat,
1699 2042 1884 2114 nihil
1917 2069 2063 2115 esse
2096 2046 2642 2139 imputationem
2683 2051 2890 2122 iusti-

852 2206 866 2218 .
923 2125 1093 2224 ciac.
1224 2148 1463 2234 Item,'
1523 2145 1846 2220 homines
1906 2146 2131 2217 iustos
2179 2171 2324 2218 esse
2379 2152 2669 2241 propria
2714 2153 2886 2243 legis

863 2282 873 2288 ·
917 2254 1354 2344 impletione.
1418 2249 1618 2335 Item,
1646 2248 2182 2346 promissionem
2200 2246 2569 2341 Evangelii
2598 2253 2882 2323 inanem

923 2345 1238 2428 sonitum
1264 2376 1444 2438 esse,
1497 2376 1627 2422 nec
1656 2350 1921 2421 editam
1956 2373 2138 2436 esse,
2186 2364 2268 2421 ut
2314 2366 2584 2423 mentes
2627 2378 2880 2425 conso-

916 2460 1104 2527 letur
1145 2469 1268 2527 aut
1303 2455 1441 2525 fide
1483 2454 1907 2545 accipiatur,
1975 2452 2142 2546 quia
2191 2475 2470 2523 necesse
2515 2469 2639 2526 aut
2681 2457 2878 2549 pium

917 2559 1012 2630 sit:
1037 2558 1382 2629 dubitare.
1469 2555 1680 2637 ltem,
1732 2576 2140 2648 quanquam
2171 2555 2543 2645 promissio
2576 2571 2679 2628 cst
2709 2559 2878 2628 urii*

4349 852 4506 903 mus
4562 840 4998 944 absolutioni

2938 2429 3217 2488 *autem
3279 2424 3446 2513 fuga
3510 2433 3774 2505 mentis
3834 2455 4103 2529 pugnat
4161 2453 4525 2530 manifeste
4591 2488 4756 2538 cum
4836 2467 4951 2544 his

2982 2517 3226 2607 dictis,
3277 2525 3364 2592 ad
3398 2524 3649 2606 Roma.
3680 2531 3789 2609 5.:
3844 2536 3982 2611 Per
4007 2540 4197 2617 bunc
4220 2543 4560 2632 habemus
4589 2589 4949 2645 accessum

913 2657 1240 2828 versiilis,
1292 2673 1731 2826 tamenlcum
1772 2654 2122 2725 dubitatio
2155 2657 2634 2830 Praeci931133
2677 2661 2878 2831 {9¹}
2979 2620 4947 2852 ἓέςὲάυΐὲξΡὲζζεέᾆδῗξῐἿέῑέἑῑιῑηᾶῑὶἱέεἰῐέἒιέῐέοεεῧῖὲῗ

913 2777 1031 2835 tur
1143 2784 1261 2831 aec
1316 2781 1529 2829 conso
1564 2771 1742 2843 atio,
1818 2780 1983 2826 cum
2045 2780 2245 2827 mens
2303 2782 2385 2826 iii
2479 2783 2525 2828 u
2559 2785 2602 2878 ‘i
2636 2784 2673 2831 a
2711 2787 2776 2831 ιο
2811 2789 2870 2882 'e
2979 2820 3199 2893 deseri
3257 2827 3353 2898 tio
3388 2834 3554 2903 satis
3633 2859 3742 2906 eu
3795 2811 4091 2919 ime-(ss
4188 2853 4261 2921 d·
4549 2865 4571 2932 ¹
4623 2816 4674 2887 .·

1089 2861 1151 2929 ic
1240 2883 1436 2929 more
1481 2883 1562 2928 co
1614 2858 1776 2929 itat:
1826 2859 2121 2928 fortasse
2149 2859 2236 2928 ad
2269 2883 2382 2927 me
2423 2854 2609 2930 nihil
2649 2878 2870 2952 perti-
3204 2850 3251 2917 P
3495 2935 3513 2950 ·
3586 2861 3628 2924 Ρ
3745 2861 3791 2925 Ρ
4029 2870 4062 2917 s
4094 2874 4181 2920 en
4238 2870 4297 2926 it
4342 2875 4546 2949 postu
4575 2889 4679 2937 ari
4722 2878 4934 2950 talem

905 2857 1459 3053 reitekinprgmissio.
1562 2881 1781 3041 ftem,
1831 2984 1981 3029 non
2014 2960 2331 3031 intuetur
2363 2984 2564 3031 mens
2597 2966 2866 3035 media—
2975 2923 3203 3010 fidem'
3247 2952 3427 3021 ‘1⁰³⁸
3454 2938 3829 3010 ⁸¹t'fidum3
3870 2951 4205 3022 accedens
4239 2959 4327 3027 ad
4343 2960 4608 3052 Deum,
4652 2984 4723 3043 et
4749 2980 4935 3096 miil-

904 3059 1159 3149 tofem,
1224 3086 1352 3132 nec
1393 3085 1477 3136 eo
1529 3062 1793 3146 utitur,
1852 3085 2011 3131 cum
2058 3061 2410 3131 existimat
2450 3062 2528 3131 in
2579 3066 2862 3138 dubita—
2911 3142 2913 3144 ,

899 3167 1094 3239 tione
1146 3166 1582 3235 manendum
1644 3187 1812 3234 esse.
1929 3160 2258 3255 Denique
2326 3164 2535 3233 multi
2593 3189 2866 3237 errores

896 3266 1224 3382 impliciti
1256 3263 1423 3338 sunt
1451 3264 1811 3337 doctrinae
1841 3264 2406 3335 adversariorum
2448 3267 2538 3334 de
2575 3268 2858 3341 dubita-

897 3370 1112 3442 tione.

1097 3485 1368 3560 XXIX.
1433 3482 1615 3556 Cum
1645 3482 1869 3575 igitur,
1896 3483 2212 3554 doctrina
2260 3485 2386 3555 illa
2421 3488 2858 3582 praecipiens

891 3586 1259 3667 dubitare,
1306 3600 1373 3657 et
1412 3587 1584 3657 falsa
1615 3586 1749 3670 sit,
1800 3599 1868 3655 et
1915 3586 2142 3656 deleat
2183 3589 2641 3659 necessariam
2683 3617 2854 3662 con-

888 3688 1345 3773 solationem,
1396 3701 1468 3760 et
1505 3689 1806 3760 excutiat
1834 3710 2071 3757 veram
2103 3688 2660 3761 invocationem:
2724 3718 2850 3764 ne-

886 3813 1077 3862 cesse
1109 3805 1215 3860 est
1245 3814 1557 3861 errorem
1589 3790 1794 3860 illum
1822 3788 2139 3861 refutari.

1089 3919 1320 3993 XXX.
1397 3919 1798 3992 Teneamus
1852 3919 2071 4009 igitur
2131 3913 2305 3989 haec
2360 3924 2734 4014 praecipua
2778 3942 2850 3998 et

881 4024 1086 4094 firma
1116 4038 1526 4115 argumenta
1561 4026 1649 4094 de
1678 4024 1857 4108 fide,
1904 4045 2043 4113 qua
2075 4021 2214 4090 sibi
2262 4022 2564 4118 quisque
2612 4030 2841 4120 appli-

880 4139 992 4196 cat
1023 4127 1590 4217 promissionem.

2959 3650 3313 3727 stimoniis
3367 3657 3575 3732 Pauli
3628 3689 4064 3762 repugnant,
4145 3692 4542 3764 ostendunt·
4592 3719 4667 3767 se
4726 3705 4921 3778 velut

2959 3747 3348 3842 Ethnicos,
3390 3785 3521 3832 nec
3553 3770 4026 3852 poenitentiae
4060 3803 4189 3851 nec
4222 3787 4382 3859 fidei
4416 3799 4738 3873 exercitia
4780 3829 4921 3878 no-

2959 3851 3173 3941 visse,
3213 3872 3286 3928 et
3310 3859 3678 3952 indulgere
3704 3871 4306 3974 dubitationibus,
4360 3918 4662 3987 quarum
4706 3907 4910 3997 plena

2951 3970 3120 4026 aunt
3144 3952 3517 4034 hominum
3548 3983 3868 4060 pectora,
3926 3994 4007 4049 ut
4038 3983 4382 4062 clamores
4415 4001 4802 4078 multorum
4829 4011 4908 4081 in

2951 4061 3308 4132 aerumnis
3339 4073 3759 4159 ostendunt,
3809 4080 3938 4168 qui
3966 4094 4134 4154 tunc
4164 4098 4549 4172 ostendunt
4582 4128 4740 4179 suas
4769 4112 4908 4182 du-

1849 4223 1866 4241 ·
2947 4156 3362 4250 bitationcs,
3408 4181 3491 4238 ut
3519 4167 3589 4240 4.
3621 4166 3923 4248 Aeneid.
3948 4182 4187 4277 inquit
4218 4216 4341 4266 rex
4368 4199 4661 4292 impius.-

1078 4224 1440 4313 Primum,
1492 4228 1687 4320 quod
1729 4236 1976 4295 recitat
2008 4221 2272 4293 Paulus
2320 4227 2411 4294 ad
2439 4223 2693 4303 Roma.
2731 4231 2837 4308 4.:
3563 4275 3695 4344 No,
3734 4306 3984 4352 munera
4022 4304 4288 4381 templis,

874 4326 1427 4400 Promissionem
1477 4329 1615 4398 fide
1676 4326 1988 4415 accipere
2034 4328 2506 4446 necessarium
2553 4345 2694 4418 est,
2758 4351 2836 4454 iii
3042 4364 3297 4455 (hipp,
3340 4380 3464 4440 tuh
3504 4378 3791 4451 fei-imus:
3858 4390 4203 4483 {imamque
4241 4384 4813 4481 fovemus'manem,

873 4429 1136 4502 Paulus
1165 4435 1351 4504 clare
1380 4431 1718 4501 affirmat:
1784 4427 1955 4496 Ideo
2002 4449 2084 4496 ex
2129 4427 2266 4497 fide
2294 4443 2560 4550 gratis,
2596 4448 2705 4551 ,ιιι
2743 4450 2835 4509 sit
2939 4461 3135 4534 Tali,
3222 4484 3328 4541 est
3404 4473 3759 4573 invocatip
3838 4497 4352 4567 “moventium
4429 4506 4893 4584 mediatorem

868 4534 1070 4601 firma
1116 4533 1514 4622 promissio.
1621 4527 1965 4620 Accipere
2004 4541 2239 4599 autem
2289 4554 2829 4652 promissionem
2935 4564 3160 4636 filium
3199 4566 3334 4639 Def
3363 4590 3432 4646 et
3466 4578 3695 4656 fidem·

868 4631 1049 4715 fide,
1097 4648 1199 4726 est
1250 4657 1641 4726 repugnare
1686 4630 2154 4722 dubitationi,
2223 4645 2293 4704 et
2341 4655 2472 4700 nos
2511 4639 2829 4723 singulos

870 4734 959 4803 de
990 4734 1200 4801 nobis
1227 4748 1570 4816 statuere,
1617 4733 1974 4823 pertinere
2017 4733 2105 4801 ad
2150 4756 2279 4803 nos
2311 4736 2827 4809 reconciliatio-

867 4856 1052 4904 nem.
1109 4831 1301 4924 Ergo
1316 4855 1710 4923 repugnare
1738 4832 2168 4904 dubitationi
2201 4836 2668 4916 necessarium
2698 4854 2822 4916 est.

1063 4935 1510 5006 Secundum:
1596 4932 1677 5008 Si
1721 4956 1865 5003 non
1916 4947 2017 5004 est
2053 4934 2373 5007 facienda
2415 4938 2819 5030 applicatio,

858 5041 1118 5108 frustra
1143 5054 1243 5108 est
1267 5039 1451 5110 edita
1479 5035 1896 5130 promissio,
1950 5047 2017 5106 et
2043 5035 2303 5109 frustra
2331 5053 2534 5110 sonat
2568 5041 2645 5110 in
2674 5041 2815 5115 Ec-

856 5139 1062 5211 clesia
1100 5164 1234 5209 vox
1265 5138 1753 5212 absolutionis.
1854 5136 2005 5212 Cur
2045 5140 2236 5210 enim
2282 5143 2658 5214 autoritate
2701 5146 2816 5215 di-

854 5243 1021 5312 vina
1062 5241 1577 5334 pronunciatur
1619 5237 1793 5313 haec
1845 5244 2226 5314 sententia:
2313 5241 2813 5318 Remittuntur
2864 5350 2865 5353 Ἴ

847 5343 983 5417 tibi
1008 5359 1315 5436 peccata,
1344 5343 1406 5412 si
1436 5342 1646 5423 simul
1676 5343 2102 5433 praecipitur
2127 5342 2504 5418 dubitatio.
2568 5343 2720 5419 Ioh.
2738 5346 2809 5423 5.
2864 5355 2866 5357 ’

847 5447 1140 5518 dicitnr:
1195 5445 1345 5535 Qui
1385 5467 1535 5514 non
1576 5445 1799 5512 credit
1827 5439 2022 5526 Deo',
2084 5456 2362 5517 accusat
2402 5469 2565 5519 eum
2602 5473 2807 5521 men.

845 5548 1054 5622 dacii.
1160 5546 1359 5638 Quid
1391 5545 1588 5617 aliud
1614 5544 1696 5614 fit
1724 5543 1815 5612 ab
1841 5541 2012 5632 ipsis
2037 5541 2629 5634 praecipientibus
2667 5552 2807 5623 du-

837 5622 1307 5723 binizonem?
1453 5645 1663 5721 cerie
1716 5641 2066 5716 navidem
2132 5646 2452 5735 oportuit
2516 5653 2802 5737 medere

841 5752 996 5821 voci
1045 5749 1360 5824 Nathan:
1428 5748 1783 5826 Dominus
1826 5745 2117 5820 abstulit
2163 5761 2526 5838 peccatum
2563 5765 2801 5827 tuum:

3133 4685 3438 4760 xxxlt.
3501 4691 3662 4768 Etsi
3689 4717 3924 4776 autem
3956 4713 4357 4786 sanctorum
4406 4722 4631 4796 animi
4673 4732 4883 4803 etiam

2931 4786 3003 4854 iii
3081 4780 3216 4857 hac
3277 4792 3424 4862 vita
3492 4797 3932 4890 ingentibus
3963 4811 4500 4894 dubitationum·
4556 4828 4886 4906 fluctibus

2927 4910 3128 4979 saepe
3155 4896 3678 4991 concutiuntur,
3729 4921 3961 4980 tamen
3992 4915 4095 5005 pii
4130 4924 4669 5009 promissionem
4698 4935 4887 5005 divi-

2923 5013 3087 5060 iiam
3133 5014 3547 5086 opponunt,
3616 5020 3683 5078 et
3725 5030 4124 5105 repugnant
4167 5022 4636 5119 dubitationi,
4697 5051 4764 5108 et
4811 5041 4888 5109 in

2923 5093 3305 5167 mediatore
3336 5105 3809 5197 acquiescunt.

3235 5344 3243 5350 ’
3327 5355 3899 5450 Disputatio
3991 5378 4453 5456 secundat

3474 5492 3601 5564 De
3648 5492 3862 5576 bonis
3912 5508 4287 5600 operibus.

3085 5660 3142 5738 1.
3182 5661 3353 5737 Ideo
3388 5665 3733 5754 immensa
3764 5684 4238 5769 bonitate-Dei
4270 5716 4337 5772 et
4370 5708 4740 5784 conditum
4770 5730 4876 5789 est

2902 5786 3124 5850 genus
3146 5759 3566 5867 humanum,
3613 5795 3684 5854 ct
3709 5790 4134 5879 redemtum,
4167 5815 4249 5874 ut
4278 5804 4370 5877 sit
4381 5801 4728 5901 Ecclesia,
4755 5822 4876 5892 cni
