6025 6775
449 490 517 566 ιιι
1001 479 1162 561 unct.
1192 481 1268 558 un
1298 479 1533 560 santnts
1568 476 1895 559 saxoatms.
2175 461 2177 466 ’
2388 498 2460 572 na

444 680 542 729 meae
556 655 690 747 patriae
702 650 797 725 Salis
813 653 930 723 lontes
953 654 1138 744 praebuit,
1165 668 1199 724 et
1220 654 1290 724 iam
1315 678 1428 726 annos
1476 676 1570 723 cesse
1584 666 1647 723 est.
1696 650 1745 726 Et
1758 652 1887 723 fluvius
1902 649 1984 726 Sala
2000 675 2130 722 nomen
2145 650 2250 728 babet
2266 682 2286 729 a
2301 660 2390 749 sale,
2417 678 2458 736 ut

444 758 684 850 septingentos
705 754 758 823 ibi
781 766 913 837 servat,
939 778 1089 847 eumque
1106 778 1170 823 oro
1186 767 1260 825 toto
1276 771 1427 846 pectore,
1476 753 1516 823 in
1539 750 1625 825 Asia
1646 756 1868 824 notissimum
1890 752 2024 822 flumen
2045 750 2175 855 Halys,
2212 759 2312 829 cuius
2341 765 2455 854 ripam

444 874 485 930 nt
500 858 667 948 deinceps
684 855 735 924 ibi
751 866 784 924 et
801 854 994 923 ubertatem
1014 855 1145 923 terreni
1163 856 1246 925 salis
1268 848 1323 925 bis
1344 858 1427 926 son-
1474 876 1559 944 gens
1573 853 1709 924 Heneta
1726 856 1829 924 etiam
1852 856 2030 946 quondam
2053 856 2185 937 tenuit,
2210 869 2250 925 nt
2268 858 2455 949 Argonau-

400 947 406 960 ’
444 961 562 1042 tibus,
586 970 623 1025 ct
635 955 742 1025 salem
758 953 938 1023 coelestem
960 954 1102 1023 divinae
1116 957 1299 1036 doctrinae
1321 958 1426 1029 nobis
1474 957 1535 1025 tici
1550 955 1716 1025 carminis
1731 956 1880 1044 scriptor
1894 968 2023 1027 narrat.

444 1058 631 1148 largiatur.
1577 1057 1700 1147 Itaque
1714 1055 1802 1144 grati
1816 1051 2105 1123 celebremnsDei
2120 1056 2338 1147 beneficium,
2354 1064 2452 1155 quod

550 1155 754 1244 Priusquam
770 1165 889 1223 autern
905 1154 949 1222 de
964 1154 1046 1223 salis
1063 1169 1189 1227 natura
1211 1157 1346 1241 dicam,
1380 1158 1424 1226 de
1473 1170 1527 1227 tot
1554 1157 1681 1226 seculis
1711 1180 1751 1224 ex
1780 1150 1836 1223 his
1861 1155 1991 1223 nostris
2014 1156 2171 1226 fontibus
2192 1182 2338 1248 magnae
2359 1163 2453 1254 parti

448 1268 614 1328 vetustate
644 1252 795 1321 fontium
831 1277 940 1343 pauca
973 1258 1265 1328 commemorabo.
1332 1255 1424 1326 Nam
1474 1255 1687 1327 Germaniae
1708 1258 1817 1324 salem
1839 1255 1996 1343 largitur.
2049 1252 2241 1326 Gratitudo
2260 1261 2365 1331 etiam
2387 1286 2452 1353 pa-

450 1351 655 1428 diutnmitas
681 1352 786 1422 etiam
811 1354 985 1442 ostendit,
1023 1350 1088 1426 hos
1111 1359 1226 1429 fontes
1246 1356 1315 1429 Dei
1334 1380 1423 1451 opus
1472 1359 1559 1427 triae
1575 1379 1672 1427 meae
1689 1368 1723 1424 et
1739 1355 1876 1424 civibus
1891 1354 2062 1436 debetur,
2081 1358 2144 1447 qni
2159 1357 2295 1445 legibus
2312 1363 2451 1432 munie-

449 1478 529 1527 essc.
1472 1473 1557 1531 runt
1575 1454 1643 1527 has
1665 1457 1811 1540 salinas,
1845 1468 1880 1525 et
1902 1466 2071 1545 quantum
2095 1471 2258 1545 possunt,
2282 1463 2450 1537 aediliciis

540 1551 706 1642 Legimus
735 1552 864 1644 scripta
892 1556 997 1648 digna
1022 1556 1107 1644 fide,
1146 1581 1236 1652 quae
1265 1549 1422 1645 narrant,
1471 1573 1506 1631 et
1520 1582 1645 1645 magna
1661 1557 1862 1626 assiduitate
1878 1578 2064 1644 operarum
2078 1567 2233 1632 tuentur.

439 1648 623 1726 Othonem
639 1652 798 1723 Primum
815 1650 880 1724 bos
893 1656 1007 1728 fontes
1023 1660 1105 1727 salis
1120 1661 1320 1730 attribuisse
1331 1656 1421 1752 Epi·
1573 1658 1669 1729 Haec
1694 1653 1808 1726 ollicia
1841 1679 1920 1725 cum
1956 1655 2108 1744 prosint,
2125 1658 2244 1728 multis
2278 1660 2450 1746 gentibus,

438 1779 545 1846 acopo
562 1752 868 1843 Meidebnrgensi,
900 1782 969 1850 qua
985 1760 1023 1828 in
1041 1784 1079 1829 re
1096 1775 1132 1831 et
1147 1762 1275 1853 pietas,
1305 1773 1340 1830 et
1362 1785 1420 1831 sa·
1471 1761 1628 1851 profecto
1652 1757 1777 1827 iniusti
1799 1772 1899 1840 sunt,
1940 1757 2001 1847 qui
2029 1754 2129 1822 urbis
2158 1759 2448 1854 tranquillitatem

438 1855 572 1948 pientia
604 1854 836 1924 laudatissimi
866 1855 1043 1952 Principis
1072 1862 1297 1952 conspicitur.
1372 1861 1434 1934 Ut'
1471 1860 1634 1938 turbant,
1660 1870 1693 1927 et
1709 1880 1834 1927 nocere
1849 1856 1986 1926 civibus
2000 1855 2158 1944 cupiunt.
2459 1915 2461 1920 .

408 1955 540 2034 ,enim
563 1956 779 2039 ostenderet,
821 1980 857 2025 se
880 1957 998 2045 lateri,
1037 1956 1239 2031 hos'fontes
1259 1983 1333 2032 esse
1352 1962 1418 2034 Dei
1573 1958 1642 2029 Sed
1661 1958 1755 2027 dicat
1772 1957 1917 2049 aliquis:
1945 1953 2040 2043 Quid
2068 1968 2249 2045 tantopere
2266 1957 2448 2045 praedicas

440 2059 614 2139 donum,¹
637 2055 811 2147 primitias
832 2057 915 2127 inde
936 2062 1151 2131 consecrarit
1171 2062 1269 2153 Deo,
1304 2064 1356 2132 sic
1378 2076 1419 2133 ut
1470 2057 1538 2131 boc
1553 2056 1760 2129 beneficium
1779 2058 1816 2124 in
1838 2080 1876 2124 re
1895 2056 1973 2139 vili,
2001 2070 2036 2123 ct
2055 2079 2122 2147 qua
2146 2080 2263 2128 carere
2285 2051 2447 2125 homines

439 2157 646 2248 prodessent
662 2156 705 2224 ad
721 2159 1021 2230 conservationem
1045 2163 1238 2254 evangelici
1257 2163 1417 2232 ministe-
1469 2159 1642 2252 possunt?
1702 2155 1797 2226 Num
1834 2157 1914 2224 ideo
1947 2155 2050 2223 nobis
2080 2153 2315 2246 Hesperidum
2352 2150 2448 2225 horti

438 2257 485 2325 rii
504 2257 542 2324 in
562 2250 626 2323 hac
642 2255 782 2327 vicinia.
1468 2258 1739 2349 magnifaciendi
1757 2269 1857 2339 sunt,
1883 2268 1943 2325 aut
1959 2256 2112 2323 adeundi
2129 2279 2191 2345 per
2199 2254 2338 2347 Syrtes,
2363 2255 2446 2346 quia

539 2352 678 2425 Deinde
694 2353 800 2426 buius
815 2360 954 2429 consilii
969 2376 1002 2432 et
1017 2358 1102 2432 baec
1118 2385 1220 2432 causa
1236 2360 1315 2435 luit.
1353 2360 1417 2433 Sa·
1453 2357 1637 2458 ,silphium
1654 2358 1828 2447 gignunt?
1860 2353 1934 2426 Aut
1947 2356 2026 2423 ideo
2041 2352 2343 2444 petendaArabia‚
2364 2354 2445 2446 quis

439 2455 536 2523 linae
557 2456 738 2547 publicum
760 2458 894 2528 bonum
921 2475 1021 2545 sunt,
1058 2475 1092 2531 et
1115 2462 1305 2534 multarum
1331 2486 1417 2553 gen·
1468 2458 1550 2533 thus
1568 2460 1698 2550 gignit,
1725 2483 1805 2528 cnm
1821 2452 1878 2525 bis
1896 2457 1999 2526 rebus
2015 2478 2131 2523 carere
2142 2456 2341 2545 possimus?

441 2555 530 2624 tium
547 2579 646 2625 causa
670 2562 929 2628 conservandae
949 2572 1043 2629 sunt.
1095 2558 1142 2630 Ut
1167 2561 1275 2654 igitur
1296 2587 1417 2654 parce·
1570 2560 1709 2648 Ingrata
1735 2572 1786 2630 est
1808 2554 1963 2628 humana
1988 2568 2112 2626 natura
2133 2553 2230 2639 Deo,
2261 2578 2351 2647 quae
2380 2577 2446 2637 res,

439 2667 537 2724 retur
553 2649 608 2724 bis
625 2657 782 2729 lontibus
798 2659 835 2726 in
854 2659 974 2742 bellis,
1000 2660 1159 2733 attribuit
1173 2659 1416 2738 eosEcclesiis.
1466 2684 1553 2755 quas
1570 2660 1684 2732 voluit
1699 2658 1795 2730 Deus
1812 2682 1885 2728 esse
1909 2677 2132 2740 communes,
2157 2656 2241 2748 quia
2263 2666 2345 2724 sunt
2369 2676 2446 2721 ma·

439 2751 532 2842 Quia
562 2771 645 2827 tnnc
676 2760 820 2852 quidem
846 2756 1076 2830 Germanicae
1104 2764 1217 2852 gentis
1240 2760 1355 2834 adbuc
1374 2787 1415 2832 ea
1465 2764 1558 2832 xime
1589 2761 1821 2842 necessariae,
1857 2772 2042 2850 propterea
2076 2758 2171 2850 quod
2202 2770 2284 2826 sunt
2311 2754 2447 2836 obviae,

437 2857 708 2941 modestiafnit,
731 2858 889 2928 ntetiam
908 2860 1066 2931 inbellis
1088 2865 1278 2934 abstineret
1301 2866 1346 2932 ab
1371 2862 1416 2930 iis
1466 2861 1609 2928 viliores
1630 2883 1703 2927 csse
1722 2872 1848 2931 censet.
1903 2856 2049 2929 Rectius
2070 2856 2264 2941 Pindarus,
2297 2856 2358 2949 qui
2380 2855 2444 2923 ait:

438 2958 560 3040 rebu's,
594 2981 684 3048 qnae
706 2954 870 3028 Ecclesiis
893 2975 1111 3033 consecratae
1136 2978 1245 3032 erant.
1299 2959 1414 3053 Quem
1464 2959 1618 3053 ἄριστον
1648 2953 1765 3047 ὕδωρ.
1831 2957 2048 3047 Sapientiam
2087 2972 2120 3025 et
2156 2960 2348 3025 bonitatem
2376 2951 2445 3021 Dei

436 3056 700 3126 inisse'morem
722 3062 921 3146 vetustatis,
964 3077 996 3133 et
1021 3088 1060 3131 ex
1085 3062 1241 3134 Homero
1263 3063 1414 3152 intelligi
1464 3077 1692 3150 agnoscamus
1709 3054 1747 3122 in
1769 3050 1835 3119 bac
1859 3056 1932 3141 ipsa
1952 3057 2078 3123 mnndi
2100 3054 2322 3132 oeconomia,
2348 3054 2444 3156 quoq
2521 3067 2526 3078 ·

436 3168 570 3242 potest,
596 3158 654 3243 qni
679 3160 820 3241 scribit,
844 3164 1032 3230 exercitum
1048 3160 1223 3231 Graecum
1248 3165 1413 3252 pestilen-
1463 3185 1519 3230 res
1535 3157 1685 3227 maxime
1702 3152 1913 3222 necessarias
1934 3153 2063 3241 passim
2085 3154 2207 3219 obrias
2228 3176 2300 3220 esse
2321 3152 2444 3219 voluit.

438 3253 486 3317 tia
501 3249 663 3338 punitum
680 3275 764 3335 esse,
779 3268 923 3343 propter
938 3273 1069 3348 raptam
1081 3260 1280 3329 Sacerdotis
1294 3264 1414 3333 liliam.
1462 3259 1618 3328 Naturae
1638 3249 1885 3344 praestantiam
1902 3249 2026 3335 etiam,
2053 3262 2224 3342 quantum
2247 3270 2443 3338 possumus,

436 3344 485 3418 Et
507 3349 598 3436 apud
622 3345 831 3440 Sophoclem
853 3352 1023 3425 Hercules
1050 3359 1113 3426 dat
1139 3359 1304 3429 mandata
1326 3354 1414 3427 Phi·
1463 3358 1735 3427 consideremus.

433 3447 630 3516 loctetaeet
647 3447 802 3544 Pyrrho,
824 3477 870 3522 ne
891 3456 1020 3544 templa
1046 3456 1191 3526 violent.
1242 3456 1416 3529 AcToti·
1566 3454 1760 3527 Sedorem
1776 3450 1951 3519 miseram.
2003 3447 2171 3521 Fruimur
2185 3450 2362 3520 beneficiis
2376 3447 2444 3519 Dei

433 3547 486 3614 las
510 3570 569 3614 rex
593 3545 784 3620 Gotthi'cns
798 3550 936 3621 Romae
956 3552 1238 3624 Christianorum
1264 3558 1414 3646 templis,
1463 3551 1793 3634 innumerabilibus,
1824 3551 1976 3620 etmulti
1994 3573 2189 3619 necrernm
2207 3551 2360 3640 ipsarum
2380 3574 2443 3620 na·

434 3649 633 3736 etpopulo‚
657 3650 771 3741 quiin
790 3652 1257 3741 eaconl'ngerat‚'pepercit.
1296 3653 1413 3738 Nunc,
1462 3668 1559 3724 turas
1589 3651 1781 3742 aspiciunt,
1815 3674 1880 3719 nec
1908 3666 2064 3720 autorem
2096 3664 2281 3740 quaerunt.
2346 3648 2443 3721 Haec

433 3762 473 3816 nt
498 3746 536 3814 in
561 3746 639 3815 aliis
663 3748 783 3851 sepultis
803 3750 927 3834 rebus,
959 3750 1139 3820 barbaries
1161 3752 1413 3845 etpetulantia
1461 3752 1601 3842 ignavia
1624 3752 1826 3821 detestanda
1850 3764 1910 3823 est.
1975 3749 2099 3839 Caligo
2120 3775 2203 3819 vero
2228 3751 2356 3818 mentis
2380 3753 2444 3819 de-

401 3932 412 3939 η
433 3847 546 3916 maior
561 3860 623 3919 est.
1463 3853 1633 3943 ploranda
1655 3865 1726 3935 est,
1751 3853 1845 3943 qnod
1874 3851 1978 3920 etiam
2000 3876 2078 3920 cnm
2101 3864 2264 3920 naturam
2287 3850 2444 3941 inquiri-

534 3945 715 4017 Credibile
743 3960 795 4018 est
824 3959 958 4030 autem,
986 3961 1020 4016 et
1047 3962 1126 4019 ante
1147 3945 1328 4020 Othonem
1351 3952 1414 4022 diu
1462 3976 1559 4036 mus,
1587 3966 1706 4021 tamen
1730 3953 1786 4019 vix
1809 3952 1953 4043 procul,
1983 3966 2023 4021 nt
2043 3950 2186 4020 urbium
2209 3949 2333 4041 procul
2357 3973 2444 4019 con·

435 4043 497 4115 has
520 4049 648 4144 salinas
671 4046 797 4128 fnisse,
820 4048 1070 4140 quia'nomina
1093 4053 1302 4134 ostendunt,
1327 4055 1414 4121 diras
1463 4066 1659 4144 specterum
1676 4052 1877 4137 cacumina,
1897 4052 2098 4138 aspicimus.
2137 4050 2209 4121 Nec
2223 4064 2342 4120 tamen
2357 4044 2444 4119 haec

435 4147 485 4216 ihi
499 4164 641 4237 gentes,
668 4145 916 4217 Germanicam
942 4158 975 4216 et
991 4146 1164 4219 Henetam
1188 4151 1227 4218 in
1247 4152 1323 4242 ripa
1345 4152 1415 4221 llu'·
1462 4155 1537 4244 ipsa
1553 4152 1736 4239 diligentia
1755 4151 1871 4220 inanis
1886 4163 1950 4224 est.

436 4249 542 4319 minis
558 4249 660 4320 Salae
679 4244 871 4333 habitasse,
896 4272 975 4316 cnm
993 4252 1134 4341 quidem
1151 4247 1309 4321 Othonis
1323 4265 1412 4322 tem·
1563 4249 1779 4319 Monstravit
1792 4250 1991 4318 rudimenta
2009 4251 2180 4342 quaedam
2188 4247 2296 4335 Deus,
2325 4265 2361 4321 ct
2375 4253 2443 4321 ali-

437 4374 521 4439 pore
553 4351 651 4419 mdla
687 4349 735 4416 ibi
769 4351 881 4435 gentis
912 4346 1069 4419 Henetae
1101 4353 1255 4441 potentia
1295 4353 1411 4425 fuerit.
1465 4373 1554 4444 qnas
1567 4372 1641 4420 esse
1656 4362 1768 4420 certas
1784 4349 1932 4419 noticias
1948 4347 2078 4435 voluit,
2104 4363 2147 4422 nt
2167 4374 2313 4442 operum
2329 4364 2363 4420 et
2382 4373 2442 4420 or-

434 4445 607 4521 Existimo
632 4450 735 4517 etiam
763 4447 824 4517 bas
849 4451 941 4539 ipsas
970 4473 1041 4517 esse
1067 4450 1223 4537 Salinas,
1263 4478 1414 4546 quarum
1462 4453 1558 4524 dinis
1571 4451 1724 4541 aspectio
1742 4450 2030 4521 commonefactio
2045 4465 2133 4521 essct
2146 4452 2190 4519 de
2206 4462 2342 4520 autore.

433 4551 648 4619 mentionem
679 4551 761 4619 lacit
784 4549 970 4619 Cornelius
994 4549 1153 4633 Tacitus,
1193 4553 1256 4643 qni
1284 4553 1415 4639 scribit,
1564 4549 1736 4622 Condidit
1757 4548 1854 4622 Deus
1877 4563 2030 4644 quatuor
2054 4552 2168 4644 prima
2198 4572 2362 4641 corpora,
2400 4573 2443 4619 ex

430 4651 617 4721 dimicasse
633 4652 725 4718 inter
736 4673 772 4718 se
786 4646 831 4719 de
845 4651 1002 4720 fontibus
1024 4653 1110 4720 salis
1130 4652 1249 4723 Cattos
1269 4667 1302 4722 et
1319 4650 1414 4723 Che·
1461 4654 1593 4745 quibus
1609 4644 1706 4722 nasci
1721 4651 1830 4733 mixta
1851 4653 1985 4736 voluit,
2011 4666 2045 4723 et
2067 4651 2309 4722 admirabilem
2331 4663 2443 4719 mate-

436 4775 566 4826 russos.
632 4749 873 4821 Nec-dubium
905 4765 973 4835 est,
1011 4747 1207 4822 Cheruscos
1227 4752 1414 4825 Her'cinios
1460 4755 1536 4823 riae
1550 4753 1752 4824 varietatem
1767 4751 1910 4824 inclusit
1931 4764 2085 4847 quatuor
2103 4750 2348 4845 qualitatibus:
2372 4747 2442 4820 Ca·

438 4872 521 4919 esse.
576 4850 632 4922 Ad
657 4848 777 4923 Cattos
801 4865 917 4921 autem
940 4850 1148 4942 pertinuisse
1173 4879 1270 4924 oram
1294 4830 1414 4946 proxi-
1462 4855 1554 4939 lida,
1588 4855 1737 4944 frigido,
1774 4847 1922 4923 humido
1940 4866 1975 4923 et
1994 4852 2097 4927 sicco.
2162 4849 2356 4921 Credamus
2385 4872 2443 4918 sa-

439 4969 531 5015 mam
544 4952 678 5041 sylvae,
705 4953 788 5025 inde
802 4976 913 5046 usquc
928 4954 973 5025 ab
987 4951 1130 5023 lsenaco
1147 4959 1191 5025 ad
1215 4957 1326 5049 ripam
1345 4958 1414 5029 llu-
1461 4955 1593 5045 pientia
1608 4951 1695 5039 Dei,
1719 4949 1805 5022 bace
1821 4977 1935 5047 neque
1947 4953 2072 5037 stulte,
2097 4975 2212 5045 neque
2227 4965 2357 5021 temere
2379 4975 2440 5021 co·
2498 4996 2500 5001 -

436 5044 548 5117 minis
566 5046 733 5128 Unstroti.
1461 5056 1568 5145 gitata
1580 5075 1674 5140 esse,
1698 5066 1734 5123 et
1754 5074 1809 5121 res
1823 5053 1915 5143 ipsas
1929 5054 2235 5141 magnifaciamus,
2260 5053 2341 5142 qnia
2358 5067 2442 5121 sunt

542 5144 645 5216 Hanc
672 5152 1038 5223 commemorationem
1065 5157 1109 5224 de
1140 5155 1348 5249 antiquitate
1371 5181 1412 5227 eo
1462 5151 1652 5247 operaDei.
1701 5149 1834 5223 Causas
1847 5176 1931 5222 vero
1946 5155 2087 5222 consilii
2102 5151 2339 5220 fabricationis
2356 5164 2442 5221 tunc

432 5247 575 5332 addidi,
611 5247 692 5340 quia
714 5252 923 5323 diuturnitas
939 5255 1042 5331 etiam
1060 5267 1223 5341 testatur,
1249 5257 1336 5328 tales
1353 5280 1415 5326 ve-
1462 5276 1656 5338 cernemus,
1681 5276 1761 5323 cnm
1777 5253 1815 5321 in
1831 5255 2123 5323 totaaeternitate
2140 5251 2255 5321 ideam
2270 5251 2385 5342 operis
2402 5252 2441 5319 in

431 5372 495 5417 nas
524 5344 645 5419 aDeo
677 5360 712 5419 ct
740 5353 893 5423 conditas
922 5378 1015 5439 esse,
1055 5370 1087 5426 et
1118 5356 1261 5427 serrari.
1320 5356 1412 5426 Nam
1460 5356 1534 5425 filio
1550 5354 1619 5426 Dei
1634 5376 1752 5424 coram
1769 5353 1999 5424 intuebimur.
2064 5388 2069 5399 ·

430 5448 564 5519 etiamsi
588 5449 669 5540 quis
692 5451 902 5537 disputabit,
941 5452 1146 5525 Cornelium
1172 5455 1335 5527 Tacitum
1366 5461 1411 5527 de
1562 5454 1705 5526 Poterat
1719 5454 1820 5526 Dens
1829 5455 1937 5523 talem
1958 5453 2114 5521 condere
2133 5463 2296 5520 naturam
2321 5446 2439 5516 homi-

431 5549 510 5618 aliis
529 5547 693 5619 'fontibus
715 5548 834 5641 loqui,
873 5563 987 5622 tamen
1021 5557 1156 5626 vicinos
1178 5558 1327 5647 intelligi
1347 5582 1411 5628 ne-
1459 5580 1568 5643 num,
1591 5556 1830 5650 quaesiverat
1845 5555 1925 5626 sine
1935 5553 2126 5638 alimento,
2152 5564 2212 5623 ant
2236 5556 2439 5640 pasceretur
