6025 6775
2451 537 2482 582 4

491 586 568 661 aaa
642 679 645 690 ,
895 643 897 648 .
1013 639 1021 662 ,
1106 595 1115 668 ,·
1186 574 1214 655 1.
1251 568 1546 653 canonicos
1574 566 1825 654 castonis.
2262 605 2267 612 ·
2434 585 2512 663 aas

495 759 552 832 tis.
617 752 729 828 Multi
757 752 964 847 praecipuae
995 748 1194 822 nobilitatis
1217 727 1355 821 Romae
1387 768 1472 838 pro-
1521 741 1665 814 mettica
1688 745 1838 816 tremum
1860 745 2037 821 discordia
2058 753 2201 826 attraxit
2223 754 2502 847 ingentes-,cata-

496 858 617 949 acripti
631 870 666 928 et
682 843 965 927 interfecti'sunt.
1015 849 1127 932 Tunc
1142 857 1177 922 et
1192 843 1253 921 M.
1269 837 1396 919 Cicero
1413 847 1473 915 in·
1522 843 1677 928 mitates,
1701 869 1788 938 quas
1803 859 1922 919 mmen
1936 847 2033 922 Deus
2053 852 2247 946 mitigavit,
2271 880 2318 928 ne
2336 859 2501 932 lunditus
2570 863 2573 870 '

494 981 631 1051 gressus
652 980 788 1028 annum
809 953 1058 1045 sexagesimum
1080 964 1247 1045 quartano
1274 970 1396 1019 meme
1416 945 1473 1017 la·
1521 938 1680 1014 Ecclesia
1703 947 1890 1023 deleretur.
1949 950 2110 1024 Primum
2129 955 2248 1028 autem
2271 960 2316 1031 de
2338 954 2500 1032 Ecclesia

494 1061 624 1131 nuario
640 1058 844 1129 interfectus
858 1068 926 1139 est,
950 1052 1051 1123 cuins
1066 1066 1171 1145 caput
1184 1075 1266 1124 cum
1287 1050 1409 1121 dextra
1433 1047 1472 1117 in
1521 1043 1561 1115 io
1583 1067 1625 1116 ea
1646 1047 1728 1116 sede
1747 1042 1834 1120 haec
1852 1051 2132 1127 considerentur.
2175 1057 2381 1131 sacerdotia
2398 1075 2500 1134 tene·

496 1161 620 1236 rostris
634 1159 786 1250 positum
801 1170 860 1226 est.
1520 1146 1608 1218 bant
1628 1140 1792 1220 homines
1812 1148 2004 1243 prophani.
2056 1155 2248 1252 Doctrinae
2268 1181 2380 1249 genus
2400 1164 2499 1255 quod

599 1258 707 1330 Anno
729 1254 1037 1347 septingentesimo
1057 1251 1270 1323 duodecimo
1292 1247 1472 1324 Antonius
1520 1245 1689 1319 latissime
1703 1252 1896 1341 vagabatur
1916 1254 1956 1324 in
1979 1258 2130 1350 populo,
2155 1272 2229 1331 erat
2250 1255 2500 1352 pharisaicum.

496 1376 531 1433 et
545 1357 716 1433 Octavius
730 1354 857 1427 Caesar
870 1353 1024 1426 Brutum
1048 1366 1082 1423 et
1094 1350 1256 1424 Cassium
1277 1354 1372 1424 bello
1391 1374 1472 1444 per-
1520 1346 1593 1418 Nec
1614 1360 1732 1420 tamen
1753 1353 1877 1443 exigua
1901 1356 2093 1431 multitudo
2115 1361 2275 1452 amplexa
2295 1373 2348 1432 est
2376 1363 2498 1455 epicu-

497 1462 634 1555 sequuti
648 1470 742 1532 sunt.
793 1454 935 1527 Cassius
951 1454 1020 1524 sibi
1034 1454 1109 1545 ipse
1123 1465 1275 1523 mortem
1289 1454 1473 1526 conscivit.
1520 1470 1599 1519 reos
1612 1450 2043 1531 furoresZadduceorum.
2093 1457 2148 1531 Ita
2171 1462 2211 1530 in
2232 1474 2360 1552 magna
2373 1457 2499 1534 mrrlti-¹

495 1563 626 1634 Brutus
641 1572 759 1653 postea
772 1580 913 1650 quoque
927 1580 964 1626 se
981 1554 1164 1625 interficia
1180 1552 1347 1625 Stratone
1362 1554 1475 1641 iussit,
1520 1549 1644 1619 tudine
1672 1552 1823 1625 extincta
1848 1555 1916 1625 suit
1939 1582 2021 1629 vera
2042 1560 2219 1634 invocatio
2239 1559 2325 1655 Dei,
2366 1564 2499 1656 partim

495 1686 575 1733 cum
588 1662 771 1754 aliquanto
787 1671 870 1727 ante
885 1655 1064 1728 recitasset
1079 1650 1176 1726 hunc
1190 1677 1349 1726 versum:
1520 1649 1767 1741 superstitione
1781 1651 2069 1747 Pharisaeorum,
2088 1663 2217 1754 partim
2236 1664 2397 1756 epicuree
2412 1688 2499 1757 pro-
2524 1704 2526 1708 >

536 1762 600 1824 Ζεῦ
620 1756 663 1841 με)
684 1755 785 1820 λάθοι
807 1776 843 1820 σε
864 1756 962 1819 τῶνδε
984 1748 1020 1829 ὃς
1041 1750 1145 1828 αἴτιος
1165 1753 1280 1817 κακῶν.
1330 1848 1332 1852 Ι
1473 1835 1479 1844 ·
1521 1744 1702 1843 phanilalc
1728 1751 2008 1835 stduceorum.
2070 1760 2231 1835 Servavit
2258 1776 2377 1835 tamen
2402 1761 2501 1837 Deua

496 1862 579 1953 Quo
607 1884 712 1933 versu
736 1858 830 1929 mala
853 1858 1063 1950 imprecatus
1083 1868 1135 1927 est
1155 1856 1275 1928 autori
1294 1868 1473 1929 tantarum
1521 1849 1597 1944 pias
1618 1852 1804 1948 reliquias,
1829 1853 2051 1947 Simeonem,
2075 1858 2303 1952 Zachariam,
2335 1881 2500 1958 parentes

495 1966 744 2036 calamitatum,
1521 1950 1677 2033 Mariae,
1705 1968 1740 2027 et
1765 1967 1903 2026 coetum
1924 1959 2097 2052 aliquem,
2130 1964 2194 2058 qui
2213 1959 2342 2037 horum
2364 1967 2500 2040 docui-

597 2063 760 2133 Tandem
792 2074 826 2132 et
856 2061 950 2131 inter
979 2056 1208 2129 Triumviros
1237 2057 1473 2129 dissensiones
1520 2074 1604 2123 nam
1621 2054 1678 2145 pie
1691 2067 1726 2126 et
1742 2068 1945 2128 constanter
1957 2061 2138 2151 amplexus
2154 2078 2220 2155 est,
2245 2078 2280 2135 et
2292 2065 2498 2139 vereDcum

497 2179 595 2237 ortae
618 2178 720 2245 suut,
752 2175 792 2233 ut
810 2162 958 2232 dicitur:
991 2157 1100 2230 Nulla
1122 2161 1209 2229 lides
1229 2160 1331 2250 regni
1358 2158 1474 2245 sociis,
1520 2178 1600 2225 cnm
1614 2153 1702 2248 ipsis
1714 2156 1893 2228 invocavit
1908 2158 1947 2227 iu
1961 2160 2140 2249 agnitione
2155 2177 2189 2234 et
2203 2166 2331 2237 fiducia
2345 2167 2412 2236 filii
2420 2165 2503 2253 Dei,

495 2266 682 2358 omnisque
697 2276 847 2355 potestas
863 2260 1051 2352 impatiens
1065 2259 1238 2331 consortis
1251 2261 1330 2334 erit.
1362 2258 1473 2331 Cum·
1519 2268 1555 2326 et
1568 2255 1614 2344 ab
1627 2256 1807 2327 erroribus
1814 2252 2088 2331 Pharisaeorum
2104 2263 2418 2338 etZadduceorum
2435 2269 2500 2339 ab·

496 2389 566 2460 que
580 2360 760 2435 Antonius
781 2384 926 2456 sperans
948 2385 984 2431 se
1005 2362 1120 2432 solum
1142 2361 1338 2452 potiturum
1358 2360 1473 2453 impe-
1519 2350 1678 2443 horruit,
1710 2370 1746 2429 et
1767 2380 1845 2445 eos,
1875 2360 2015 2455 quoties
2033 2362 2103 2433 fuit
2124 2365 2282 2452 occasio,
2320 2368 2500 2444 refutavit.

494 2468 569 2551 110,
599 2489 640 2535 ax
655 2466 815 2558 Aegypto
837 2485 1006 2553 magnum
1030 2462 1221 2534 exercitum
1236 2460 1389 2537 Romam
1410 2464 1474 2533 ad.
1519 2453 1588 2527 Hic
1603 2456 1685 2548 pius
1700 2472 1820 2530 coetus
1837 2460 1877 2529 iu
1891 2462 2034 2554 quantis
2046 2463 2154 2536 luerit
2174 2466 2360 2558 periculis,
2391 2467 2501 2538 intel·

497 2571 657 2651 duceret,
682 2561 990 2635 OctaviusCaesar
1005 2585 1085 2633 cnm
1099 2562 1308 2634 exercituin
1319 2559 1472 2657 Epirum
1518 2557 1582 2647 ligi
1603 2572 1720 2651 potest
1746 2584 1789 2631 ex
1818 2575 1933 2633 morte
1954 2558 2147 2636 Zachariae
2176 2567 2287 2659 patris
2306 2566 2501 2661 Baptistae.

495 2667 651 2748 traiecit,
676 2666 740 2736 nbi
756 2665 889 2735 victum
906 2677 940 2736 et
955 2664 1116 2752 iugatum
1130 2659 1330 2735 Antonium
1342 2688 1472 2759 sequu-
1518 2654 1634 2730 Credo
1666 2661 1763 2731 enim
1793 2662 1979 2743 vetustati,
2025 2689 2115 2759 quae
2139 2681 2260 2741 narrat
2289 2664 2502 2742 Zachariam

494 2785 551 2842 tus
568 2782 620 2838 est
636 2762 900 2836 Alexandriam.
951 2761 1007 2833 Ibi
1022 2776 1105 2834 ante
1121 2766 1312 2838 adventum
1328 2761 1473 2838 Octavii
1519 2773 1664 2851 propter
1678 2763 1774 2853 pia·
1790 2763 2046 2834 confessionem
2062 2766 2285 2841 interfectum
2302 2793 2386 2842 esse.
2426 2766 2500 2841 Ac-

494 2868 652 2942 Caesaris
666 2867 919 2937 domunculam
938 2876 1138 2937 extruxerat
1160 2866 1289 2960 inqua
1310 2868 1409 2938 velut
1431 2866 1471 2934 in
1519 2860 1692 2932 cedebant
1706 2875 1824 2933 autem
1840 2864 1931 2933 aliae
1947 2887 2096 2954 magnae
2117 2869 2333 2942 calamitates
2356 2883 2503 2963 propter

494 2992 628 3043 secessu
649 2969 788 3040 dicebat
810 2990 847 3036 se
868 2964 1032 3035 Timonis
1054 2961 1331 3065 μισανθρώπου
1362 2968 1471 3038 vitam
1519 2960 1667 3031 adsidua
1681 2962 1793 3047 bella,
1825 2966 1939 3035 donec
1963 2962 2131 3036 iudaeam
2144 2966 2326 3059 Angustus
2350 2971 2390 3039 in
2411 2993 2499 3063 pro·.

496 3087 656 3144 acturum
677 3092 762 3142 esse.
828 3064 953 3138 Postea
981 3067 1027 3136 ab
1048 3063 1204 3139 Octavio
1226 3070 1472 3139 circumsessus
1519 3060 1658 3132 vinciae
1679 3063 1832 3134 sormam
1854 3065 1998 3155 redegit.
2026 3127 2030 3139 .
2057 3065 2250 3161 Postquam
2274 3071 2370 3141 enim
2389 3068 2500 3142 Pom·

495 3197 576 3246 cum
591 3170 776 3264 aliquoties
796 3168 1008 3239 infoeliciter
1029 3169 1246 3257 dimicasset,
1272 3169 1362 3241 etei
1383 3169 1472 3240 lalso
1518 3160 1622 3253 peius
1641 3175 1740 3254 capta
1758 3161 1972 3259 ierosolyma
2001 3190 2098 3239 anno
2126 3169 2390 3263 quintodecimo
2416 3185 2502 3244 ante

493 3271 701 3346 nunciatum
714 3283 813 3354 esset,
832 3266 1055 3361 Cleopatram
1069 3270 1138 3342 sibi
1153 3271 1473 3342 conscivissemor·
1519 3261 1653 3333 bellum
1677 3263 1783 3334 civile
1807 3280 2005 3357 wesselum
2036 3270 2203 3342 adversm
2227 3269 2379 3357 lullum,
2411 3271 2500 3344 ffir-

493 3392 584 3457 tam,
607 3373 682 3465 ipse
703 3397 777 3445 sese
797 3370 992 3456 interiecit,
1017 3394 1111 3441 anno
1130 3373 1251 3442 aetatis
1267 3395 1350 3444 suae
1366 3372 1473 3466 quin·
1520 3387 1611 3435 cano
1623 3385 1801 3435 summum
1814 3369 2048 3454 sacerdotium
2063 3371 2234 3460 restituit,
2260 3385 2294 3444 et
2307 3368 2502 3447 Aristobu-

496 3476 699 3570 quagesimo
728 3486 842 3558 sexto,
884 3496 979 3542 anno
1008 3485 1125 3541 autem
1154 3474 1365 3541 duodecimo
1394 3484 1474 3564 post
1519 3466 1594 3536 lum
1611 3489 1690 3536 cum
1707 3467 1847 3539 dnobus
1861 3469 1944 3539 filiis
1959 3465 2164 3544 Alexandro
2177 3487 2213 3545 et
2226 3469 2410 3566 Antigono
2419 3473 2500 3550 Ro-

494 3589 645 3647 mortem
661 3571 745 3645 lolii
764 3572 933 3648 Caesaris.
982 3567 1123 3642 Deinde
1145 3586 1179 3643 et
1194 3569 1381 3662 Cleopatra
1404 3570 1473 3642 sibi
1519 3588 1613 3635 mam
1635 3566 1803 3650 abduxit,
1833 3591 1955 3640 rursus
1974 3571 2066 3643 bella
2090 3574 2129 3644 in
2151 3575 2281 3645 Iudaea
2299 3588 2397 3646 mota
2415 3591 2500 3649 sunt

495 3678 632 3769 aspidas
648 3675 821 3761 admovit,
843 3697 931 3768 qnae
946 3697 1021 3744 eam
1036 3686 1220 3744 necarunt.
1270 3671 1368 3745 Haec
1382 3673 1472 3744 lacta
1518 3691 1614 3736 anno
1633 3681 1712 3760 post
1734 3669 1802 3742 iter
1822 3668 1984 3764 Pompeii
2005 3674 2178 3766 septimo,
2209 3677 2256 3746 ab
2276 3669 2502 3762 Aristobulo,

493 3791 577 3851 scant
591 3798 686 3846 anno
701 3775 799 3843 urbis
811 3773 1118 3868 septingentesimo
1128 3775 1295 3846 vicesimo
1306 3776 1471 3849 secundo.
1518 3768 1581 3864 qui
1613 3791 1656 3838 ex
1688 3771 1778 3842 urbe
1809 3768 1926 3844 Roma
1961 3772 2052 3844 clam
2084 3774 2222 3866 superas
2254 3775 2296 3849 iu
2332 3770 2501 3851 iudaeam

492 3881 616 3950 Postea
647 3874 744 3945 solus
771 3874 887 3945 tenuit
914 3875 1103 3967 imperium
1129 3869 1302 3950 Octavios
1331 3873 1473 3963 Caesar,
1518 3871 1638 3944 rediit·

493 3982 550 4053 cui
566 3979 718 4054 Senatus
734 3975 859 4047 tribuit
874 3998 1004 4047 nomen
1017 3972 1188 4071 Augusti.
1621 3969 1784 4065 Cumque
1802 3967 2005 4044 Alexander
2022 3975 2169 4049 biennio
2192 3978 2232 4047 in
2254 3975 2383 4051 Iudaea
2401 4002 2501 4070 gras·

809 4101 811 4105 ¹
1519 4085 1614 4144 satos
1630 4087 1735 4156 esset,
1759 4074 1922 4162 pervenit
1935 4074 1975 4141 in
1988 4076 2179 4148 amicitiam
2187 4076 2318 4165 Crassi,
2343 4081 2401 4149 cui
2417 4081 2501 4166 fuit,

1519 4172 1685 4244 incitator
1707 4184 1747 4240 ut
1770 4168 2020 4266 lerosolymam
2044 4174 2310 4265 ingrederetur,
2331 4179 2395 4251 uhi
2419 4202 2501 4251 ma·

1519 4296 1624 4363 gnam
1641 4270 1826 4364 pecuniam
1840 4272 1978 4344 auferre
1993 4288 2121 4366 posset.
2173 4278 2291 4350 Facile
2309 4281 2501 4373 persuadet

595 4372 685 4445 Cum
699 4377 738 4445 in
754 4372 902 4447 historia
918 4374 1156 4445 consideratio
1172 4370 1350 4444 Ecclesiae
1369 4395 1474 4466 prae-
1519 4371 1725 4444 avarissimo
1748 4373 1852 4460 duci,
1890 4373 1954 4468 qoi
1982 4378 2152 4468 templum
2174 4381 2321 4453 violavit
2343 4381 2500 4453 atrocius

495 4476 596 4565 cipue
612 4496 685 4545 esse
700 4478 844 4557 debeat,
869 4475 1027 4544 dicamus
1049 4476 1153 4546 etiam
1177 4475 1216 4544 in
1238 4471 1304 4546 hac
1326 4475 1472 4544 univer·
1519 4498 1625 4568 quam
1648 4474 1850 4565 Pompeius.
1916 4473 2008 4546 Νειιι
2031 4490 2067 4548 et
2089 4478 2129 4547 in
2151 4475 2297 4575 adytum
2319 4482 2502 4572 ingressus.

495 4574 561 4648 sali
577 4575 768 4646 mutatione
781 4577 919 4668 generis
935 4570 1110 4661 humani,
1132 4600 1212 4647 cum
1229 4576 1322 4647 intra
1342 4599 1471 4668 paucos
1519 4590 1594 4661 est,
1614 4589 1649 4646 et
1667 4576 1813 4647 abstulit
1833 4577 1954 4647 decem
1975 4578 2087 4648 millia
2108 4582 2341 4668 talentorum,
2374 4583 2410 4653 id
2432 4597 2498 4669 est,

494 4699 608 4748 annos
630 4689 663 4746 et
685 4676 837 4750 cessisset
858 4677 1044 4750 Romanae
1065 4677 1244 4769 potentiae
1266 4701 1356 4768 pene
1377 4691 1472 4749 totus
1519 4677 1697 4765 sexaginta
1724 4690 1852 4748 tonnas
1872 4678 1972 4759 auri,
2002 4692 2038 4750 et
2051 4679 2119 4749 alia
2139 4698 2357 4754 ornamenta.
2404 4679 2511 4754 Eius*

495 4779 592 4849 orbis
609 4790 782 4849 terrarum
801 4778 904 4851 nohis
926 4779 1107 4868 cognitus,
1138 4792 1174 4850 et
1195 4777 1263 4869 ipsi
1284 4779 1378 4851 inter
1396 4802 1473 4849 sese
1519 4778 1692 4868 sacrilegii
1720 4792 1839 4870 postea
1875 4801 2006 4869 poenas
2028 4782 2204 4854 dederunt
2225 4796 2259 4854 et
2282 4772 2429 4855 Cras‘sus
2460 4798 2496 4856 et

496 4878 653 4952 Romani
668 4876 763 4947 cives
777 4891 874 4950 moto
887 4882 981 4951 bello
994 4881 1185 4951 domestico
1195 4880 1309 4950 collisi
1326 4903 1471 4969 magnas
1518 4875 1577 4949 hic
1591 4879 1790 4951 Aristobuli
1805 4880 1898 4951 lilius
1913 4880 2131 4967 Alexander,
2155 4883 2361 4957 interiectus
2379 4907 2398 4954 a
2415 4882 2499 4956 Sci·

494 4980 706 5050 vastationes
729 4978 767 5048 in
790 4988 864 5049 toto
885 4980 1035 5074 imperio
1057 4981 1236 5066 fecissent,
1272 5005 1320 5051 au
1342 4978 1469 5052 iudaea
1517 4981 1641 5072 piune,
1666 4981 1730 5072 qui
1743 4981 1847 5051 initio
1865 4980 1952 5051 belli
1969 4980 2176 5074 Pompeiani
2188 4982 2326 5078 Syriam
2343 4987 2499 5076 regebat.

494 5079 601 5153 fuerit
615 5079 830 5174 tranquilla,
851 5078 916 5149 uhi
930 5085 1029 5153 sedes
1044 5082 1112 5154 fuit
1128 5106 1231 5154 verae
1247 5077 1434 5154 Ecclesiae.
1517 5080 1623 5152 Pater
1641 5080 1870 5149 Aristobulus
1895 5083 2049 5152 secundo
2076 5106 2237 5156 reversus
2261 5086 2300 5157 in
2313 5164 2317 5180 Ι
2329 5085 2496 5159 Iudaeam

597 5181 728 5254 incidit
752 5193 870 5251 autem
901 5179 939 5249 in
961 5176 1052 5256 hauc
1075 5183 1311 5256 universalem
1332 5182 1470 5272 generis
1517 5204 1597 5251 cum
1614 5180 1755 5250 duabus'
1766 5179 1969 5270 legionibus
1987 5205 2007 5253 a
2023 5180 2116 5256 lulio
2138 5185 2250 5271 datis,
2271 5211 2407 5259 veneno
2433 5213 2496 5259 ex·
2573 5199 2575 5203 ’

492 5283 641 5356 humani
657 5283 888 5354 mutationem
902 5292 937 5351 et
949 5278 1027 5352 linis
1041 5287 1204 5377 propriae
1215 5284 1354 5376 periodi
1369 5283 1471 5375 regni
1516 5281 1649 5354 tinctus
1662 5294 1714 5352 est
1728 5305 1749 5351 a
1763 5278 2002 5372 Pompeianis.
2345 5300 2349 5307 ’

494 5385 651 5471 lndaici,
675 5386 720 5455 de
735 5406 805 5480 qua
820 5381 954 5453 dictum
970 5380 1053 5456 luit:
1085 5386 1168 5459 Non
1192 5387 1373 5458 auferetur
1392 5407 1468 5454 sce-
1618 5381 1771 5472 anerat
1786 5383 1987 5472 Antigonus
2005 5385 2205 5458 Aristobnli
2226 5388 2325 5460 lilius
2342 5412 2383 5459 er
2403 5388 2494 5459 urbe

493 5503 611 5579 ptmm
634 5487 774 5568 aluda,
800 5486 914 5554 donee
927 5482 1065 5553 venerit
1079 5484 1194 5563 Siloh.
1244 5483 1366 5577 Quare
1388 5509 1470 5556 cum
1516 5481 1632 5558 Roma
1651 5507 1733 5557 cum
1751 5485 1859 5556 iratre
1874 5485 2090 5559 Alexandro.
2141 5485 2304 5583 Cumque
2315 5487 2428 5560 lulius
2448 5512 2492 5559 ex

494 5589 633 5661 articuli
656 5588 711 5658 illi
734 5585 973 5659 mutationum
994 5583 1145 5657 maxime
1165 5590 1236 5660 sint
1256 5586 1470 5673 turbulenti,
1516 5585 1678 5680 Aegypto
1691 5585 1731 5655 iu
1746 5583 1913 5658 iudaeam
1927 5588 2100 5672 venisset,
2124 5591 2249 5681 petivit
2262 5588 2330 5659 sibi
2343 5611 2493 5678 regnum

642 4211 711 4282 De
736 4205 923 4280 ledaea
947 4216 993 4281 et
1015 4207 1070 4281 de
1095 4210 1320 4283 Ecclesia.

496 5685 626 5762 iudaea
638 5691 745 5766 etiam
757 5689 826 5762 luit
842 5684 1021 5783 inquieta,
1052 5684 1113 5753 sed
1133 5685 1229 5777 ipsa,
1257 5703 1298 5765 ut
1320 5691 1377 5780 lit,
1401 5689 1470 5761 do-
1514 5686 1627 5775 tradi,
1658 5689 1755 5778 quod
1774 5683 1965 5782 Pompeius
1977 5685 2135 5762 Hircano
2159 5702 2286 5783 patmo
2308 5688 2495 5776 tribuerat,
