<?xml version="1.0" encoding="UTF-8"?>
<!DOCTYPE html PUBLIC "-//W3C//DTD XHTML 1.0 Transitional//EN"
    "http://www.w3.org/TR/xhtml1/DTD/xhtml1-transitional.dtd">
<html xmlns="http://www.w3.org/1999/xhtml" xml:lang="en" lang="en">
 <head>
  <title>
</title>
<meta http-equiv="Content-Type" content="text/html;charset=utf-8" />
  <meta name='ocr-system' content='tesseract 3.04.00' />
  <meta name='ocr-capabilities' content='ocr_page ocr_carea ocr_par ocr_line ocrx_word'/>
</head>
<body>
  <div class='ocr_page' id='page_1' title='image "./philippimelanth12melagoog/philippimelanth12melagoog_0356.png"; bbox 0 0 6025 6775; ppageno 0'>
   <div class='ocr_carea' id='block_1_1' title="bbox 419 887 1497 1389">
    <p class='ocr_par' dir='ltr' id='par_1_1' title="bbox 419 887 1497 1389">
     <span class='ocr_line' id='line_1_1' title="bbox 601 887 1491 983; baseline -0.02 -8"><span class='ocrx_word' id='word_1_1' title='bbox 601 898 714 975; x_wconf 82' lang='lat' dir='ltr'>Recte</span> <span class='ocrx_word' id='word_1_2' title='bbox 739 898 883 969; x_wconf 75' lang='lat' dir='ltr'>dixisset</span> <span class='ocrx_word' id='word_1_3' title='bbox 908 887 1150 983; x_wconf 69' lang='lat' dir='ltr'><strong>Augustinus,</strong></span> <span class='ocrx_word' id='word_1_4' title='bbox 1181 889 1213 960; x_wconf 93' lang='lat' dir='ltr'>si</span> <span class='ocrx_word' id='word_1_5' title='bbox 1236 890 1399 973; x_wconf 74' lang='lat' dir='ltr'>dixisset,</span> <span class='ocrx_word' id='word_1_6' title='bbox 1433 911 1491 959; x_wconf 89' lang='lat' dir='ltr'>eas</span> 
     </span>
     <span class='ocr_line' id='line_1_2' title="bbox 419 984 1494 1096; baseline -0.018 -18"><span class='ocrx_word' id='word_1_7' title='bbox 419 1075 423 1085; x_wconf 88' lang='grc'><strong>,</strong></span> <span class='ocrx_word' id='word_1_8' title='bbox 502 1008 599 1096; x_wconf 75' lang='lat' dir='ltr'>leges</span> <span class='ocrx_word' id='word_1_9' title='bbox 629 1005 674 1072; x_wconf 92' lang='lat' dir='ltr'>de</span> <span class='ocrx_word' id='word_1_10' title='bbox 697 999 856 1068; x_wconf 88' lang='lat' dir='ltr'>moribus</span> <span class='ocrx_word' id='word_1_11' title='bbox 878 1015 914 1065; x_wconf 89' lang='lat' dir='ltr'>se</span> <span class='ocrx_word' id='word_1_12' title='bbox 938 993 1110 1085; x_wconf 87' lang='lat' dir='ltr'>reperisse</span> <span class='ocrx_word' id='word_1_13' title='bbox 1131 992 1226 1084; x_wconf 90' lang='lat' dir='ltr'>apud</span> <span class='ocrx_word' id='word_1_14' title='bbox 1248 984 1494 1085; x_wconf 88' lang='lat' dir='ltr'>philosophos,</span> 
     </span>
     <span class='ocr_line' id='line_1_3' title="bbox 504 1089 1495 1202; baseline -0.018 -24"><span class='ocrx_word' id='word_1_15' title='bbox 504 1128 597 1202; x_wconf 92' lang='lat' dir='ltr'>quae</span> <span class='ocrx_word' id='word_1_16' title='bbox 621 1105 787 1191; x_wconf 79' lang='lat' dir='ltr'>leguntur</span> <span class='ocrx_word' id='word_1_17' title='bbox 808 1096 904 1187; x_wconf 87' lang='lat' dir='ltr'>apud</span> <span class='ocrx_word' id='word_1_18' title='bbox 923 1089 1158 1166; x_wconf 89' lang='lat' dir='ltr'>Christianos.</span> <span class='ocrx_word' id='word_1_19' title='bbox 1216 1092 1307 1165; x_wconf 86' lang='lat' dir='ltr'>Nam</span> <span class='ocrx_word' id='word_1_20' title='bbox 1328 1094 1495 1183; x_wconf 81' lang='lat' dir='ltr'>Evange-</span> 
     </span>
     <span class='ocr_line' id='line_1_4' title="bbox 503 1188 1496 1296; baseline -0.016 -19"><span class='ocrx_word' id='word_1_21' title='bbox 503 1209 598 1278; x_wconf 90' lang='lat' dir='ltr'>lium</span> <span class='ocrx_word' id='word_1_22' title='bbox 625 1220 770 1296; x_wconf 87' lang='lat' dir='ltr'>prorsus</span> <span class='ocrx_word' id='word_1_23' title='bbox 799 1199 965 1288; x_wconf 81' lang='lat' dir='ltr'>ignorant</span> <span class='ocrx_word' id='word_1_24' title='bbox 986 1188 1209 1287; x_wconf 91' lang='lat' dir='ltr'>philosophi,</span> <span class='ocrx_word' id='word_1_25' title='bbox 1242 1193 1306 1287; x_wconf 90' lang='lat' dir='ltr'>qui</span> <span class='ocrx_word' id='word_1_26' title='bbox 1328 1194 1496 1285; x_wconf 80' lang='lat' dir='ltr'>ignorant</span> 
     </span>
     <span class='ocr_line' id='line_1_5' title="bbox 507 1289 1497 1389; baseline -0.015 -11"><span class='ocrx_word' id='word_1_27' title='bbox 507 1299 831 1378; x_wconf 83' lang='lat' dir='ltr'>reconciliationem</span> <span class='ocrx_word' id='word_1_28' title='bbox 863 1297 932 1368; x_wconf 84' lang='lat' dir='ltr'>lide</span> <span class='ocrx_word' id='word_1_29' title='bbox 961 1309 1107 1389; x_wconf 87' lang='lat' dir='ltr'>propter</span> <span class='ocrx_word' id='word_1_30' title='bbox 1134 1289 1318 1365; x_wconf 79' lang='lat' dir='ltr'>Christum</span> <span class='ocrx_word' id='word_1_31' title='bbox 1351 1293 1497 1364; x_wconf 89' lang='lat' dir='ltr'>contin-</span> 
     </span>
    </p>
   </div>
   <div class='ocr_carea' id='block_1_2' title="bbox 507 1394 1498 1578">
    <p class='ocr_par' dir='ltr' id='par_1_2' title="bbox 507 1394 1498 1578">
     <span class='ocr_line' id='line_1_6' title="bbox 509 1394 1498 1498; baseline -0.016 -21"><span class='ocrx_word' id='word_1_32' title='bbox 509 1428 604 1498; x_wconf 71' lang='lat' dir='ltr'>gere.</span> <span class='ocrx_word' id='word_1_33' title='bbox 652 1398 838 1471; x_wconf 78' lang='lat' dir='ltr'>Caeterum</span> <span class='ocrx_word' id='word_1_34' title='bbox 858 1399 953 1489; x_wconf 78' lang='lat' dir='ltr'>leges</span> <span class='ocrx_word' id='word_1_35' title='bbox 973 1399 1017 1467; x_wconf 91' lang='lat' dir='ltr'>de</span> <span class='ocrx_word' id='word_1_36' title='bbox 1038 1395 1205 1467; x_wconf 86' lang='lat' dir='ltr'>civilibus</span> <span class='ocrx_word' id='word_1_37' title='bbox 1218 1394 1380 1466; x_wconf 90' lang='lat' dir='ltr'>moribus</span> <span class='ocrx_word' id='word_1_38' title='bbox 1397 1416 1498 1464; x_wconf 88' lang='lat' dir='ltr'>eom-</span> 
     </span>
     <span class='ocr_line' id='line_1_7' title="bbox 507 1494 1430 1578; baseline -0.014 -4"><span class='ocrx_word' id='word_1_39' title='bbox 507 1503 665 1578; x_wconf 81' lang='lat' dir='ltr'>munitet</span> <span class='ocrx_word' id='word_1_40' title='bbox 680 1512 816 1570; x_wconf 89' lang='lat' dir='ltr'>norunt</span> <span class='ocrx_word' id='word_1_41' title='bbox 831 1521 913 1569; x_wconf 92' lang='lat' dir='ltr'>cum</span> <span class='ocrx_word' id='word_1_42' title='bbox 928 1494 1154 1570; x_wconf 88' lang='lat' dir='ltr'>Christianis.</span> <span class='ocrx_word' id='word_1_43' title='bbox 1416 1532 1430 1568; x_wconf 53' lang='grc' dir='ltr'>ε</span> 
     </span>
    </p>
   </div>
   <div class='ocr_carea' id='block_1_3' title="bbox 415 1626 1500 2132">
    <p class='ocr_par' dir='ltr' id='par_1_3' title="bbox 415 1626 1500 2132">
     <span class='ocr_line' id='line_1_8' title="bbox 500 1626 1499 1726; baseline -0.01 -19"><span class='ocrx_word' id='word_1_44' title='bbox 500 1722 502 1724; x_wconf 31' lang='grc'><strong>,</strong></span> <span class='ocrx_word' id='word_1_45' title='bbox 609 1632 683 1706; x_wconf 85' lang='lat' dir='ltr'>Nec</span> <span class='ocrx_word' id='word_1_46' title='bbox 704 1633 870 1726; x_wconf 92' lang='lat' dir='ltr'>apparuit</span> <span class='ocrx_word' id='word_1_47' title='bbox 890 1626 1057 1702; x_wconf 89' lang='lat' dir='ltr'>Christus</span> <span class='ocrx_word' id='word_1_48' title='bbox 1080 1630 1181 1717; x_wconf 89' lang='lat' dir='ltr'>ideo,</span> <span class='ocrx_word' id='word_1_49' title='bbox 1212 1642 1254 1702; x_wconf 88' lang='lat' dir='ltr'>ut</span> <span class='ocrx_word' id='word_1_50' title='bbox 1274 1650 1384 1700; x_wconf 85' lang='lat' dir='ltr'>novas</span> <span class='ocrx_word' id='word_1_51' title='bbox 1405 1627 1499 1717; x_wconf 81' lang='lat' dir='ltr'>leges</span> 
     </span>
     <span class='ocr_line' id='line_1_9' title="bbox 504 1729 1500 1817; baseline -0.01 -6"><span class='ocrx_word' id='word_1_52' title='bbox 504 1736 554 1811; x_wconf 65' lang='lat' dir='ltr'>&#39;de</span> <span class='ocrx_word' id='word_1_53' title='bbox 582 1736 743 1806; x_wconf 88' lang='lat' dir='ltr'>moribus</span> <span class='ocrx_word' id='word_1_54' title='bbox 767 1734 896 1817; x_wconf 87' lang='lat' dir='ltr'>ferret,</span> <span class='ocrx_word' id='word_1_55' title='bbox 930 1755 1012 1802; x_wconf 92' lang='lat' dir='ltr'>cum</span> <span class='ocrx_word' id='word_1_56' title='bbox 1037 1744 1140 1802; x_wconf 91' lang='lat' dir='ltr'>antea</span> <span class='ocrx_word' id='word_1_57' title='bbox 1163 1730 1253 1800; x_wconf 91' lang='lat' dir='ltr'>ratio</span> <span class='ocrx_word' id='word_1_58' title='bbox 1273 1730 1372 1800; x_wconf 88' lang='lat' dir='ltr'>norit</span> <span class='ocrx_word' id='word_1_59' title='bbox 1394 1729 1500 1817; x_wconf 77' lang='lat' dir='ltr'>leges.</span> 
     </span>
     <span class='ocr_line' id='line_1_10' title="bbox 507 1830 1499 1923; baseline -0.016 -11"><span class='ocrx_word' id='word_1_60' title='bbox 507 1836 559 1912; x_wconf 82' lang='lat' dir='ltr'>Et</span> <span class='ocrx_word' id='word_1_61' title='bbox 581 1838 674 1907; x_wconf 88' lang='lat' dir='ltr'>ferre</span> <span class='ocrx_word' id='word_1_62' title='bbox 699 1836 793 1923; x_wconf 82' lang='lat' dir='ltr'>leges</span> <span class='ocrx_word' id='word_1_63' title='bbox 817 1834 862 1902; x_wconf 89' lang='lat' dir='ltr'>ad</span> <span class='ocrx_word' id='word_1_64' title='bbox 884 1832 1107 1922; x_wconf 77' lang='lat' dir='ltr'>magistratus</span> <span class='ocrx_word' id='word_1_65' title='bbox 1129 1830 1303 1921; x_wconf 86' lang='lat' dir='ltr'>pertinet,</span> <span class='ocrx_word' id='word_1_66' title='bbox 1342 1830 1387 1900; x_wconf 90' lang='lat' dir='ltr'>ad</span> <span class='ocrx_word' id='word_1_67' title='bbox 1409 1850 1499 1922; x_wconf 91' lang='lat' dir='ltr'>quos</span> 
     </span>
     <span class='ocr_line' id='line_1_11' title="bbox 509 1926 1499 2024; baseline -0.014 -13"><span class='ocrx_word' id='word_1_68' title='bbox 509 1936 783 2011; x_wconf 89' lang='lat' dir='ltr'>constituendos</span> <span class='ocrx_word' id='word_1_69' title='bbox 815 1926 910 2001; x_wconf 91' lang='lat' dir='ltr'>nihil</span> <span class='ocrx_word' id='word_1_70' title='bbox 939 1956 1028 2024; x_wconf 88' lang='lat' dir='ltr'>opus</span> <span class='ocrx_word' id='word_1_71' title='bbox 1058 1945 1110 2003; x_wconf 90' lang='grc' dir='ltr'>εει</span> <span class='ocrx_word' id='word_1_72' title='bbox 1140 1955 1233 2001; x_wconf 91' lang='lat' dir='ltr'>nova</span> <span class='ocrx_word' id='word_1_73' title='bbox 1265 1930 1499 2013; x_wconf 82' lang='lat' dir='ltr'>revelatione3</span> 
     </span>
     <span class='ocr_line' id='line_1_12' title="bbox 415 2027 1274 2132; baseline -0.01 -20"><span class='ocrx_word' id='word_1_74' title='bbox 415 2027 421 2034; x_wconf 41' lang='lat'>⁸</span> <span class='ocrx_word' id='word_1_75' title='bbox 509 2039 666 2132; x_wconf 85' lang='lat' dir='ltr'>pertinet</span> <span class='ocrx_word' id='word_1_76' title='bbox 683 2035 779 2105; x_wconf 84' lang='lat' dir='ltr'>enim</span> <span class='ocrx_word' id='word_1_77' title='bbox 796 2056 852 2103; x_wconf 92' lang='lat' dir='ltr'>res</span> <span class='ocrx_word' id='word_1_78' title='bbox 867 2035 916 2103; x_wconf 91' lang='lat' dir='ltr'>ad·</span> <span class='ocrx_word' id='word_1_79' title='bbox 926 2031 1098 2103; x_wconf 93' lang='lat' dir='ltr'>iudicium</span> <span class='ocrx_word' id='word_1_80' title='bbox 1114 2032 1274 2103; x_wconf 85' lang='lat' dir='ltr'>rationis.</span> 
     </span>
    </p>
   </div>
   <div class='ocr_carea' id='block_1_4' title="bbox 512 2158 1501 2476">
    <p class='ocr_par' dir='ltr' id='par_1_4' title="bbox 512 2158 1501 2476">
     <span class='ocr_line' id='line_1_13' title="bbox 615 2158 1500 2258; baseline -0.008 -19"><span class='ocrx_word' id='word_1_81' title='bbox 615 2166 689 2240; x_wconf 87' lang='lat' dir='ltr'>Nec</span> <span class='ocrx_word' id='word_1_82' title='bbox 712 2162 886 2258; x_wconf 78' lang='lat' dir='ltr'>Epicurea</span> <span class='ocrx_word' id='word_1_83' title='bbox 915 2158 1143 2256; x_wconf 89' lang='lat' dir='ltr'>philosophia</span> <span class='ocrx_word' id='word_1_84' title='bbox 1170 2178 1263 2236; x_wconf 91' lang='lat' dir='ltr'>recte</span> <span class='ocrx_word' id='word_1_85' title='bbox 1294 2164 1428 2236; x_wconf 89' lang='lat' dir='ltr'>iudicat</span> <span class='ocrx_word' id='word_1_86' title='bbox 1456 2165 1500 2233; x_wconf 89' lang='lat' dir='ltr'>de</span> 
     </span>
     <span class='ocr_line' id='line_1_14' title="bbox 512 2260 1501 2357; baseline -0.01 -15"><span class='ocrx_word' id='word_1_87' title='bbox 512 2275 586 2342; x_wconf 89' lang='lat' dir='ltr'>line</span> <span class='ocrx_word' id='word_1_88' title='bbox 607 2269 808 2354; x_wconf 89' lang='lat' dir='ltr'>bonorum,</span> <span class='ocrx_word' id='word_1_89' title='bbox 840 2278 875 2337; x_wconf 90' lang='grc' dir='ltr'>ει</span> <span class='ocrx_word' id='word_1_90' title='bbox 895 2265 1024 2357; x_wconf 88' lang='lat' dir='ltr'>ineptit</span> <span class='ocrx_word' id='word_1_91' title='bbox 1045 2261 1170 2350; x_wconf 89' lang='lat' dir='ltr'>Valla,</span> <span class='ocrx_word' id='word_1_92' title='bbox 1194 2266 1258 2357; x_wconf 86' lang='lat' dir='ltr'>qui</span> <span class='ocrx_word' id='word_1_93' title='bbox 1279 2288 1391 2336; x_wconf 91' lang='lat' dir='ltr'>uuum</span> <span class='ocrx_word' id='word_1_94' title='bbox 1411 2260 1501 2356; x_wconf 86' lang='lat' dir='ltr'>Epi·</span> 
     </span>
     <span class='ocr_line' id='line_1_15' title="bbox 513 2361 1278 2476; baseline -0.017 -32"><span class='ocrx_word' id='word_1_95' title='bbox 513 2393 639 2444; x_wconf 90' lang='lat' dir='ltr'>curum</span> <span class='ocrx_word' id='word_1_96' title='bbox 654 2361 883 2476; x_wconf 87' lang='lat' dir='ltr'>Philosophis</span> <span class='ocrx_word' id='word_1_97' title='bbox 898 2365 1064 2436; x_wconf 89' lang='lat' dir='ltr'>omnibus</span> <span class='ocrx_word' id='word_1_98' title='bbox 1084 2366 1278 2455; x_wconf 90' lang='lat' dir='ltr'>anteponit.</span> 
     </span>
    </p>
   </div>
   <div class='ocr_carea' id='block_1_5' title="bbox 515 2496 1503 2992">
    <p class='ocr_par' dir='ltr' id='par_1_5' title="bbox 515 2496 1503 2992">
     <span class='ocr_line' id='line_1_16' title="bbox 619 2496 1502 2595; baseline -0.003 -19"><span class='ocrx_word' id='word_1_99' title='bbox 619 2503 819 2576; x_wconf 85' lang='lat' dir='ltr'>Aristotelis</span> <span class='ocrx_word' id='word_1_100' title='bbox 837 2496 1065 2594; x_wconf 87' lang='lat' dir='ltr'>philosophia</span> <span class='ocrx_word' id='word_1_101' title='bbox 1082 2500 1350 2589; x_wconf 80' lang='lat' dir='ltr'>diligentissime</span> <span class='ocrx_word' id='word_1_102' title='bbox 1364 2502 1502 2595; x_wconf 88' lang='lat' dir='ltr'>quaerit</span> 
     </span>
     <span class='ocr_line' id='line_1_17' title="bbox 516 2602 1502 2690; baseline -0.007 -11"><span class='ocrx_word' id='word_1_103' title='bbox 516 2608 853 2687; x_wconf 84' lang='lat' dir='ltr'>demonstrationes,</span> <span class='ocrx_word' id='word_1_104' title='bbox 885 2602 965 2673; x_wconf 90' lang='lat' dir='ltr'>ideo</span> <span class='ocrx_word' id='word_1_105' title='bbox 989 2626 1060 2671; x_wconf 74' lang='lat' dir='ltr'>arna</span> <span class='ocrx_word' id='word_1_106' title='bbox 1082 2602 1188 2690; x_wconf 83' lang='lat' dir='ltr'>longe</span> <span class='ocrx_word' id='word_1_107' title='bbox 1210 2604 1377 2673; x_wconf 87' lang='lat' dir='ltr'>omnihus</span> <span class='ocrx_word' id='word_1_108' title='bbox 1400 2604 1502 2673; x_wconf 88' lang='lat' dir='ltr'>sectis</span> 
     </span>
     <span class='ocr_line' id='line_1_18' title="bbox 517 2699 1503 2781; baseline -0.007 0"><span class='ocrx_word' id='word_1_109' title='bbox 517 2706 705 2781; x_wconf 88' lang='lat' dir='ltr'>antecellit.</span> <span class='ocrx_word' id='word_1_110' title='bbox 770 2700 819 2774; x_wconf 83' lang='lat' dir='ltr'>Et</span> <span class='ocrx_word' id='word_1_111' title='bbox 842 2715 935 2774; x_wconf 89' lang='lat' dir='ltr'>recte</span> <span class='ocrx_word' id='word_1_112' title='bbox 957 2702 1092 2772; x_wconf 90' lang='lat' dir='ltr'>iudicat</span> <span class='ocrx_word' id='word_1_113' title='bbox 1116 2703 1160 2771; x_wconf 92' lang='lat' dir='ltr'>de</span> <span class='ocrx_word' id='word_1_114' title='bbox 1181 2699 1253 2772; x_wconf 89' lang='lat' dir='ltr'>fine</span> <span class='ocrx_word' id='word_1_115' title='bbox 1271 2703 1448 2774; x_wconf 89' lang='lat' dir='ltr'>bonorum</span> <span class='ocrx_word' id='word_1_116' title='bbox 1468 2719 1503 2774; x_wconf 90' lang='lat' dir='ltr'>et</span> 
     </span>
     <span class='ocr_line' id='line_1_19' title="bbox 516 2802 1503 2895; baseline -0.004 -16"><span class='ocrx_word' id='word_1_117' title='bbox 516 2807 660 2880; x_wconf 81' lang='lat' dir='ltr'>ratione</span> <span class='ocrx_word' id='word_1_118' title='bbox 678 2807 868 2877; x_wconf 87' lang='lat' dir='ltr'>virtutum.</span> <span class='ocrx_word' id='word_1_119' title='bbox 894 2802 926 2871; x_wconf 90' lang='lat' dir='ltr'>si</span> <span class='ocrx_word' id='word_1_120' title='bbox 943 2802 1088 2895; x_wconf 89' lang='lat' dir='ltr'>quidem</span> <span class='ocrx_word' id='word_1_121' title='bbox 1104 2804 1149 2872; x_wconf 93' lang='lat' dir='ltr'>de</span> <span class='ocrx_word' id='word_1_122' title='bbox 1164 2802 1263 2874; x_wconf 90' lang='lat' dir='ltr'>civili</span> <span class='ocrx_word' id='word_1_123' title='bbox 1278 2804 1349 2875; x_wconf 87' lang='lat' dir='ltr'>vita</span> <span class='ocrx_word' id='word_1_124' title='bbox 1365 2817 1400 2875; x_wconf 93' lang='lat' dir='ltr'>et</span> <span class='ocrx_word' id='word_1_125' title='bbox 1414 2804 1503 2875; x_wconf 89' lang='lat' dir='ltr'>civi-</span> 
     </span>
     <span class='ocr_line' id='line_1_20' title="bbox 515 2903 1055 2992; baseline -0.004 -16"><span class='ocrx_word' id='word_1_126' title='bbox 515 2907 611 2977; x_wconf 92' lang='lat' dir='ltr'>libus</span> <span class='ocrx_word' id='word_1_127' title='bbox 627 2905 817 2977; x_wconf 90' lang='lat' dir='ltr'>virtutibus</span> <span class='ocrx_word' id='word_1_128' title='bbox 833 2903 1055 2992; x_wconf 76' lang='lat' dir='ltr'>intelligitur.</span> 
     </span>
    </p>
   </div>
   <div class='ocr_carea' id='block_1_6' title="bbox 516 3025 1502 3226">
    <p class='ocr_par' dir='ltr' id='par_1_6' title="bbox 516 3025 1502 3226">
     <span class='ocr_line' id='line_1_21' title="bbox 617 3025 1502 3133; baseline 0.002 -24"><span class='ocrx_word' id='word_1_129' title='bbox 617 3030 849 3133; x_wconf 82' lang='lat' dir='ltr'>Philosophia</span> <span class='ocrx_word' id='word_1_130' title='bbox 871 3025 989 3110; x_wconf 82' lang='lat' dir='ltr'>tamen</span> <span class='ocrx_word' id='word_1_131' title='bbox 1012 3064 1086 3110; x_wconf 92' lang='lat' dir='ltr'>non</span> <span class='ocrx_word' id='word_1_132' title='bbox 1109 3052 1181 3108; x_wconf 92' lang='lat' dir='ltr'>tam</span> <span class='ocrx_word' id='word_1_133' title='bbox 1199 3042 1356 3131; x_wconf 80' lang='lat' dir='ltr'>angustis</span> <span class='ocrx_word' id='word_1_134' title='bbox 1371 3041 1502 3111; x_wconf 87' lang='lat' dir='ltr'>linibus</span> 
     </span>
     <span class='ocr_line' id='line_1_22' title="bbox 516 3136 1502 3226; baseline -0.004 -12"><span class='ocrx_word' id='word_1_135' title='bbox 516 3142 738 3226; x_wconf 84' lang='lat' dir='ltr'>continetur,</span> <span class='ocrx_word' id='word_1_136' title='bbox 764 3154 805 3211; x_wconf 90' lang='lat' dir='ltr'>ut</span> <span class='ocrx_word' id='word_1_137' title='bbox 820 3140 1013 3210; x_wconf 87' lang='lat' dir='ltr'>existimari</span> <span class='ocrx_word' id='word_1_138' title='bbox 1028 3137 1154 3210; x_wconf 84' lang='lat' dir='ltr'>debeat</span> <span class='ocrx_word' id='word_1_139' title='bbox 1168 3152 1243 3212; x_wconf 91' lang='lat' dir='ltr'>tota</span> <span class='ocrx_word' id='word_1_140' title='bbox 1260 3143 1299 3210; x_wconf 91' lang='lat' dir='ltr'>in</span> <span class='ocrx_word' id='word_1_141' title='bbox 1313 3136 1379 3210; x_wconf 91' lang='lat' dir='ltr'>hos</span> <span class='ocrx_word' id='word_1_142' title='bbox 1394 3141 1502 3210; x_wconf 88' lang='lat' dir='ltr'>libros</span> 
     </span>
    </p>
   </div>
   <div class='ocr_carea' id='block_1_7' title="bbox 517 3236 1516 3334">
    <p class='ocr_par' dir='ltr' id='par_1_7' title="bbox 517 3236 1516 3334">
     <span class='ocr_line' id='line_1_23' title="bbox 517 3236 1516 3334; baseline 0.003 -22"><span class='ocrx_word' id='word_1_143' title='bbox 517 3244 652 3313; x_wconf 87' lang='lat' dir='ltr'>inclusa</span> <span class='ocrx_word' id='word_1_144' title='bbox 667 3264 764 3326; x_wconf 89' lang='lat' dir='ltr'>esse,</span> <span class='ocrx_word' id='word_1_145' title='bbox 789 3242 851 3334; x_wconf 89' lang='lat' dir='ltr'>qui</span> <span class='ocrx_word' id='word_1_146' title='bbox 870 3252 990 3310; x_wconf 89' lang='lat' dir='ltr'>extant</span> <span class='ocrx_word' id='word_1_147' title='bbox 1008 3242 1053 3308; x_wconf 91' lang='lat' dir='ltr'>ab</span> <span class='ocrx_word' id='word_1_148' title='bbox 1070 3236 1259 3312; x_wconf 82' lang='lat' dir='ltr'>Aristotele</span> <span class='ocrx_word' id='word_1_149' title='bbox 1274 3241 1416 3332; x_wconf 90' lang='lat' dir='ltr'>scripti,</span> <span class='ocrx_word' id='word_1_150' title='bbox 1440 3243 1516 3316; x_wconf 88' lang='lat' dir='ltr'>sed.</span> 
     </span>
    </p>
   </div>
   <div class='ocr_carea' id='block_1_8' title="bbox 458 3336 1502 3640">
    <p class='ocr_par' dir='ltr' id='par_1_8' title="bbox 458 3336 1502 3640">
     <span class='ocr_line' id='line_1_24' title="bbox 516 3336 1502 3431; baseline -0.002 -17"><span class='ocrx_word' id='word_1_151' title='bbox 516 3345 690 3415; x_wconf 88' lang='lat' dir='ltr'>elementa</span> <span class='ocrx_word' id='word_1_152' title='bbox 722 3354 805 3411; x_wconf 90' lang='lat' dir='ltr'>sunt</span> <span class='ocrx_word' id='word_1_153' title='bbox 830 3344 926 3431; x_wconf 87' lang='lat' dir='ltr'>apud</span> <span class='ocrx_word' id='word_1_154' title='bbox 950 3340 1189 3412; x_wconf 86' lang='lat' dir='ltr'>Aristotelem.</span> <span class='ocrx_word' id='word_1_155' title='bbox 1247 3336 1502 3424; x_wconf 85' lang='lat' dir='ltr'>Mathematici,</span> 
     </span>
     <span class='ocr_line' id='line_1_25' title="bbox 517 3438 1502 3535; baseline -0.001 -22"><span class='ocrx_word' id='word_1_156' title='bbox 517 3442 653 3513; x_wconf 86' lang='lat' dir='ltr'>Medici</span> <span class='ocrx_word' id='word_1_157' title='bbox 684 3465 724 3510; x_wconf 92' lang='lat' dir='ltr'>ac</span> <span class='ocrx_word' id='word_1_158' title='bbox 745 3439 993 3513; x_wconf 87' lang='lat' dir='ltr'>Iurisconsulti</span> <span class='ocrx_word' id='word_1_159' title='bbox 1018 3441 1195 3533; x_wconf 80' lang='lat' dir='ltr'>fastigium</span> <span class='ocrx_word' id='word_1_160' title='bbox 1225 3438 1415 3535; x_wconf 85' lang='lat' dir='ltr'>imponunt</span> <span class='ocrx_word' id='word_1_161' title='bbox 1447 3439 1502 3513; x_wconf 94' lang='lat' dir='ltr'>his</span> 
     </span>
     <span class='ocr_line' id='line_1_26' title="bbox 458 3542 885 3640; baseline 0 -28"><span class='ocrx_word' id='word_1_162' title='bbox 458 3601 468 3640; x_wconf 83' lang='lat'>.:</span> <span class='ocrx_word' id='word_1_163' title='bbox 517 3543 619 3636; x_wconf 89' lang='lat' dir='ltr'>quasi</span> <span class='ocrx_word' id='word_1_164' title='bbox 632 3542 885 3612; x_wconf 84' lang='lat' dir='ltr'>fundamentis.</span> 
     </span>
    </p>
   </div>
   <div class='ocr_carea' id='block_1_9' title="bbox 517 3670 1502 4376">
    <p class='ocr_par' dir='ltr' id='par_1_9' title="bbox 517 3670 1502 4376">
     <span class='ocr_line' id='line_1_27' title="bbox 619 3670 1502 3767; baseline 0.009 -27"><span class='ocrx_word' id='word_1_165' title='bbox 619 3670 800 3744; x_wconf 82' lang='lat' dir='ltr'>Hactenus</span> <span class='ocrx_word' id='word_1_166' title='bbox 822 3674 954 3744; x_wconf 90' lang='lat' dir='ltr'>dictum</span> <span class='ocrx_word' id='word_1_167' title='bbox 978 3688 1029 3746; x_wconf 89' lang='lat' dir='ltr'>est</span> <span class='ocrx_word' id='word_1_168' title='bbox 1050 3673 1094 3743; x_wconf 89' lang='lat' dir='ltr'>de</span> <span class='ocrx_word' id='word_1_169' title='bbox 1118 3674 1322 3747; x_wconf 82' lang='lat' dir='ltr'>discrimine</span> <span class='ocrx_word' id='word_1_170' title='bbox 1339 3670 1502 3767; x_wconf 78' lang='lat' dir='ltr'>Evange-</span> 
     </span>
     <span class='ocr_line' id='line_1_28' title="bbox 518 3767 1501 3868; baseline 0.007 -26"><span class='ocrx_word' id='word_1_171' title='bbox 518 3773 560 3842; x_wconf 94' lang='lat' dir='ltr'>lii</span> <span class='ocrx_word' id='word_1_172' title='bbox 585 3787 619 3842; x_wconf 90' lang='lat' dir='ltr'>et</span> <span class='ocrx_word' id='word_1_173' title='bbox 635 3767 898 3864; x_wconf 82' lang='lat' dir='ltr'>Philosophiae.</span> <span class='ocrx_word' id='word_1_174' title='bbox 949 3773 1060 3845; x_wconf 91' lang='lat' dir='ltr'>Aliud</span> <span class='ocrx_word' id='word_1_175' title='bbox 1075 3788 1193 3846; x_wconf 88' lang='lat' dir='ltr'>autem</span> <span class='ocrx_word' id='word_1_176' title='bbox 1211 3789 1262 3846; x_wconf 90' lang='grc' dir='ltr'>εει</span> <span class='ocrx_word' id='word_1_177' title='bbox 1275 3792 1443 3868; x_wconf 86' lang='lat' dir='ltr'>quaerere</span> <span class='ocrx_word' id='word_1_178' title='bbox 1458 3780 1501 3849; x_wconf 88' lang='lat' dir='ltr'>de</span> 
     </span>
     <span class='ocr_line' id='line_1_29' title="bbox 520 3867 1501 3967; baseline 0.006 -25"><span class='ocrx_word' id='word_1_179' title='bbox 520 3871 725 3944; x_wconf 86' lang='lat' dir='ltr'>discrimine</span> <span class='ocrx_word' id='word_1_180' title='bbox 747 3873 832 3963; x_wconf 80' lang='lat' dir='ltr'>legis</span> <span class='ocrx_word' id='word_1_181' title='bbox 857 3875 999 3945; x_wconf 90' lang='lat' dir='ltr'>divinae</span> <span class='ocrx_word' id='word_1_182' title='bbox 1025 3888 1061 3945; x_wconf 89' lang='lat' dir='ltr'>et</span> <span class='ocrx_word' id='word_1_183' title='bbox 1082 3867 1340 3967; x_wconf 85' lang='lat' dir='ltr'>philosophiae.</span> <span class='ocrx_word' id='word_1_184' title='bbox 1404 3874 1501 3949; x_wconf 87' lang='lat' dir='ltr'>Haec</span> 
     </span>
     <span class='ocr_line' id='line_1_30' title="bbox 518 3973 1501 4066; baseline 0.007 -24"><span class='ocrx_word' id='word_1_185' title='bbox 518 3975 571 4045; x_wconf 88' lang='lat' dir='ltr'>ita</span> <span class='ocrx_word' id='word_1_186' title='bbox 584 3973 801 4045; x_wconf 87' lang='lat' dir='ltr'>conveniunt</span> <span class='ocrx_word' id='word_1_187' title='bbox 815 3975 906 4046; x_wconf 90' lang='lat' dir='ltr'>sicut</span> <span class='ocrx_word' id='word_1_188' title='bbox 921 3975 1117 4066; x_wconf 79' lang='lat' dir='ltr'>Decalogus</span> <span class='ocrx_word' id='word_1_189' title='bbox 1133 3988 1167 4045; x_wconf 93' lang='lat' dir='ltr'>et</span> <span class='ocrx_word' id='word_1_190' title='bbox 1182 3975 1237 4044; x_wconf 85' lang='lat' dir='ltr'>lex</span> <span class='ocrx_word' id='word_1_191' title='bbox 1252 3989 1400 4047; x_wconf 91' lang='lat' dir='ltr'>naturae</span> <span class='ocrx_word' id='word_1_192' title='bbox 1415 4001 1501 4049; x_wconf 91' lang='lat' dir='ltr'>con-</span> 
     </span>
     <span class='ocr_line' id='line_1_31' title="bbox 519 4071 1502 4170; baseline 0.009 -27"><span class='ocrx_word' id='word_1_193' title='bbox 519 4077 683 4145; x_wconf 80' lang='lat' dir='ltr'>veniunt:</span> <span class='ocrx_word' id='word_1_194' title='bbox 716 4076 799 4169; x_wconf 90' lang='lat' dir='ltr'>quia</span> <span class='ocrx_word' id='word_1_195' title='bbox 822 4071 1072 4168; x_wconf 87' lang='lat' dir='ltr'>philosophia,</span> <span class='ocrx_word' id='word_1_196' title='bbox 1103 4091 1277 4170; x_wconf 88' lang='lat' dir='ltr'>quatenus</span> <span class='ocrx_word' id='word_1_197' title='bbox 1304 4072 1412 4150; x_wconf 91' lang='lat' dir='ltr'>habet</span> <span class='ocrx_word' id='word_1_198' title='bbox 1439 4081 1502 4151; x_wconf 89' lang='lat' dir='ltr'>de-</span> 
     </span>
     <span class='ocr_line' id='line_1_32' title="bbox 518 4176 1501 4268; baseline 0.007 -23"><span class='ocrx_word' id='word_1_199' title='bbox 518 4176 814 4268; x_wconf 88' lang='lat' dir='ltr'>monstrationes,</span> <span class='ocrx_word' id='word_1_200' title='bbox 839 4191 889 4248; x_wconf 88' lang='lat' dir='ltr'>est</span> <span class='ocrx_word' id='word_1_201' title='bbox 912 4178 987 4267; x_wconf 91' lang='lat' dir='ltr'>ipsa</span> <span class='ocrx_word' id='word_1_202' title='bbox 1010 4179 1067 4247; x_wconf 87' lang='lat' dir='ltr'>lex</span> <span class='ocrx_word' id='word_1_203' title='bbox 1090 4190 1246 4253; x_wconf 83' lang='lat' dir='ltr'>naturae.</span> <span class='ocrx_word' id='word_1_204' title='bbox 1297 4176 1367 4250; x_wconf 89' lang='lat' dir='ltr'>Sed</span> <span class='ocrx_word' id='word_1_205' title='bbox 1384 4178 1501 4252; x_wconf 86' lang='lat' dir='ltr'>Deca-</span> 
     </span>
     <span class='ocr_line' id='line_1_33' title="bbox 517 4277 1499 4376; baseline 0.009 -30"><span class='ocrx_word' id='word_1_206' title='bbox 517 4277 619 4366; x_wconf 71' lang='lat' dir='ltr'>logus</span> <span class='ocrx_word' id='word_1_207' title='bbox 653 4277 783 4351; x_wconf 83' lang='lat' dir='ltr'>clarius</span> <span class='ocrx_word' id='word_1_208' title='bbox 812 4277 982 4370; x_wconf 85' lang='lat' dir='ltr'>praecipit</span> <span class='ocrx_word' id='word_1_209' title='bbox 1012 4280 1056 4346; x_wconf 92' lang='lat' dir='ltr'>de</span> <span class='ocrx_word' id='word_1_210' title='bbox 1087 4278 1244 4350; x_wconf 89' lang='lat' dir='ltr'>motibus</span> <span class='ocrx_word' id='word_1_211' title='bbox 1271 4281 1389 4353; x_wconf 87' lang='lat' dir='ltr'>cordis</span> <span class='ocrx_word' id='word_1_212' title='bbox 1419 4306 1499 4376; x_wconf 74' lang='lat' dir='ltr'>erga</span> 
     </span>
    </p>
   </div>
   <div class='ocr_carea' id='block_1_10' title="bbox 517 4374 1383 4453">
    <p class='ocr_par' dir='ltr' id='par_1_10' title="bbox 517 4374 1383 4453">
     <span class='ocr_line' id='line_1_34' title="bbox 517 4374 1383 4453; baseline -0.002 -3"><span class='ocrx_word' id='word_1_213' title='bbox 517 4374 646 4453; x_wconf 79' lang='lat' dir='ltr'>Deum.</span> <span class='ocrx_word' id='word_1_214' title='bbox 678 4424 680 4430; x_wconf 93' lang='lat'>-</span> <span class='ocrx_word' id='word_1_215' title='bbox 1381 4379 1383 4383; x_wconf 78' lang='grc'>’</span> 
     </span>
    </p>
   </div>
   <div class='ocr_carea' id='block_1_11' title="bbox 555 4603 1463 4790">
    <p class='ocr_par' dir='ltr' id='par_1_11' title="bbox 555 4603 1463 4790">
     <span class='ocr_line' id='line_1_35' title="bbox 555 4603 1463 4790; baseline 0 -102"><span class='ocrx_word' id='word_1_216' title='bbox 555 4612 640 4731; x_wconf 64' lang='lat' dir='ltr'>(V.)</span> <span class='ocrx_word' id='word_1_217' title='bbox 672 4616 785 4688; x_wconf 80' lang='lat' dir='ltr'>Als‘u</span> <span class='ocrx_word' id='word_1_218' title='bbox 809 4614 1097 4790; x_wconf 53' lang='grc' dir='ltr'>ἀίερεὲεσῖίοε</span> <span class='ocrx_word' id='word_1_219' title='bbox 1131 4611 1179 4687; x_wconf 78' lang='lat' dir='ltr'>de</span> <span class='ocrx_word' id='word_1_220' title='bbox 1197 4603 1327 4688; x_wconf 81' lang='lat' dir='ltr'>eodem</span> <span class='ocrx_word' id='word_1_221' title='bbox 1348 4617 1463 4689; x_wconf 82' lang='lat' dir='ltr'>Pauli</span> 
     </span>
     <span class='ocr_line' id='line_1_36' title="bbox 605 4740 1065 4790; baseline -0.004 0"><span class='ocrx_word' id='word_1_222' title='bbox 605 4750 608 4761; x_wconf 76' lang='lat'><em>=</em></span> <span class='ocrx_word' id='word_1_223' title='bbox 872 4744 877 4755; x_wconf 94' lang='lat'>·</span> <span class='ocrx_word' id='word_1_224' title='bbox 979 4742 991 4790; x_wconf 79' lang='lat' dir='ltr'>a</span> <span class='ocrx_word' id='word_1_225' title='bbox 1032 4740 1065 4789; x_wconf 90' lang='lat' dir='ltr'>o.</span> 
     </span>
    </p>
   </div>
   <div class='ocr_carea' id='block_1_12' title="bbox 326 4811 1498 4908">
    <p class='ocr_par' dir='ltr' id='par_1_12' title="bbox 326 4811 1498 4908">
     <span class='ocr_line' id='line_1_37' title="bbox 326 4811 1498 4908; baseline 0.01 -33"><span class='ocrx_word' id='word_1_226' title='bbox 326 4868 330 4887; x_wconf 77' lang='grc'>,</span> <span class='ocrx_word' id='word_1_227' title='bbox 463 4867 475 4877; x_wconf 86' lang='grc'>.,</span> <span class='ocrx_word' id='word_1_228' title='bbox 516 4812 639 4900; x_wconf 83' lang='lat' dir='ltr'>(Neque</span> <span class='ocrx_word' id='word_1_229' title='bbox 660 4822 693 4879; x_wconf 90' lang='lat' dir='ltr'>in</span> <span class='ocrx_word' id='word_1_230' title='bbox 717 4811 1004 4904; x_wconf 37' lang='lat' dir='ltr'>opp.&#39;,lliel..Basil.,</span> <span class='ocrx_word' id='word_1_231' title='bbox 1027 4845 1125 4907; x_wconf 88' lang='lat' dir='ltr'>neque</span> <span class='ocrx_word' id='word_1_232' title='bbox 1146 4826 1179 4884; x_wconf 89' lang='lat' dir='ltr'>iu</span> <span class='ocrx_word' id='word_1_233' title='bbox 1195 4820 1367 4906; x_wconf 86' lang='lat' dir='ltr'>Witeberg.</span> <span class='ocrx_word' id='word_1_234' title='bbox 1389 4826 1498 4908; x_wconf 84' lang='lat' dir='ltr'>legitur</span> 
     </span>
    </p>
   </div>
   <div class='ocr_carea' id='block_1_13' title="bbox 463 4917 1497 5615">
    <p class='ocr_par' dir='ltr' id='par_1_13' title="bbox 515 4917 1497 5009">
     <span class='ocr_line' id='line_1_38' title="bbox 515 4917 1497 5009; baseline 0.013 -31"><span class='ocrx_word' id='word_1_235' title='bbox 515 4920 590 5009; x_wconf 77' lang='lat' dir='ltr'>liaeo</span> <span class='ocrx_word' id='word_1_236' title='bbox 611 4917 812 4984; x_wconf 81' lang='lat' dir='ltr'>Melurthonis</span> <span class='ocrx_word' id='word_1_237' title='bbox 833 4923 1019 5000; x_wconf 87' lang='lat' dir='ltr'>dissertatio,</span> <span class='ocrx_word' id='word_1_238' title='bbox 1044 4944 1142 5008; x_wconf 89' lang='lat' dir='ltr'>neque</span> <span class='ocrx_word' id='word_1_239' title='bbox 1165 4946 1231 4986; x_wconf 85' lang='lat' dir='ltr'>eam</span> <span class='ocrx_word' id='word_1_240' title='bbox 1252 4932 1497 5006; x_wconf 79' lang='lat' dir='ltr'>commemoravit</span> 
     </span>
    </p>

    <p class='ocr_par' dir='ltr' id='par_1_14' title="bbox 515 5017 1496 5094">
     <span class='ocr_line' id='line_1_39' title="bbox 515 5017 1496 5094; baseline 0.012 -13"><span class='ocrx_word' id='word_1_241' title='bbox 515 5017 683 5082; x_wconf 83' lang='lat' dir='ltr'>Strobelins</span> <span class='ocrx_word' id='word_1_242' title='bbox 702 5027 734 5084; x_wconf 88' lang='lat' dir='ltr'>in</span> <span class='ocrx_word' id='word_1_243' title='bbox 756 5024 937 5088; x_wconf 87' lang='lat' dir='ltr'>bibliotheca</span> <span class='ocrx_word' id='word_1_244' title='bbox 952 5024 1207 5094; x_wconf 78' lang='lat' dir='ltr'>Melanthonisna.</span> <span class='ocrx_word' id='word_1_245' title='bbox 1258 5022 1366 5093; x_wconf 81' lang='lat' dir='ltr'>Inveni</span> <span class='ocrx_word' id='word_1_246' title='bbox 1380 5053 1447 5093; x_wconf 87' lang='lat' dir='ltr'>eam</span> <span class='ocrx_word' id='word_1_247' title='bbox 1463 5036 1496 5092; x_wconf 88' lang='lat' dir='ltr'>in</span> 
     </span>
    </p>

    <p class='ocr_par' dir='ltr' id='par_1_15' title="bbox 515 5120 1282 5213">
     <span class='ocr_line' id='line_1_40' title="bbox 515 5120 1282 5213; baseline 0.017 -32"><span class='ocrx_word' id='word_1_248' title='bbox 515 5122 697 5185; x_wconf 84' lang='lat' dir='ltr'>bibliotheca</span> <span class='ocrx_word' id='word_1_249' title='bbox 715 5120 873 5208; x_wconf 82' lang='lat' dir='ltr'>Gymnasii</span> <span class='ocrx_word' id='word_1_250' title='bbox 889 5125 1022 5193; x_wconf 87' lang='lat' dir='ltr'>Gothani</span> <span class='ocrx_word' id='word_1_251' title='bbox 1038 5132 1081 5193; x_wconf 86' lang='lat' dir='ltr'>sio</span> <span class='ocrx_word' id='word_1_252' title='bbox 1095 5134 1282 5213; x_wconf 85' lang='lat' dir='ltr'>inscriptam:</span> 
     </span>
    </p>

    <p class='ocr_par' dir='ltr' id='par_1_16' title="bbox 525 5220 1496 5416">
     <span class='ocr_line' id='line_1_41' title="bbox 525 5220 1496 5310; baseline 0.011 -25"><span class='ocrx_word' id='word_1_253' title='bbox 525 5254 527 5259; x_wconf 32' lang='lat' dir='ltr'>v</span> <span class='ocrx_word' id='word_1_254' title='bbox 563 5220 729 5310; x_wconf 84' lang='lat' dir='ltr'>„Phllippi</span> <span class='ocrx_word' id='word_1_255' title='bbox 755 5227 998 5295; x_wconf 85' lang='lat' dir='ltr'>lilelanchthonis</span> <span class='ocrx_word' id='word_1_256' title='bbox 1029 5239 1061 5293; x_wconf 89' lang='lat' dir='ltr'>isr</span> <span class='ocrx_word' id='word_1_257' title='bbox 1090 5234 1193 5308; x_wconf 74' lang='lat' dir='ltr'>locum</span> <span class='ocrx_word' id='word_1_258' title='bbox 1221 5233 1260 5293; x_wconf 84' lang='lat' dir='ltr'>ad</span> <span class='ocrx_word' id='word_1_259' title='bbox 1288 5230 1496 5297; x_wconf 78' lang='lat' dir='ltr'>colossenses:</span> 
     </span>
     <span class='ocr_line' id='line_1_42' title="bbox 561 5322 1492 5416; baseline 0.011 -29"><span class='ocrx_word' id='word_1_260' title='bbox 561 5322 672 5391; x_wconf 79' lang='lat' dir='ltr'>Videte</span> <span class='ocrx_word' id='word_1_261' title='bbox 691 5348 730 5392; x_wconf 89' lang='lat' dir='ltr'>ne</span> <span class='ocrx_word' id='word_1_262' title='bbox 752 5337 819 5416; x_wconf 86' lang='lat' dir='ltr'>quis</span> <span class='ocrx_word' id='word_1_263' title='bbox 839 5354 896 5394; x_wconf 83' lang='lat' dir='ltr'>vos</span> <span class='ocrx_word' id='word_1_264' title='bbox 909 5334 1038 5416; x_wconf 87' lang='lat' dir='ltr'>decipiat</span> <span class='ocrx_word' id='word_1_265' title='bbox 1053 5353 1107 5415; x_wconf 87' lang='lat' dir='ltr'>per</span> <span class='ocrx_word' id='word_1_266' title='bbox 1120 5331 1350 5413; x_wconf 80' lang='lat' dir='ltr'>philosophiam</span> <span class='ocrx_word' id='word_1_267' title='bbox 1362 5334 1492 5414; x_wconf 79' lang='lat' dir='ltr'>inanem,</span> 
     </span>
    </p>

    <p class='ocr_par' dir='ltr' id='par_1_17' title="bbox 463 5429 1492 5502">
     <span class='ocr_line' id='line_1_43' title="bbox 463 5429 1492 5502; baseline 0.009 -11"><span class='ocrx_word' id='word_1_268' title='bbox 463 5444 476 5471; x_wconf 70' lang='lat'>⁸</span> <span class='ocrx_word' id='word_1_269' title='bbox 559 5429 738 5497; x_wconf 81' lang='lat' dir='ltr'>dissertatio.</span> <span class='ocrx_word' id='word_1_270' title='bbox 753 5436 771 5459; x_wconf 66' lang='lat'>¹*</span> <span class='ocrx_word' id='word_1_271' title='bbox 789 5432 906 5495; x_wconf 84' lang='lat' dir='ltr'>Recens</span> <span class='ocrx_word' id='word_1_272' title='bbox 927 5436 1017 5502; x_wconf 82' lang='lat' dir='ltr'>edita,</span> <span class='ocrx_word' id='word_1_273' title='bbox 1067 5430 1203 5495; x_wconf 79' lang='lat' dir='ltr'>Basileus</span> <span class='ocrx_word' id='word_1_274' title='bbox 1223 5434 1387 5499; x_wconf 77' lang='lat' dir='ltr'>excedebat</span> <span class='ocrx_word' id='word_1_275' title='bbox 1404 5437 1492 5499; x_wconf 82' lang='lat' dir='ltr'>Ada-</span> 
     </span>
    </p>

    <p class='ocr_par' dir='ltr' id='par_1_18' title="bbox 555 5530 1492 5615">
     <span class='ocr_line' id='line_1_44' title="bbox 555 5530 1492 5615; baseline 0.015 -23"><span class='ocrx_word' id='word_1_276' title='bbox 555 5552 623 5594; x_wconf 86' lang='lat' dir='ltr'>mus</span> <span class='ocrx_word' id='word_1_277' title='bbox 651 5532 777 5610; x_wconf 85' lang='lat' dir='ltr'>Petrus,</span> <span class='ocrx_word' id='word_1_278' title='bbox 810 5530 915 5594; x_wconf 78' lang='lat' dir='ltr'>Mensa</span> <span class='ocrx_word' id='word_1_279' title='bbox 944 5533 1107 5615; x_wconf 78' lang='lat' dir='ltr'>Augusto,</span> <span class='ocrx_word' id='word_1_280' title='bbox 1140 5553 1219 5596; x_wconf 83' lang='lat' dir='ltr'>anno</span> <span class='ocrx_word' id='word_1_281' title='bbox 1248 5530 1492 5605; x_wconf 76' lang='lat' dir='ltr'>MDXXVII.”</span> 
     </span>
    </p>
   </div>
   <div class='ocr_carea' id='block_1_14' title="bbox 381 5729 1516 5934">
    <p class='ocr_par' dir='ltr' id='par_1_19' title="bbox 381 5729 1516 5934">
     <span class='ocr_line' id='line_1_45' title="bbox 381 5729 1491 5823; baseline 0.005 -28"><span class='ocrx_word' id='word_1_282' title='bbox 381 5754 386 5765; x_wconf 92' lang='lat'><em>·</em></span> <span class='ocrx_word' id='word_1_283' title='bbox 505 5730 576 5809; x_wconf 85' lang='lat' dir='ltr'>Oua</span> <span class='ocrx_word' id='word_1_284' title='bbox 594 5738 759 5823; x_wconf 74' lang='lat' dir='ltr'>osculans</span> <span class='ocrx_word' id='word_1_285' title='bbox 782 5732 851 5795; x_wconf 85' lang='lat' dir='ltr'>dats</span> <span class='ocrx_word' id='word_1_286' title='bbox 864 5729 1044 5796; x_wconf 82' lang='lat' dir='ltr'>Melanthon</span> <span class='ocrx_word' id='word_1_287' title='bbox 1064 5736 1145 5798; x_wconf 87' lang='lat' dir='ltr'>idem</span> <span class='ocrx_word' id='word_1_288' title='bbox 1164 5748 1372 5818; x_wconf 73' lang='lat' dir='ltr'>ngummtum</span> <span class='ocrx_word' id='word_1_289' title='bbox 1393 5751 1491 5802; x_wconf 85' lang='lat' dir='ltr'>retra-</span> 
     </span>
     <span class='ocr_line' id='line_1_46' title="bbox 505 5831 1516 5934; baseline 0.01 -41"><span class='ocrx_word' id='word_1_290' title='bbox 505 5840 646 5917; x_wconf 77' lang='lat' dir='ltr'>ctaverit,</span> <span class='ocrx_word' id='word_1_291' title='bbox 679 5839 794 5904; x_wconf 85' lang='lat' dir='ltr'>nescio,</span> <span class='ocrx_word' id='word_1_292' title='bbox 860 5831 939 5898; x_wconf 87' lang='lat' dir='ltr'>Puto</span> <span class='ocrx_word' id='word_1_293' title='bbox 962 5849 1081 5916; x_wconf 85' lang='lat' dir='ltr'>autem,</span> <span class='ocrx_word' id='word_1_294' title='bbox 1110 5834 1336 5902; x_wconf 76' lang='lat' dir='ltr'>Melanthomm</span> <span class='ocrx_word' id='word_1_295' title='bbox 1358 5839 1432 5903; x_wconf 79' lang='lat' dir='ltr'>heco</span> <span class='ocrx_word' id='word_1_296' title='bbox 1453 5844 1516 5934; x_wconf 83' lang='lat' dir='ltr'>ln¹</span> 
     </span>
    </p>
   </div>
   <div class='ocr_carea' id='block_1_15' title="bbox 1260 713 1753 827">
    <p class='ocr_par' dir='ltr' id='par_1_20' title="bbox 1260 713 1753 827">
     <span class='ocr_line' id='line_1_47' title="bbox 1260 713 1753 827; baseline -0.004 -33"><span class='ocrx_word' id='word_1_297' title='bbox 1260 713 1753 827; x_wconf 74' lang='lat' dir='ltr'>nrsnuramonss</span> 
     </span>
    </p>
   </div>
   <div class='ocr_carea' id='block_1_16' title="bbox 2442 721 2600 801">
    <p class='ocr_par' dir='ltr' id='par_1_21' title="bbox 2442 721 2600 801">
     <span class='ocr_line' id='line_1_48' title="bbox 2442 721 2600 801; baseline -0.038 -3"><span class='ocrx_word' id='word_1_298' title='bbox 2442 721 2600 801; x_wconf 60' lang='lat'>⁶92.</span> 
     </span>
    </p>
   </div>
   <div class='ocr_carea' id='block_1_17' title="bbox 1544 890 2528 1077">
    <p class='ocr_par' dir='ltr' id='par_1_22' title="bbox 1544 890 2528 1077">
     <span class='ocr_line' id='line_1_49' title="bbox 1545 890 2528 993; baseline 0.002 -34"><span class='ocrx_word' id='word_1_299' title='bbox 1545 896 1647 960; x_wconf 86' lang='lat' dir='ltr'>schola</span> <span class='ocrx_word' id='word_1_300' title='bbox 1666 917 1717 958; x_wconf 81' lang='lat' dir='ltr'>ors</span> <span class='ocrx_word' id='word_1_301' title='bbox 1737 893 2029 976; x_wconf 76' lang='lat' dir='ltr'>tradidlsse‚=eaque</span> <span class='ocrx_word' id='word_1_302' title='bbox 2050 911 2068 952; x_wconf 86' lang='lat' dir='ltr'>s</span> <span class='ocrx_word' id='word_1_303' title='bbox 2086 890 2238 975; x_wconf 80' lang='lat' dir='ltr'>discipulo</span> <span class='ocrx_word' id='word_1_304' title='bbox 2258 896 2372 993; x_wconf 64' lang='lat' dir='ltr'>memo</span> <span class='ocrx_word' id='word_1_305' title='bbox 2394 912 2528 980; x_wconf 85' lang='lat' dir='ltr'>excepta,</span> 
     </span>
     <span class='ocr_line' id='line_1_50' title="bbox 1544 993 2256 1077; baseline -0.006 -17"><span class='ocrx_word' id='word_1_306' title='bbox 1544 1011 1576 1061; x_wconf 84' lang='lat' dir='ltr'>et</span> <span class='ocrx_word' id='word_1_307' title='bbox 1591 1020 1632 1062; x_wconf 84' lang='lat' dir='ltr'>ex</span> <span class='ocrx_word' id='word_1_308' title='bbox 1645 1003 1708 1061; x_wconf 90' lang='lat' dir='ltr'>eius</span> <span class='ocrx_word' id='word_1_309' title='bbox 1722 996 1831 1061; x_wconf 84' lang='lat' dir='ltr'>scheda</span> <span class='ocrx_word' id='word_1_310' title='bbox 1846 1018 1865 1057; x_wconf 83' lang='lat' dir='ltr'>a</span> <span class='ocrx_word' id='word_1_311' title='bbox 1879 996 2045 1077; x_wconf 87' lang='lat' dir='ltr'>bibliopola</span> <span class='ocrx_word' id='word_1_312' title='bbox 2058 993 2139 1058; x_wconf 86' lang='lat' dir='ltr'>edita</span> <span class='ocrx_word' id='word_1_313' title='bbox 2154 994 2256 1076; x_wconf 78' lang='lat' dir='ltr'>esse.)</span> 
     </span>
    </p>
   </div>
   <div class='ocr_carea' id='block_1_18' title="bbox 1535 1182 2537 5941">
    <p class='ocr_par' dir='ltr' id='par_1_23' title="bbox 1535 1182 2537 5941">
     <span class='ocr_line' id='line_1_51' title="bbox 1546 1182 2535 1267; baseline 0.001 -1"><span class='ocrx_word' id='word_1_314' title='bbox 1546 1182 1632 1266; x_wconf 83' lang='lat' dir='ltr'>Hoc</span> <span class='ocrx_word' id='word_1_315' title='bbox 1655 1194 1695 1263; x_wconf 93' lang='lat' dir='ltr'>in</span> <span class='ocrx_word' id='word_1_316' title='bbox 1719 1193 1799 1262; x_wconf 93' lang='lat' dir='ltr'>loco</span> <span class='ocrx_word' id='word_1_317' title='bbox 1822 1192 1966 1264; x_wconf 87' lang='lat' dir='ltr'>collatio</span> <span class='ocrx_word' id='word_1_318' title='bbox 1989 1186 2165 1264; x_wconf 82' lang='lat' dir='ltr'>humanae</span> <span class='ocrx_word' id='word_1_319' title='bbox 2188 1192 2350 1265; x_wconf 79' lang='lat' dir='ltr'>iusticias</span> <span class='ocrx_word' id='word_1_320' title='bbox 2371 1196 2416 1264; x_wconf 90' lang='lat' dir='ltr'>ad</span> <span class='ocrx_word' id='word_1_321' title='bbox 2439 1192 2535 1267; x_wconf 89' lang='lat' dir='ltr'>chri·</span> 
     </span>
     <span class='ocr_line' id='line_1_52' title="bbox 1548 1288 2536 1374; baseline -0.001 -6"><span class='ocrx_word' id='word_1_322' title='bbox 1548 1297 1699 1368; x_wconf 88' lang='lat' dir='ltr'>stianam</span> <span class='ocrx_word' id='word_1_323' title='bbox 1714 1293 1922 1366; x_wconf 89' lang='lat' dir='ltr'>instituitur.</span> <span class='ocrx_word' id='word_1_324' title='bbox 1972 1288 2038 1364; x_wconf 80' lang='lat' dir='ltr'>Est</span> <span class='ocrx_word' id='word_1_325' title='bbox 2052 1306 2168 1374; x_wconf 88' lang='lat' dir='ltr'>autem</span> <span class='ocrx_word' id='word_1_326' title='bbox 2182 1293 2285 1364; x_wconf 88' lang='lat' dir='ltr'>valde</span> <span class='ocrx_word' id='word_1_327' title='bbox 2295 1298 2536 1367; x_wconf 88' lang='lat' dir='ltr'>necessarium</span> 
     </span>
     <span class='ocr_line' id='line_1_53' title="bbox 1549 1394 2535 1489; baseline 0.003 -23"><span class='ocrx_word' id='word_1_328' title='bbox 1549 1418 1776 1485; x_wconf 82' lang='lat' dir='ltr'>cognoscere,</span> <span class='ocrx_word' id='word_1_329' title='bbox 1801 1396 1889 1489; x_wconf 89' lang='lat' dir='ltr'>quid</span> <span class='ocrx_word' id='word_1_330' title='bbox 1904 1395 1997 1465; x_wconf 89' lang='lat' dir='ltr'>inter</span> <span class='ocrx_word' id='word_1_331' title='bbox 2014 1407 2198 1486; x_wconf 89' lang='lat' dir='ltr'>utramque</span> <span class='ocrx_word' id='word_1_332' title='bbox 2210 1394 2361 1480; x_wconf 86' lang='lat' dir='ltr'>intersit,</span> <span class='ocrx_word' id='word_1_333' title='bbox 2386 1410 2428 1467; x_wconf 95' lang='lat' dir='ltr'>ut</span> <span class='ocrx_word' id='word_1_334' title='bbox 2441 1398 2535 1469; x_wconf 88' lang='lat' dir='ltr'>scia-</span> 
     </span>
     <span class='ocr_line' id='line_1_54' title="bbox 1549 1492 2534 1590; baseline 0.002 -25"><span class='ocrx_word' id='word_1_335' title='bbox 1549 1519 1647 1581; x_wconf 90' lang='lat' dir='ltr'>mus,</span> <span class='ocrx_word' id='word_1_336' title='bbox 1677 1512 1851 1590; x_wconf 86' lang='lat' dir='ltr'>quatenus</span> <span class='ocrx_word' id='word_1_337' title='bbox 1876 1496 1990 1584; x_wconf 81' lang='lat' dir='ltr'>exigat</span> <span class='ocrx_word' id='word_1_338' title='bbox 2009 1492 2107 1565; x_wconf 87' lang='lat' dir='ltr'>Deus</span> <span class='ocrx_word' id='word_1_339' title='bbox 2130 1495 2302 1565; x_wconf 89' lang='lat' dir='ltr'>iusticiam</span> <span class='ocrx_word' id='word_1_340' title='bbox 2324 1492 2534 1585; x_wconf 85' lang='lat' dir='ltr'>humanam,</span> 
     </span>
     <span class='ocr_line' id='line_1_55' title="bbox 1550 1589 2533 1691; baseline 0.003 -25"><span class='ocrx_word' id='word_1_341' title='bbox 1550 1611 1586 1668; x_wconf 91' lang='grc' dir='ltr'>ει</span> <span class='ocrx_word' id='word_1_342' title='bbox 1607 1609 1781 1689; x_wconf 89' lang='lat' dir='ltr'>quatenus</span> <span class='ocrx_word' id='word_1_343' title='bbox 1801 1598 1977 1687; x_wconf 87' lang='lat' dir='ltr'>improbet</span> <span class='ocrx_word' id='word_1_344' title='bbox 1992 1619 2069 1665; x_wconf 92' lang='lat' dir='ltr'>eam</span> <span class='ocrx_word' id='word_1_345' title='bbox 2087 1589 2334 1686; x_wconf 87' lang='lat' dir='ltr'>Philosophia,</span> <span class='ocrx_word' id='word_1_346' title='bbox 2358 1611 2533 1691; x_wconf 88' lang='lat' dir='ltr'>qnatenus</span> 
     </span>
     <span class='ocr_line' id='line_1_56' title="bbox 1551 1696 2530 1790; baseline 0 -23"><span class='ocrx_word' id='word_1_347' title='bbox 1551 1713 1603 1768; x_wconf 88' lang='lat' dir='ltr'>est</span> <span class='ocrx_word' id='word_1_348' title='bbox 1624 1698 1769 1767; x_wconf 88' lang='lat' dir='ltr'>scientia</span> <span class='ocrx_word' id='word_1_349' title='bbox 1791 1696 1980 1790; x_wconf 90' lang='lat' dir='ltr'>loquendi,</span> <span class='ocrx_word' id='word_1_350' title='bbox 2005 1708 2041 1765; x_wconf 90' lang='lat' dir='ltr'>et</span> <span class='ocrx_word' id='word_1_351' title='bbox 2059 1719 2182 1765; x_wconf 84' lang='lat' dir='ltr'>rerum</span> <span class='ocrx_word' id='word_1_352' title='bbox 2198 1699 2411 1770; x_wconf 86' lang='lat' dir='ltr'>naturalium</span> <span class='ocrx_word' id='word_1_353' title='bbox 2428 1713 2462 1770; x_wconf 91' lang='lat' dir='ltr'>et</span> <span class='ocrx_word' id='word_1_354' title='bbox 2478 1701 2530 1767; x_wconf 88' lang='lat' dir='ltr'>ci-</span> 
     </span>
     <span class='ocr_line' id='line_1_57' title="bbox 1551 1797 2531 1896; baseline 0.004 -30"><span class='ocrx_word' id='word_1_355' title='bbox 1551 1799 1677 1869; x_wconf 88' lang='lat' dir='ltr'>vilium</span> <span class='ocrx_word' id='word_1_356' title='bbox 1690 1821 1850 1881; x_wconf 92' lang='lat' dir='ltr'>morum,</span> <span class='ocrx_word' id='word_1_357' title='bbox 1875 1811 1910 1867; x_wconf 90' lang='lat' dir='ltr'>et</span> <span class='ocrx_word' id='word_1_358' title='bbox 1923 1820 1963 1867; x_wconf 87' lang='lat' dir='ltr'>ea</span> <span class='ocrx_word' id='word_1_359' title='bbox 1978 1807 2118 1867; x_wconf 90' lang='lat' dir='ltr'>tautum</span> <span class='ocrx_word' id='word_1_360' title='bbox 2134 1797 2298 1896; x_wconf 78' lang='lat' dir='ltr'>derebus</span> <span class='ocrx_word' id='word_1_361' title='bbox 2313 1800 2531 1870; x_wconf 90' lang='lat' dir='ltr'>naturalibus</span> 
     </span>
     <span class='ocr_line' id='line_1_58' title="bbox 1551 1897 2534 1992; baseline 0.002 -25"><span class='ocrx_word' id='word_1_362' title='bbox 1551 1921 1591 1967; x_wconf 91' lang='lat' dir='ltr'>ac</span> <span class='ocrx_word' id='word_1_363' title='bbox 1607 1899 1767 1969; x_wconf 88' lang='lat' dir='ltr'>moribus</span> <span class='ocrx_word' id='word_1_364' title='bbox 1781 1898 1944 1967; x_wconf 86' lang='lat' dir='ltr'>civilibus</span> <span class='ocrx_word' id='word_1_365' title='bbox 1961 1897 2125 1989; x_wconf 88' lang='lat' dir='ltr'>adfirmet</span> <span class='ocrx_word' id='word_1_366' title='bbox 2138 1919 2179 1966; x_wconf 88' lang='lat' dir='ltr'>ac</span> <span class='ocrx_word' id='word_1_367' title='bbox 2194 1899 2312 1984; x_wconf 88' lang='lat' dir='ltr'>docel,</span> <span class='ocrx_word' id='word_1_368' title='bbox 2336 1922 2425 1992; x_wconf 87' lang='lat' dir='ltr'>quae</span> <span class='ocrx_word' id='word_1_369' title='bbox 2439 1912 2534 1969; x_wconf 89' lang='lat' dir='ltr'>certa</span> 
     </span>
     <span class='ocr_line' id='line_1_59' title="bbox 1550 1991 2535 2090; baseline 0.002 -22"><span class='ocrx_word' id='word_1_370' title='bbox 1550 2000 1690 2068; x_wconf 88' lang='lat' dir='ltr'>ratione</span> <span class='ocrx_word' id='word_1_371' title='bbox 1720 1991 1974 2090; x_wconf 87' lang='lat' dir='ltr'>apprehendit,</span> <span class='ocrx_word' id='word_1_372' title='bbox 2005 2012 2058 2067; x_wconf 88' lang='grc' dir='ltr'>εει</span> <span class='ocrx_word' id='word_1_373' title='bbox 2088 2021 2172 2067; x_wconf 89' lang='lat' dir='ltr'>vera</span> <span class='ocrx_word' id='word_1_374' title='bbox 2202 2011 2237 2068; x_wconf 88' lang='lat' dir='ltr'>et</span> <span class='ocrx_word' id='word_1_375' title='bbox 2259 1997 2353 2069; x_wconf 90' lang='lat' dir='ltr'>bona</span> <span class='ocrx_word' id='word_1_376' title='bbox 2375 2013 2535 2070; x_wconf 90' lang='lat' dir='ltr'>creatura</span> 
     </span>
     <span class='ocr_line' id='line_1_60' title="bbox 1552 2096 2535 2193; baseline -0.002 -23"><span class='ocrx_word' id='word_1_377' title='bbox 1552 2097 1638 2170; x_wconf 86' lang='lat' dir='ltr'>Dei:</span> <span class='ocrx_word' id='word_1_378' title='bbox 1665 2096 1733 2170; x_wconf 82' lang='grc' dir='ltr'>Εει</span> <span class='ocrx_word' id='word_1_379' title='bbox 1754 2101 1849 2169; x_wconf 89' lang='lat' dir='ltr'>enim</span> <span class='ocrx_word' id='word_1_380' title='bbox 1872 2101 1988 2191; x_wconf 90' lang='lat' dir='ltr'>ipsum</span> <span class='ocrx_word' id='word_1_381' title='bbox 2002 2097 2176 2169; x_wconf 90' lang='lat' dir='ltr'>iudicium</span> <span class='ocrx_word' id='word_1_382' title='bbox 2190 2099 2359 2183; x_wconf 92' lang='lat' dir='ltr'>rationis,</span> <span class='ocrx_word' id='word_1_383' title='bbox 2383 2102 2477 2193; x_wconf 86' lang='lat' dir='ltr'>quod</span> <span class='ocrx_word' id='word_1_384' title='bbox 2493 2101 2535 2168; x_wconf 92' lang='lat' dir='ltr'>in</span> 
     </span>
     <span class='ocr_line' id='line_1_61' title="bbox 1553 2199 2536 2272; baseline 0 -2"><span class='ocrx_word' id='word_1_385' title='bbox 1553 2201 1658 2271; x_wconf 89' lang='lat' dir='ltr'>rebus</span> <span class='ocrx_word' id='word_1_386' title='bbox 1676 2201 1898 2272; x_wconf 89' lang='lat' dir='ltr'>naturalibus</span> <span class='ocrx_word' id='word_1_387' title='bbox 1921 2213 1955 2270; x_wconf 91' lang='lat' dir='ltr'>et</span> <span class='ocrx_word' id='word_1_388' title='bbox 1971 2199 2134 2269; x_wconf 88' lang='lat' dir='ltr'>civilibus</span> <span class='ocrx_word' id='word_1_389' title='bbox 2149 2200 2311 2272; x_wconf 90' lang='lat' dir='ltr'>moribus</span> <span class='ocrx_word' id='word_1_390' title='bbox 2327 2199 2422 2271; x_wconf 86' lang='lat' dir='ltr'>Deus</span> <span class='ocrx_word' id='word_1_391' title='bbox 2438 2201 2536 2270; x_wconf 88' lang='lat' dir='ltr'>dedit</span> 
     </span>
     <span class='ocr_line' id='line_1_62' title="bbox 1553 2295 2537 2393; baseline 0.002 -23"><span class='ocrx_word' id='word_1_392' title='bbox 1553 2295 1731 2371; x_wconf 90' lang='lat' dir='ltr'>humanae</span> <span class='ocrx_word' id='word_1_393' title='bbox 1754 2308 1921 2385; x_wconf 89' lang='lat' dir='ltr'>naturae&#39;,</span> <span class='ocrx_word' id='word_1_394' title='bbox 1953 2322 2074 2369; x_wconf 87' lang='lat' dir='ltr'>verum</span> <span class='ocrx_word' id='word_1_395' title='bbox 2095 2311 2130 2369; x_wconf 89' lang='grc' dir='ltr'>ει</span> <span class='ocrx_word' id='word_1_396' title='bbox 2151 2313 2306 2381; x_wconf 89' lang='lat' dir='ltr'>certum,</span> <span class='ocrx_word' id='word_1_397' title='bbox 2340 2301 2423 2393; x_wconf 88' lang='lat' dir='ltr'>quia</span> <span class='ocrx_word' id='word_1_398' title='bbox 2448 2301 2537 2372; x_wconf 87' lang='lat' dir='ltr'>dicit</span> 
     </span>
     <span class='ocr_line' id='line_1_63' title="bbox 1552 2395 2535 2490; baseline 0.001 -21"><span class='ocrx_word' id='word_1_399' title='bbox 1552 2399 1686 2472; x_wconf 91' lang='lat' dir='ltr'>Paulus</span> <span class='ocrx_word' id='word_1_400' title='bbox 1707 2400 1815 2474; x_wconf 86' lang='lat' dir='ltr'>Rom.</span> <span class='ocrx_word' id='word_1_401' title='bbox 1831 2407 1881 2475; x_wconf 60' lang='grc' dir='ltr'>ιε</span> <span class='ocrx_word' id='word_1_402' title='bbox 1914 2399 2046 2486; x_wconf 69' lang='lat' dir='ltr'>Gentes</span> <span class='ocrx_word' id='word_1_403' title='bbox 2069 2395 2201 2484; x_wconf 79' lang='lat' dir='ltr'>habent</span> <span class='ocrx_word' id='word_1_404' title='bbox 2220 2402 2332 2490; x_wconf 78' lang='lat' dir='ltr'>legem</span> <span class='ocrx_word' id='word_1_405' title='bbox 2355 2398 2422 2470; x_wconf 91' lang='lat' dir='ltr'>Dei</span> <span class='ocrx_word' id='word_1_406' title='bbox 2446 2401 2535 2470; x_wconf 90' lang='lat' dir='ltr'>scri-</span> 
     </span>
     <span class='ocr_line' id='line_1_64' title="bbox 1553 2494 2534 2594; baseline 0 -23"><span class='ocrx_word' id='word_1_407' title='bbox 1553 2515 1647 2593; x_wconf 91' lang='lat' dir='ltr'>ptam</span> <span class='ocrx_word' id='word_1_408' title='bbox 1675 2503 1714 2571; x_wconf 91' lang='lat' dir='ltr'>in</span> <span class='ocrx_word' id='word_1_409' title='bbox 1738 2503 1922 2586; x_wconf 81' lang='lat' dir='ltr'>cordibus,</span> <span class='ocrx_word' id='word_1_410' title='bbox 1947 2503 1985 2572; x_wconf 90' lang='lat' dir='ltr'>id</span> <span class='ocrx_word' id='word_1_411' title='bbox 2007 2514 2077 2587; x_wconf 87' lang='lat' dir='ltr'>est,</span> <span class='ocrx_word' id='word_1_412' title='bbox 2098 2494 2229 2572; x_wconf 90' lang='lat' dir='ltr'>hahent</span> <span class='ocrx_word' id='word_1_413' title='bbox 2243 2501 2438 2587; x_wconf 88' lang='lat' dir='ltr'>iudicium,</span> <span class='ocrx_word' id='word_1_414' title='bbox 2461 2526 2534 2594; x_wconf 91' lang='lat' dir='ltr'>quo</span> 
     </span>
     <span class='ocr_line' id='line_1_65' title="bbox 1553 2603 2535 2692; baseline 0 -21"><span class='ocrx_word' id='word_1_415' title='bbox 1553 2604 1711 2674; x_wconf 89' lang='lat' dir='ltr'>iudicare</span> <span class='ocrx_word' id='word_1_416' title='bbox 1725 2617 1891 2692; x_wconf 88' lang='lat' dir='ltr'>possunt,</span> <span class='ocrx_word' id='word_1_417' title='bbox 1916 2603 2095 2671; x_wconf 89' lang='lat' dir='ltr'>neminem</span> <span class='ocrx_word' id='word_1_418' title='bbox 2110 2603 2317 2673; x_wconf 83' lang='lat' dir='ltr'>laedendum</span> <span class='ocrx_word' id='word_1_419' title='bbox 2335 2625 2425 2681; x_wconf 89' lang='grc' dir='ltr'>εεεε,</span> <span class='ocrx_word' id='word_1_420' title='bbox 2451 2624 2535 2690; x_wconf 77' lang='lat' dir='ltr'>gra-</span> 
     </span>
     <span class='ocr_line' id='line_1_66' title="bbox 1553 2695 2534 2796; baseline -0.002 -23"><span class='ocrx_word' id='word_1_421' title='bbox 1553 2695 1638 2774; x_wconf 76' lang='lat' dir='ltr'>tia&#39;m</span> <span class='ocrx_word' id='word_1_422' title='bbox 1653 2728 1718 2796; x_wconf 90' lang='lat' dir='ltr'>pro</span> <span class='ocrx_word' id='word_1_423' title='bbox 1736 2703 1926 2773; x_wconf 80' lang='lat' dir='ltr'>benefactis</span> <span class='ocrx_word' id='word_1_424' title='bbox 1941 2697 2142 2773; x_wconf 90' lang='lat' dir='ltr'>habendam</span> <span class='ocrx_word' id='word_1_425' title='bbox 2157 2726 2249 2784; x_wconf 91' lang='lat' dir='ltr'>esse,</span> <span class='ocrx_word' id='word_1_426' title='bbox 2270 2702 2534 2791; x_wconf 76' lang='lat' dir='ltr'>magistratibus</span> 
     </span>
     <span class='ocr_line' id='line_1_67' title="bbox 1554 2797 2535 2901; baseline -0.003 -27"><span class='ocrx_word' id='word_1_427' title='bbox 1554 2804 1820 2901; x_wconf 74' lang='lat' dir='ltr'>obsequendum</span> <span class='ocrx_word' id='word_1_428' title='bbox 1845 2826 1937 2885; x_wconf 88' lang='lat' dir='ltr'>esse,</span> <span class='ocrx_word' id='word_1_429' title='bbox 1963 2815 1997 2871; x_wconf 91' lang='lat' dir='ltr'>et</span> <span class='ocrx_word' id='word_1_430' title='bbox 2019 2803 2159 2873; x_wconf 90' lang='lat' dir='ltr'>similia.</span> <span class='ocrx_word' id='word_1_431' title='bbox 2210 2800 2350 2873; x_wconf 88' lang='lat' dir='ltr'>Habent</span> <span class='ocrx_word' id='word_1_432' title='bbox 2366 2823 2448 2891; x_wconf 83' lang='lat' dir='ltr'>ergo</span> <span class='ocrx_word' id='word_1_433' title='bbox 2463 2797 2535 2871; x_wconf 93' lang='lat' dir='ltr'>ho-</span> 
     </span>
     <span class='ocr_line' id='line_1_68' title="bbox 1554 2900 2536 2975; baseline -0.004 -2"><span class='ocrx_word' id='word_1_434' title='bbox 1554 2906 1667 2974; x_wconf 89' lang='lat' dir='ltr'>mines</span> <span class='ocrx_word' id='word_1_435' title='bbox 1692 2929 1813 2975; x_wconf 87' lang='lat' dir='ltr'>verum</span> <span class='ocrx_word' id='word_1_436' title='bbox 1836 2929 1876 2974; x_wconf 91' lang='lat' dir='ltr'>ac</span> <span class='ocrx_word' id='word_1_437' title='bbox 1894 2916 2026 2974; x_wconf 88' lang='lat' dir='ltr'>certum</span> <span class='ocrx_word' id='word_1_438' title='bbox 2045 2902 2218 2972; x_wconf 89' lang='lat' dir='ltr'>iudicium</span> <span class='ocrx_word' id='word_1_439' title='bbox 2233 2926 2254 2972; x_wconf 91' lang='lat' dir='ltr'>a</span> <span class='ocrx_word' id='word_1_440' title='bbox 2269 2900 2345 2972; x_wconf 89' lang='lat' dir='ltr'>Deo</span> <span class='ocrx_word' id='word_1_441' title='bbox 2361 2903 2404 2971; x_wconf 91' lang='lat' dir='ltr'>de</span> <span class='ocrx_word' id='word_1_442' title='bbox 2418 2902 2536 2970; x_wconf 89' lang='lat' dir='ltr'>civili-</span> 
     </span>
     <span class='ocr_line' id='line_1_69' title="bbox 1553 2998 2534 3089; baseline -0.003 -13"><span class='ocrx_word' id='word_1_443' title='bbox 1553 3007 1622 3076; x_wconf 84' lang='lat' dir='ltr'>bus</span> <span class='ocrx_word' id='word_1_444' title='bbox 1645 3005 1820 3075; x_wconf 86' lang='lat' dir='ltr'>moribus:</span> <span class='ocrx_word' id='word_1_445' title='bbox 1849 3004 1936 3081; x_wconf 86' lang='lat' dir='ltr'>Item</span> <span class='ocrx_word' id='word_1_446' title='bbox 1950 2998 2090 3073; x_wconf 82' lang='lat' dir='ltr'>habent</span> <span class='ocrx_word' id='word_1_447' title='bbox 2112 3005 2157 3072; x_wconf 94' lang='lat' dir='ltr'>de</span> <span class='ocrx_word' id='word_1_448' title='bbox 2177 3004 2283 3072; x_wconf 90' lang='lat' dir='ltr'>rebus</span> <span class='ocrx_word' id='word_1_449' title='bbox 2301 3003 2534 3089; x_wconf 80' lang='lat' dir='ltr'>naturalibus,</span> 
     </span>
     <span class='ocr_line' id='line_1_70' title="bbox 1554 3104 2532 3191; baseline -0.003 -15"><span class='ocrx_word' id='word_1_450' title='bbox 1554 3107 1598 3176; x_wconf 90' lang='lat' dir='ltr'>de</span> <span class='ocrx_word' id='word_1_451' title='bbox 1620 3108 1860 3191; x_wconf 87' lang='lat' dir='ltr'>numerando,</span> <span class='ocrx_word' id='word_1_452' title='bbox 1884 3108 1929 3175; x_wconf 90' lang='lat' dir='ltr'>de</span> <span class='ocrx_word' id='word_1_453' title='bbox 1947 3104 2142 3185; x_wconf 88' lang='lat' dir='ltr'>mensuris,</span> <span class='ocrx_word' id='word_1_454' title='bbox 2167 3105 2211 3173; x_wconf 88' lang='lat' dir='ltr'>de</span> <span class='ocrx_word' id='word_1_455' title='bbox 2228 3104 2462 3189; x_wconf 89' lang='lat' dir='ltr'>aedificando,</span> <span class='ocrx_word' id='word_1_456' title='bbox 2487 3105 2532 3173; x_wconf 91' lang='lat' dir='ltr'>de</span> 
     </span>
     <span class='ocr_line' id='line_1_71' title="bbox 1554 3202 2534 3295; baseline -0.002 -18"><span class='ocrx_word' id='word_1_457' title='bbox 1554 3206 1720 3277; x_wconf 82' lang='lat' dir='ltr'>remediis</span> <span class='ocrx_word' id='word_1_458' title='bbox 1742 3208 1967 3292; x_wconf 87' lang='lat' dir='ltr'>morborum,</span> <span class='ocrx_word' id='word_1_459' title='bbox 1992 3205 2083 3277; x_wconf 91' lang='lat' dir='ltr'>sieut</span> <span class='ocrx_word' id='word_1_460' title='bbox 2103 3204 2362 3295; x_wconf 79' lang='lat' dir='ltr'>scriptumest:</span> <span class='ocrx_word' id='word_1_461' title='bbox 2385 3202 2534 3275; x_wconf 89' lang='lat' dir='ltr'>Honora</span> 
     </span>
     <span class='ocr_line' id='line_1_72' title="bbox 1554 3306 2534 3402; baseline 0.001 -26"><span class='ocrx_word' id='word_1_462' title='bbox 1554 3308 1752 3395; x_wconf 89' lang='lat' dir='ltr'>medicum,</span> <span class='ocrx_word' id='word_1_463' title='bbox 1775 3332 1859 3379; x_wconf 91' lang='lat' dir='ltr'>nam</span> <span class='ocrx_word' id='word_1_464' title='bbox 1882 3320 2026 3402; x_wconf 89' lang='lat' dir='ltr'>propter</span> <span class='ocrx_word' id='word_1_465' title='bbox 2045 3306 2286 3377; x_wconf 86' lang='lat' dir='ltr'>necessitatem</span> <span class='ocrx_word' id='word_1_466' title='bbox 2307 3307 2439 3377; x_wconf 89' lang='lat' dir='ltr'>creavit</span> <span class='ocrx_word' id='word_1_467' title='bbox 2453 3331 2534 3377; x_wconf 90' lang='lat' dir='ltr'>eum</span> 
     </span>
     <span class='ocr_line' id='line_1_73' title="bbox 1553 3407 2532 3501; baseline -0.002 -21"><span class='ocrx_word' id='word_1_468' title='bbox 1553 3411 1671 3481; x_wconf 89' lang='lat' dir='ltr'>Deus:</span> <span class='ocrx_word' id='word_1_469' title='bbox 1696 3407 1787 3482; x_wconf 90' lang='lat' dir='ltr'>Cum</span> <span class='ocrx_word' id='word_1_470' title='bbox 1809 3412 1904 3501; x_wconf 75' lang='lat' dir='ltr'>enim</span> <span class='ocrx_word' id='word_1_471' title='bbox 1927 3410 1976 3480; x_wconf 88' lang='lat' dir='ltr'>ait</span> <span class='ocrx_word' id='word_1_472' title='bbox 1996 3408 2108 3481; x_wconf 88' lang='lat' dir='ltr'>aDeo</span> <span class='ocrx_word' id='word_1_473' title='bbox 2131 3421 2285 3479; x_wconf 90' lang='lat' dir='ltr'>creatum</span> <span class='ocrx_word' id='word_1_474' title='bbox 2301 3432 2395 3493; x_wconf 86' lang='lat' dir='ltr'>esse,</span> <span class='ocrx_word' id='word_1_475' title='bbox 2419 3414 2532 3491; x_wconf 87' lang='lat' dir='ltr'>docet,</span> 
     </span>
     <span class='ocr_line' id='line_1_74' title="bbox 1554 3510 2534 3607; baseline -0.001 -27"><span class='ocrx_word' id='word_1_476' title='bbox 1554 3512 1651 3607; x_wconf 82' lang='lat' dir='ltr'>quod</span> <span class='ocrx_word' id='word_1_477' title='bbox 1679 3511 1823 3584; x_wconf 85' lang='lat' dir='ltr'>scientia</span> <span class='ocrx_word' id='word_1_478' title='bbox 1852 3525 2000 3584; x_wconf 91' lang='lat' dir='ltr'>naturae</span> <span class='ocrx_word' id='word_1_479' title='bbox 2023 3532 2211 3601; x_wconf 90' lang='lat' dir='ltr'>corporum</span> <span class='ocrx_word' id='word_1_480' title='bbox 2236 3525 2272 3582; x_wconf 92' lang='lat' dir='ltr'>et</span> <span class='ocrx_word' id='word_1_481' title='bbox 2294 3510 2534 3581; x_wconf 89' lang='lat' dir='ltr'>remediorum</span> 
     </span>
     <span class='ocr_line' id='line_1_75' title="bbox 1553 3608 2534 3699; baseline -0.002 -16"><span class='ocrx_word' id='word_1_482' title='bbox 1553 3612 1599 3683; x_wconf 92' lang='lat' dir='ltr'>sit</span> <span class='ocrx_word' id='word_1_483' title='bbox 1620 3635 1703 3683; x_wconf 88' lang='lat' dir='ltr'>vera</span> <span class='ocrx_word' id='word_1_484' title='bbox 1725 3638 1766 3684; x_wconf 92' lang='lat' dir='ltr'>ac</span> <span class='ocrx_word' id='word_1_485' title='bbox 1787 3627 1898 3699; x_wconf 86' lang='lat' dir='ltr'>certa,</span> <span class='ocrx_word' id='word_1_486' title='bbox 1924 3627 1958 3683; x_wconf 92' lang='lat' dir='ltr'>et</span> <span class='ocrx_word' id='word_1_487' title='bbox 1978 3636 1999 3683; x_wconf 94' lang='lat' dir='ltr'>a</span> <span class='ocrx_word' id='word_1_488' title='bbox 2017 3610 2092 3682; x_wconf 90' lang='lat' dir='ltr'>Deo</span> <span class='ocrx_word' id='word_1_489' title='bbox 2114 3612 2218 3682; x_wconf 89' lang='lat' dir='ltr'>nobis</span> <span class='ocrx_word' id='word_1_490' title='bbox 2239 3624 2391 3684; x_wconf 85' lang='lat' dir='ltr'>ostensa.</span> <span class='ocrx_word' id='word_1_491' title='bbox 2442 3608 2534 3683; x_wconf 91' lang='lat' dir='ltr'>Cum</span> 
     </span>
     <span class='ocr_line' id='line_1_76' title="bbox 1535 3710 2534 3805; baseline 0.003 -25"><span class='ocrx_word' id='word_1_492' title='bbox 1535 3712 1663 3801; x_wconf 70' lang='lat' dir='ltr'>=igitur</span> <span class='ocrx_word' id='word_1_493' title='bbox 1676 3710 1807 3783; x_wconf 88' lang='lat' dir='ltr'>Paulus</span> <span class='ocrx_word' id='word_1_494' title='bbox 1830 3716 1895 3784; x_wconf 87' lang='lat' dir='ltr'>ait:</span> <span class='ocrx_word' id='word_1_495' title='bbox 1907 3723 1910 3729; x_wconf 85' lang='lat'>&#39;</span> <span class='ocrx_word' id='word_1_496' title='bbox 1920 3711 2050 3783; x_wconf 87' lang='lat' dir='ltr'>Cavete</span> <span class='ocrx_word' id='word_1_497' title='bbox 2070 3736 2116 3780; x_wconf 92' lang='lat' dir='ltr'>ne</span> <span class='ocrx_word' id='word_1_498' title='bbox 2131 3713 2211 3805; x_wconf 90' lang='lat' dir='ltr'>quis</span> <span class='ocrx_word' id='word_1_499' title='bbox 2225 3736 2289 3783; x_wconf 91' lang='lat' dir='ltr'>vos</span> <span class='ocrx_word' id='word_1_500' title='bbox 2303 3713 2456 3804; x_wconf 88' lang='lat' dir='ltr'>decipiat</span> <span class='ocrx_word' id='word_1_501' title='bbox 2471 3736 2534 3803; x_wconf 88' lang='lat' dir='ltr'>per</span> 
     </span>
     <span class='ocr_line' id='line_1_77' title="bbox 1554 3807 2532 3907; baseline 0.005 -28"><span class='ocrx_word' id='word_1_502' title='bbox 1554 3807 1834 3904; x_wconf 87' lang='lat' dir='ltr'>philosophiam,</span> <span class='ocrx_word' id='word_1_503' title='bbox 1860 3837 1933 3907; x_wconf 88' lang='lat' dir='ltr'>nou</span> <span class='ocrx_word' id='word_1_504' title='bbox 1949 3826 2000 3883; x_wconf 90' lang='lat' dir='ltr'>est</span> <span class='ocrx_word' id='word_1_505' title='bbox 2014 3812 2064 3882; x_wconf 90' lang='lat' dir='ltr'>sic</span> <span class='ocrx_word' id='word_1_506' title='bbox 2073 3814 2333 3903; x_wconf 85' lang='lat' dir='ltr'>accipiendum,</span> <span class='ocrx_word' id='word_1_507' title='bbox 2345 3860 2348 3865; x_wconf 87' lang='lat'><em>-</em></span> <span class='ocrx_word' id='word_1_508' title='bbox 2359 3813 2455 3906; x_wconf 89' lang='lat' dir='ltr'>quod</span> <span class='ocrx_word' id='word_1_509' title='bbox 2470 3814 2532 3884; x_wconf 92' lang='lat' dir='ltr'>illa</span> 
     </span>
     <span class='ocr_line' id='line_1_78' title="bbox 1554 3907 2529 4007; baseline 0 -26"><span class='ocrx_word' id='word_1_510' title='bbox 1554 3907 1794 4005; x_wconf 90' lang='lat' dir='ltr'>philosophia,</span> <span class='ocrx_word' id='word_1_511' title='bbox 1827 3938 1917 4007; x_wconf 90' lang='lat' dir='ltr'>quae</span> <span class='ocrx_word' id='word_1_512' title='bbox 1945 3915 2047 3983; x_wconf 90' lang='lat' dir='ltr'>docet</span> <span class='ocrx_word' id='word_1_513' title='bbox 2073 3914 2194 4006; x_wconf 92' lang='lat' dir='ltr'>loqui,</span> <span class='ocrx_word' id='word_1_514' title='bbox 2224 3937 2266 3985; x_wconf 90' lang='lat' dir='ltr'>ae</span> <span class='ocrx_word' id='word_1_515' title='bbox 2293 3914 2529 3983; x_wconf 85' lang='lat' dir='ltr'>remediorum</span> 
     </span>
     <span class='ocr_line' id='line_1_79' title="bbox 1551 4010 2528 4108; baseline -0.004 -24"><span class='ocrx_word' id='word_1_516' title='bbox 1551 4029 1716 4100; x_wconf 89' lang='lat' dir='ltr'>naturas,</span> <span class='ocrx_word' id='word_1_517' title='bbox 1739 4028 1800 4088; x_wconf 90' lang='lat' dir='ltr'>aut</span> <span class='ocrx_word' id='word_1_518' title='bbox 1819 4039 2027 4108; x_wconf 88' lang='lat' dir='ltr'>corporum,</span> <span class='ocrx_word' id='word_1_519' title='bbox 2051 4013 2223 4087; x_wconf 81' lang='lat' dir='ltr'>silvana:</span> <span class='ocrx_word' id='word_1_520' title='bbox 2248 4012 2417 4106; x_wconf 83' lang='lat' dir='ltr'>permittit</span> <span class='ocrx_word' id='word_1_521' title='bbox 2431 4010 2528 4082; x_wconf 89' lang='lat' dir='ltr'>enim</span> 
     </span>
     <span class='ocr_line' id='line_1_80' title="bbox 1552 4113 2529 4199; baseline -0.004 -12"><span class='ocrx_word' id='word_1_522' title='bbox 1552 4114 1605 4187; x_wconf 92' lang='lat' dir='ltr'>uti</span> <span class='ocrx_word' id='word_1_523' title='bbox 1621 4115 1725 4186; x_wconf 87' lang='lat' dir='ltr'>nobis</span> <span class='ocrx_word' id='word_1_524' title='bbox 1741 4117 1807 4187; x_wconf 90' lang='lat' dir='ltr'>isto</span> <span class='ocrx_word' id='word_1_525' title='bbox 1824 4117 1956 4188; x_wconf 91' lang='lat' dir='ltr'>iudicio</span> <span class='ocrx_word' id='word_1_526' title='bbox 1972 4114 2121 4189; x_wconf 87' lang='lat' dir='ltr'>rationis</span> <span class='ocrx_word' id='word_1_527' title='bbox 2136 4118 2227 4188; x_wconf 88' lang='lat' dir='ltr'>sicut</span> <span class='ocrx_word' id='word_1_528' title='bbox 2242 4114 2368 4186; x_wconf 86' lang='lat' dir='ltr'>vestitu</span> <span class='ocrx_word' id='word_1_529' title='bbox 2377 4126 2411 4186; x_wconf 93' lang='lat' dir='ltr'>et</span> <span class='ocrx_word' id='word_1_530' title='bbox 2420 4113 2529 4199; x_wconf 88' lang='lat' dir='ltr'>victu,</span> 
     </span>
     <span class='ocr_line' id='line_1_81' title="bbox 1552 4217 2530 4313; baseline -0.002 -27"><span class='ocrx_word' id='word_1_531' title='bbox 1552 4240 1626 4287; x_wconf 91' lang='lat' dir='ltr'>non</span> <span class='ocrx_word' id='word_1_532' title='bbox 1650 4230 1743 4288; x_wconf 88' lang='lat' dir='ltr'>vetat</span> <span class='ocrx_word' id='word_1_533' title='bbox 1756 4219 1936 4289; x_wconf 89' lang='lat' dir='ltr'>numerari</span> <span class='ocrx_word' id='word_1_534' title='bbox 1952 4233 2014 4291; x_wconf 93' lang='lat' dir='ltr'>aut</span> <span class='ocrx_word' id='word_1_535' title='bbox 2027 4217 2321 4313; x_wconf 26' lang='lat' dir='ltr'>metiri-corpora,</span> <span class='ocrx_word' id='word_1_536' title='bbox 2343 4238 2419 4284; x_wconf 91' lang='lat' dir='ltr'>non</span> <span class='ocrx_word' id='word_1_537' title='bbox 2433 4227 2530 4286; x_wconf 87' lang='lat' dir='ltr'>vetat</span> 
     </span>
     <span class='ocr_line' id='line_1_82' title="bbox 1551 4315 2528 4412; baseline -0.007 -23"><span class='ocrx_word' id='word_1_538' title='bbox 1551 4318 1753 4406; x_wconf 88' lang='lat' dir='ltr'>aedificare,</span> <span class='ocrx_word' id='word_1_539' title='bbox 1785 4343 1859 4389; x_wconf 91' lang='lat' dir='ltr'>non</span> <span class='ocrx_word' id='word_1_540' title='bbox 1882 4332 1975 4391; x_wconf 88' lang='lat' dir='ltr'>vetat</span> <span class='ocrx_word' id='word_1_541' title='bbox 1993 4319 2155 4412; x_wconf 77' lang='lat' dir='ltr'>pingere,</span> <span class='ocrx_word' id='word_1_542' title='bbox 2181 4341 2254 4388; x_wconf 90' lang='lat' dir='ltr'>non</span> <span class='ocrx_word' id='word_1_543' title='bbox 2274 4326 2370 4387; x_wconf 85' lang='lat' dir='ltr'>velat</span> <span class='ocrx_word' id='word_1_544' title='bbox 2390 4315 2528 4385; x_wconf 90' lang='lat' dir='ltr'>mederi</span> 
     </span>
     <span class='ocr_line' id='line_1_83' title="bbox 1551 4416 2529 4515; baseline -0.002 -27"><span class='ocrx_word' id='word_1_545' title='bbox 1551 4421 1685 4491; x_wconf 89' lang='lat' dir='ltr'>morbis</span> <span class='ocrx_word' id='word_1_546' title='bbox 1700 4446 1902 4515; x_wconf 84' lang='lat' dir='ltr'>corporum,</span> <span class='ocrx_word' id='word_1_547' title='bbox 1926 4445 2002 4494; x_wconf 90' lang='lat' dir='ltr'>non</span> <span class='ocrx_word' id='word_1_548' title='bbox 2014 4436 2107 4495; x_wconf 86' lang='lat' dir='ltr'>vetat</span> <span class='ocrx_word' id='word_1_549' title='bbox 2120 4417 2248 4491; x_wconf 87' lang='lat' dir='ltr'>iudicia</span> <span class='ocrx_word' id='word_1_550' title='bbox 2259 4440 2433 4499; x_wconf 77' lang='lat' dir='ltr'>exercere,</span> <span class='ocrx_word' id='word_1_551' title='bbox 2455 4416 2529 4486; x_wconf 91' lang='lat' dir='ltr'>imo</span> 
     </span>
     <span class='ocr_line' id='line_1_84' title="bbox 1552 4519 2532 4613; baseline -0.001 -24"><span class='ocrx_word' id='word_1_552' title='bbox 1552 4522 1635 4613; x_wconf 90' lang='lat' dir='ltr'>quia</span> <span class='ocrx_word' id='word_1_553' title='bbox 1665 4523 1768 4592; x_wconf 86' lang='lat' dir='ltr'>audis</span> <span class='ocrx_word' id='word_1_554' title='bbox 1795 4519 1881 4595; x_wconf 90' lang='lat' dir='ltr'>haee</span> <span class='ocrx_word' id='word_1_555' title='bbox 1909 4526 2005 4596; x_wconf 90' lang='lat' dir='ltr'>dona</span> <span class='ocrx_word' id='word_1_556' title='bbox 2032 4521 2099 4594; x_wconf 84' lang='lat' dir='ltr'>Dei</span> <span class='ocrx_word' id='word_1_557' title='bbox 2127 4536 2212 4593; x_wconf 84' lang='lat' dir='ltr'>esse·</span> <span class='ocrx_word' id='word_1_558' title='bbox 2227 4519 2339 4591; x_wconf 91' lang='lat' dir='ltr'>insita</span> <span class='ocrx_word' id='word_1_559' title='bbox 2369 4532 2532 4604; x_wconf 87' lang='lat' dir='ltr'>naturae,</span> 
     </span>
     <span class='ocr_line' id='line_1_85' title="bbox 1550 4616 2531 4716; baseline -0.001 -27"><span class='ocrx_word' id='word_1_560' title='bbox 1550 4621 1663 4691; x_wconf 90' lang='lat' dir='ltr'>multo</span> <span class='ocrx_word' id='word_1_561' title='bbox 1688 4625 1802 4713; x_wconf 81' lang='lat' dir='ltr'>magis</span> <span class='ocrx_word' id='word_1_562' title='bbox 1827 4626 1934 4697; x_wconf 87' lang='lat' dir='ltr'>debes</span> <span class='ocrx_word' id='word_1_563' title='bbox 1957 4624 2049 4697; x_wconf 90' lang='lat' dir='ltr'>hanc</span> <span class='ocrx_word' id='word_1_564' title='bbox 2066 4616 2531 4716; x_wconf 82' lang='lat' dir='ltr'>philosophiam&#39;venerari,</span> 
     </span>
     <span class='ocr_line' id='line_1_86' title="bbox 1550 4718 2530 4820; baseline 0.001 -31"><span class='ocrx_word' id='word_1_565' title='bbox 1550 4746 1655 4816; x_wconf 88' lang='lat' dir='ltr'>quam</span> <span class='ocrx_word' id='word_1_566' title='bbox 1670 4720 1766 4795; x_wconf 88' lang='lat' dir='ltr'>Deus</span> <span class='ocrx_word' id='word_1_567' title='bbox 1783 4727 1882 4799; x_wconf 94' lang='lat' dir='ltr'>dedit</span> <span class='ocrx_word' id='word_1_568' title='bbox 1897 4718 2049 4820; x_wconf 81' lang='lat' dir='ltr'>advitae</span> <span class='ocrx_word' id='word_1_569' title='bbox 2064 4723 2238 4819; x_wconf 79' lang='lat' dir='ltr'>praesidia</span> <span class='ocrx_word' id='word_1_570' title='bbox 2253 4725 2427 4816; x_wconf 71' lang='lat' dir='ltr'>parandae</span> <span class='ocrx_word' id='word_1_571' title='bbox 2452 4720 2530 4791; x_wconf 84' lang='lat' dir='ltr'>vult</span> 
     </span>
     <span class='ocr_line' id='line_1_87' title="bbox 1550 4821 2530 4914; baseline -0.004 -21"><span class='ocrx_word' id='word_1_572' title='bbox 1550 4824 1644 4893; x_wconf 88' lang='lat' dir='ltr'>euim</span> <span class='ocrx_word' id='word_1_573' title='bbox 1664 4821 1761 4897; x_wconf 89' lang='lat' dir='ltr'>Deus</span> <span class='ocrx_word' id='word_1_574' title='bbox 1789 4850 1855 4897; x_wconf 88' lang='lat' dir='ltr'>nos</span> <span class='ocrx_word' id='word_1_575' title='bbox 1880 4828 2056 4914; x_wconf 91' lang='lat' dir='ltr'>laborate,</span> <span class='ocrx_word' id='word_1_576' title='bbox 2089 4841 2125 4900; x_wconf 88' lang='lat' dir='ltr'>et</span> <span class='ocrx_word' id='word_1_577' title='bbox 2145 4827 2273 4898; x_wconf 87' lang='lat' dir='ltr'>vivunt</span> <span class='ocrx_word' id='word_1_578' title='bbox 2296 4821 2530 4905; x_wconf 78' lang='lat' dir='ltr'>commodius,</span> 
     </span>
     <span class='ocr_line' id='line_1_88' title="bbox 1549 4924 2531 5020; baseline -0.005 -26"><span class='ocrx_word' id='word_1_579' title='bbox 1549 4924 1610 5018; x_wconf 90' lang='lat' dir='ltr'>qui</span> <span class='ocrx_word' id='word_1_580' title='bbox 1633 4925 1750 4996; x_wconf 88' lang='lat' dir='ltr'>sciunt</span> <span class='ocrx_word' id='word_1_581' title='bbox 1772 4932 1929 5001; x_wconf 89' lang='lat' dir='ltr'>remedia</span> <span class='ocrx_word' id='word_1_582' title='bbox 1944 4931 2173 5013; x_wconf 88' lang='lat' dir='ltr'>morborum,</span> <span class='ocrx_word' id='word_1_583' title='bbox 2197 4927 2260 5020; x_wconf 88' lang='lat' dir='ltr'>qui</span> <span class='ocrx_word' id='word_1_584' title='bbox 2278 4927 2393 4996; x_wconf 91' lang='lat' dir='ltr'>sciunt</span> <span class='ocrx_word' id='word_1_585' title='bbox 2408 4944 2531 5012; x_wconf 81' lang='lat' dir='ltr'>regere</span> 
     </span>
     <span class='ocr_line' id='line_1_89' title="bbox 1548 5025 2531 5125; baseline -0.004 -29"><span class='ocrx_word' id='word_1_586' title='bbox 1548 5026 1781 5118; x_wconf 87' lang='lat' dir='ltr'>respublicas,</span> <span class='ocrx_word' id='word_1_587' title='bbox 1811 5054 1919 5125; x_wconf 87' lang='lat' dir='ltr'>quam</span> <span class='ocrx_word' id='word_1_588' title='bbox 1948 5032 2107 5102; x_wconf 90' lang='lat' dir='ltr'>barbari:</span> <span class='ocrx_word' id='word_1_589' title='bbox 2142 5029 2297 5122; x_wconf 90' lang='lat' dir='ltr'>denique</span> <span class='ocrx_word' id='word_1_590' title='bbox 2323 5025 2386 5120; x_wconf 86' lang='lat' dir='ltr'>qui</span> <span class='ocrx_word' id='word_1_591' title='bbox 2407 5045 2531 5096; x_wconf 89' lang='lat' dir='ltr'>omues</span> 
     </span>
     <span class='ocr_line' id='line_1_90' title="bbox 1546 5124 2526 5226; baseline -0.001 -30"><span class='ocrx_word' id='word_1_592' title='bbox 1546 5128 1627 5198; x_wconf 87' lang='lat' dir='ltr'>illas</span> <span class='ocrx_word' id='word_1_593' title='bbox 1653 5143 1746 5201; x_wconf 87' lang='lat' dir='ltr'>artes</span> <span class='ocrx_word' id='word_1_594' title='bbox 1776 5132 1909 5218; x_wconf 89' lang='lat' dir='ltr'>sciunt,</span> <span class='ocrx_word' id='word_1_595' title='bbox 1942 5133 2073 5226; x_wconf 82' lang='lat' dir='ltr'>quihus</span> <span class='ocrx_word' id='word_1_596' title='bbox 2101 5132 2140 5200; x_wconf 88' lang='lat' dir='ltr'>in</span> <span class='ocrx_word' id='word_1_597' title='bbox 2169 5124 2235 5199; x_wconf 92' lang='lat' dir='ltr'>hac</span> <span class='ocrx_word' id='word_1_598' title='bbox 2256 5126 2433 5219; x_wconf 89' lang='lat' dir='ltr'>corporali</span> <span class='ocrx_word' id='word_1_599' title='bbox 2452 5124 2526 5195; x_wconf 84' lang='lat' dir='ltr'>vila</span> 
     </span>
     <span class='ocr_line' id='line_1_91' title="bbox 1546 5230 2526 5319; baseline 0.002 -21"><span class='ocrx_word' id='word_1_600' title='bbox 1546 5234 1718 5301; x_wconf 89' lang='lat' dir='ltr'>servanda</span> <span class='ocrx_word' id='word_1_601' title='bbox 1736 5235 1907 5304; x_wconf 88' lang='lat' dir='ltr'>utendum</span> <span class='ocrx_word' id='word_1_602' title='bbox 1921 5247 1990 5319; x_wconf 91' lang='lat' dir='ltr'>est,</span> <span class='ocrx_word' id='word_1_603' title='bbox 2015 5247 2057 5305; x_wconf 89' lang='lat' dir='ltr'>ut</span> <span class='ocrx_word' id='word_1_604' title='bbox 2068 5230 2281 5303; x_wconf 88' lang='lat' dir='ltr'>numerandi</span> <span class='ocrx_word' id='word_1_605' title='bbox 2296 5242 2423 5312; x_wconf 89' lang='lat' dir='ltr'>artem,</span> <span class='ocrx_word' id='word_1_606' title='bbox 2449 5245 2526 5293; x_wconf 84' lang='lat' dir='ltr'>me-</span> 
     </span>
     <span class='ocr_line' id='line_1_92' title="bbox 1545 5326 2528 5426; baseline -0.007 -24"><span class='ocrx_word' id='word_1_607' title='bbox 1545 5328 1679 5417; x_wconf 84' lang='lat' dir='ltr'>tiendi,</span> <span class='ocrx_word' id='word_1_608' title='bbox 1704 5334 1931 5411; x_wconf 88' lang='lat' dir='ltr'>aedificandi,</span> <span class='ocrx_word' id='word_1_609' title='bbox 1957 5348 2114 5426; x_wconf 87' lang='lat' dir='ltr'>tempora</span> <span class='ocrx_word' id='word_1_610' title='bbox 2138 5357 2178 5402; x_wconf 86' lang='lat' dir='ltr'>ex</span> <span class='ocrx_word' id='word_1_611' title='bbox 2199 5326 2528 5402; x_wconf 87' lang='lat' dir='ltr'>motibuscoelesti-</span> 
     </span>
     <span class='ocr_line' id='line_1_93' title="bbox 1545 5428 2528 5511; baseline -0.005 -9"><span class='ocrx_word' id='word_1_612' title='bbox 1545 5432 1617 5503; x_wconf 83' lang='lat' dir='ltr'>bus&#39;¹</span> <span class='ocrx_word' id='word_1_613' title='bbox 1632 5433 1872 5506; x_wconf 88' lang='lat' dir='ltr'>discernendi:</span> <span class='ocrx_word' id='word_1_614' title='bbox 1900 5432 1995 5507; x_wconf 89' lang='lat' dir='ltr'>Haec</span> <span class='ocrx_word' id='word_1_615' title='bbox 2015 5435 2136 5507; x_wconf 89' lang='lat' dir='ltr'>omnia</span> <span class='ocrx_word' id='word_1_616' title='bbox 2154 5456 2234 5504; x_wconf 89' lang='lat' dir='ltr'>eum</span> <span class='ocrx_word' id='word_1_617' title='bbox 2248 5433 2321 5501; x_wconf 85' lang='lat' dir='ltr'>sint</span> <span class='ocrx_word' id='word_1_618' title='bbox 2336 5428 2402 5500; x_wconf 89' lang='lat' dir='ltr'>Dei</span> <span class='ocrx_word' id='word_1_619' title='bbox 2421 5431 2528 5511; x_wconf 90' lang='lat' dir='ltr'>dona,</span> 
     </span>
     <span class='ocr_line' id='line_1_94' title="bbox 1544 5526 2526 5628; baseline -0.006 -25"><span class='ocrx_word' id='word_1_620' title='bbox 1544 5556 1585 5603; x_wconf 89' lang='lat' dir='ltr'>eo</span> <span class='ocrx_word' id='word_1_621' title='bbox 1608 5534 1718 5622; x_wconf 76' lang='lat' dir='ltr'>magis</span> <span class='ocrx_word' id='word_1_622' title='bbox 1738 5537 1902 5628; x_wconf 88' lang='lat' dir='ltr'>amplecti</span> <span class='ocrx_word' id='word_1_623' title='bbox 1921 5549 1957 5610; x_wconf 90' lang='lat' dir='ltr'>et</span> <span class='ocrx_word' id='word_1_624' title='bbox 1970 5535 2167 5608; x_wconf 86' lang='lat' dir='ltr'>exosculari</span> <span class='ocrx_word' id='word_1_625' title='bbox 2182 5534 2413 5604; x_wconf 88' lang='lat' dir='ltr'>debebamus:</span> <span class='ocrx_word' id='word_1_626' title='bbox 2439 5526 2526 5598; x_wconf 89' lang='lat' dir='ltr'>ldeo</span> 
     </span>
     <span class='ocr_line' id='line_1_95' title="bbox 1536 5632 2527 5729; baseline -0.002 -27"><span class='ocrx_word' id='word_1_627' title='bbox 1536 5632 1710 5705; x_wconf 74' lang='lat' dir='ltr'>Salomon</span> <span class='ocrx_word' id='word_1_628' title='bbox 1734 5637 1840 5724; x_wconf 91' lang='lat' dir='ltr'>dicit,</span> <span class='ocrx_word' id='word_1_629' title='bbox 1870 5639 2078 5729; x_wconf 86' lang='lat' dir='ltr'>sapientiam</span> <span class='ocrx_word' id='word_1_630' title='bbox 2104 5639 2234 5708; x_wconf 89' lang='lat' dir='ltr'>bonam</span> <span class='ocrx_word' id='word_1_631' title='bbox 2267 5656 2341 5703; x_wconf 86' lang='lat' dir='ltr'>esse</span> <span class='ocrx_word' id='word_1_632' title='bbox 2364 5644 2397 5702; x_wconf 93' lang='lat' dir='ltr'>et</span> <span class='ocrx_word' id='word_1_633' title='bbox 2422 5653 2527 5718; x_wconf 92' lang='lat' dir='ltr'>prae-</span> 
     </span>
     <span class='ocr_line' id='line_1_96' title="bbox 1541 5726 2528 5827; baseline 0 -25"><span class='ocrx_word' id='word_1_634' title='bbox 1541 5746 1632 5803; x_wconf 87' lang='lat' dir='ltr'>stare</span> <span class='ocrx_word' id='word_1_635' title='bbox 1652 5731 1835 5824; x_wconf 82' lang='lat' dir='ltr'>iusticias,</span> <span class='ocrx_word' id='word_1_636' title='bbox 1852 5738 1943 5810; x_wconf 87' lang='lat' dir='ltr'>sicut</span> <span class='ocrx_word' id='word_1_637' title='bbox 1960 5741 2021 5810; x_wconf 91' lang='lat' dir='ltr'>lux</span> <span class='ocrx_word' id='word_1_638' title='bbox 2036 5739 2192 5810; x_wconf 88' lang='lat' dir='ltr'>tenebris</span> <span class='ocrx_word' id='word_1_639' title='bbox 2206 5747 2375 5827; x_wconf 88' lang='lat' dir='ltr'>praestat,</span> <span class='ocrx_word' id='word_1_640' title='bbox 2400 5726 2528 5802; x_wconf 86' lang='lat' dir='ltr'>Eccle-</span> 
     </span>
     <span class='ocr_line' id='line_1_97' title="bbox 1540 5831 2529 5941; baseline -0.002 -33"><span class='ocrx_word' id='word_1_641' title='bbox 1540 5834 1634 5908; x_wconf 77' lang='lat' dir='ltr'>siatt.</span> <span class='ocrx_word' id='word_1_642' title='bbox 1646 5837 1684 5912; x_wconf 76' lang='lat'>2.</span> <span class='ocrx_word' id='word_1_643' title='bbox 1724 5836 1796 5912; x_wconf 77' lang='lat' dir='ltr'>seu</span> <span class='ocrx_word' id='word_1_644' title='bbox 1816 5841 1862 5912; x_wconf 88' lang='lat' dir='ltr'>de</span> <span class='ocrx_word' id='word_1_645' title='bbox 1876 5835 1956 5911; x_wconf 85' lang='lat' dir='ltr'>Deo</span> <span class='ocrx_word' id='word_1_646' title='bbox 1976 5853 2069 5941; x_wconf 84' lang='lat' dir='ltr'>errat</span> <span class='ocrx_word' id='word_1_647' title='bbox 2083 5831 2312 5933; x_wconf 86' lang='lat' dir='ltr'>philosophia</span> <span class='ocrx_word' id='word_1_648' title='bbox 2326 5831 2529 5926; x_wconf 82' lang='lat' dir='ltr'>tripliciter,</span> 
     </span>
    </p>
   </div>
   <div class='ocr_carea' id='block_1_19' title="bbox 0 0 3018 6774">
    <p class='ocr_par' dir='ltr' id='par_1_24' title="bbox 0 0 3018 6774">
     <span class='ocr_line' id='line_1_98' title="bbox 0 0 3018 6774; baseline 0 0"><span class='ocrx_word' id='word_1_649' title='bbox 0 0 3018 6774; x_wconf 95' lang='lat' dir='ltr'> </span> 
     </span>
    </p>
   </div>
  </div>
 </body>
</html>
