6025 6775
995 752 1154 844 62⁹.

988 921 1209 1015 scopi,
1242 908 1700 1010 relinquendi
1733 920 1801 980 et
1827 893 2200 974 execrandi
2226 907 2396 976 suut
2421 904 2774 988 tanquam.
2796 908 2971 966 m-

991 1022 1331 1102 themata.
1443 1013 1607 1087 Non
1657 1019 2055 1099 expetamus
2101 1023 2369 1092 eorum,
2395 994 2784 1079 amicicias,
2845 991 2971 1087 qui

990 1126 1377 1199 nobiscum
1401 1114 1607 1188 amici
1624 1110 1774 1180 Deo
1808 1126 1957 1178 csse
1988 1102 2298 1186 nolunt„
2334 1121 2607 1192 nosque
2634 1096 2972 1168 adversus

994 1249 1241 1299 eorum
1273 1215 1742 1292 execrationes
1764 1205 2229 1282 consolemur
2252 1225 2424 1280 voce
2455 1198 2753 1272 Psalmi:
2805 1194 2970 1272 Ma-

995 1327 1298 1400 ledicent
1328 1318 1476 1403 illi,
1520 1327 1590 1385 et
1617 1324 1697 1384 tu
1723 1308 2135 1384 benedices..

1093 1548 1377 1646 (mv.)
1451 1547 1674 1622 Alia
1717 1537 2329 1635 dispuvatiot'
2400 1533 2507 1608 de
2543 1538 2860 1608 Invoca-

1768 1652 1976 1720 timw
2026 1646 2202 1717 Det.

985 1807 1304 1911 Propria
1324 1815 1554 1885 virtus
1581 1824 1686 1884 est
1699 1803 2094 1894 Ecclesiae,
2145 1804 2387 1896 ignota
2417 1800 2754 1872 omnibus
2796 1822 2970 1889 gen-

988 1922 1220 2004 tibus,
1271 1932 1337 1987 et
1378 1912 1794 1986 hominibus
1842 1910 2108 2001 ignaris
2140 1903 2566 1995 Evangelii,
2611 1901 2968 1974 invocatio

988 2043 1154 2092 vera
1183 2016 1348 2099 Dei,
1399 2029 1481 2086 ut
1510 2014 1728 2086 Rom.
1766 2016 1881 2085 10.
1910 2011 2198 2082 dicitur:
2253 2006 2636 2096 Quomodo
2680 2005 2967 2073 invoca-

991 2126 1177 2194 bunt
1228 2120 1370 2188 nisi
1419 2115 1760 2187 credent?
1860 2110 2242 2202 Quomodo
2298 2109 2615 2206 credent„
2636 2105 2779 2176 nisi
2836 2126 2966 2174 au-

1047 2225 1064 2242 ·
1207 2225 1240 2269 a

993 2225 1266 2395 menti.
1294 2233 1659 2402 ¹eisithnici,
1708 2312 1953 2385 ludaei
1999 2323 2352 2394 recentes,
2402 2301 2968 2389 Mahometistae,

988 2424 1374 2518 dupliciter
1398 2430 1694 2513 peccant
1720 2417 1799 2486 in
1830 2412 2304 2484 invocatione.
2388 2405 2748 2490 Primum,
2797 2405 2963 2497 quia

988 2538 1239 2599 errant
1280 2524 1368 2593 de
1407 2519 1702 2591 essentia
1733 2515 1896 2588 Dei.
1999 2511 2368 2595 Secundo,
2415 2508 2580 2602 quia
2623 2518 2963 2599 perpetuo

981 2623 1791 2719 ignorant'voluntatem
1810 2669 1832 2700 ,
1881 2636 1978 2684 an
2007 2625 2073 2682 et
2110 2634 2239 2681 cur
2266 2611 2593 2680 exaudiat
2621 2603 2838 2680 Deus.

1192 2727 1264 2799 3.
1330 2723 1447 2795 De
1476 2719 1777 2796 essentia
1807 2706 2388 2795 errantEt-hnici,
2441 2706 2685 2779 Iudaei
2717 2706 2964 2782 etMa-

988 2825 1430 2903 hometistae.
1533 2819 1719 2891 Cum
1740 2817 1937 2894 ‚enim
1968 2836 2116 2883 non
2158 2813 2491 2881 invocent
2520 2810 2787 2894 Deum,
2838 2808 2968 2901 qui

992 2954 1062 3002 se
1092 2927 1454 3022 patefecit,
1505 2935 1576 2992 et
1602 2919 1781 2991 sicut
1814 2941 1887 2987 se
1921 2913 2277 3008 patefecit:
2344 2912 2619 3002 fingunt
2659 2909 2799 2978 sibi
2842 2908 2964 2979 alii

991 3031 1269 3104 turbam
1312 3023 1673 3105 Deorum,
1748 3018 1875 3087 alii
1915 3039 2142 3085 unum
2189 3010 2461 3099 Deum,
2540 3012 2659 3081 sed
2704 3022 2966 3098 negant

841 3141 847 3146 ’
990 3126 1183 3204 hunc
1209 3152 1378 3201 vere
1408 3123 1643 3196 Deum
1680 3140 1867 3204 csse,
1915 3117 2141 3210 quise
2169 3114 2387 3184 verbo
2430 3137 2595 3197 suo,
2648 3124 2719 3182 et
2761 3135 2967 3180 reve-

992 3233 1139 3316 lato
1178 3229 1368 3313 mio,
1448 3238 1519 3296 et
1565 3220 1840 3314 Spiritu
1885 3229 2126 3287 sancto
2195 3214 2554 3306 patefecit,
2634 3213 2967 3287 aberrant

996 3355 1173 3426 erge
1212 3353 1263 3409 a
1298 3352 1475 3403 vero.
1510 3322 1695 3401 Deo.
1813 3317 2054 3408 Quare
2098 3311 2424 3389 Christus
2464 3313 2735 3409 inquit:
2819 3309 2966 3401 Qui

990 3459 1151 3513 non
1186 3426 1608 3505 honorificat
1647 3424 1921 3506 filium,
2004 3442 2156 3490 non
2200 3413 2624 3489 honorificat
2668 3426 2966 3507 patrem.

986 3534 1203 3622 Item,
1278 3527 1437 3605 lob.
1467 3524 1617 3601 15.:
1699 3522 1853 3615 Qui·
1890 3545 2003 3593 me
2049 3520 2238 3607 odit,
2289 3532 2363 3590 et
2403 3531 2676 3611 patrem
2726 3538 2966 3593 meum

996 3637 1181 3708 odit.
1270 3688 1288 3698 -

1197 3731 1273 3810 4.
1329 3727 1441 3803 De
1482 3728 1839 3799 voluntate
1884 3737 2161 3809 errant,
2225 3721 2391 3817 quia
2442 3732 2706 3811 negant
2741 3718 2967 3790 filium

994 3860 1145 3913 esse
1168 3834 1630 3909 mediatorem
1648 3880 1670 3915 ,
1717 3842 1787 3900 et
1816 3829 2148 3918 ignorant
2177 3823 2704 3915 promissiones.

1197 3934 1272 4012 6.
1338 3929 1840 4024 Multipliciter
1883 3941 2125 3999 errant
2165 3941 2232 3997 et
2263 3923 2623 4016 Papistae,
2692 3917 2969 3989 inimici

994 4063 1210 4135 purae
1249 4034 1617 4111 doctrinae
1659 4026 2061 4121 Evangelii.
2158 4023 2314 4097 Alii
2356 4019 2545 4099 nihil
2586 4020 2971 4113 cogitantes

996 4145 1083 4214 de
1115 4141 1369 4222 verbo,
1418 4148 1545 4213 aut
1581 4133 1766 4217 filio,
1817 4132 1897 4201 in
1926 4153 2069 4224 quo
2097 4151 2171 4198 se
2199 4126 2563 4219 patefecit,
2613 4124 2971 4195 invocant.

993 4241 1143 4314 Alii
1179 4238 1409 4313 Deum
1443 4239 1535 4309 ad
1564 4247 1789 4308 certas
1822 4245 2088 4303 statuas
2123 4230 2438 4319 alligant.
2539 4222 2693 4296 Alii
2737 4217 2972 4293 homi·

995 4367 1118 4414 nes
1147 4357 1463 4414 mortuos
1498 4340 1876 4416 invocant,
1925 4346 1993 4401 et
2029 4331 2119 4399 ab
2164 4330 2263 4398 eis
2308 4327 2651 4397 auxilium
2696 4334 2970 4416 petunt.

992 4444 1320 4533 Denique
1352 4462 1596 4511 omnes
1621 4433 1850 4529 ignari
1886 4430 2064 4502 lucis
2080 4427 2455 4518 Evangelii
2477 4482 2497 4510 ‚
2550 4428 2807 4495 docent
2833 4425 2970 4492 du·-

994 4544 1372 4616 bitandum
1425 4562 1605 4625 esse,
1678 4562 1775 4609 an
1818 4535 2183 4629 placeant,
2247 4542 2316 4600 et
2360 4551 2452 4601 an
2507 4525 2973 4597 exaudiantur

996 4666 1242 4740 preces
1288 4655 1603 4714 nostrat.
1692 4636 1861 4715 Rae.
1896 4632 2348 4709 confusiones
2393 4628 2617 4703 animi
2655 4626 2974 4716 vagantis

997 4762 1078 4825 et
1099 4742 1492 4819 aberrantis
1524 4765 1565 4812 a
1589 4739 1791 4825 Dee,
1824 4734 2171 4817 nonsatis
2195 4731 2496 4805 describi
2526 4730 2762 4801 verbis
2807 4750 2970 4819 pos—

998 4859 1194 4921 sunt.
1293 4844 1441 4919 Sed
1463 4841 1876 4936 quotidiana
1905 4839 2135 4920 leena,
2186 4833 2415 4907 bones
2444 4844 2722 4904 urentes
2751 4831 2845 4899 de
2873 4828 2973 4900 eis

996 4948 1362 5025 admonet.
1457 4941 1556 5019 Et
1584 4945 1663 5019 in
1694 4963 1783 5019 ea
1802 4942 1995 5017 lucta
2018 4938 2377 5009 discamus
2407 4956 2541 5006 nos
2581 4943 2973 5007 sustentare

1000 5047 1223 5120 verbo
1254 5041 1427 5128 Dei,
1474 5057 1546 5115 et
1576 5043 1781 5117 illum
1807 5038 2039 5116 Deum
2062 5059 2441 5133 quaerere,
2492 5047 2562 5106 et
2604 5033 2684 5101 in
2727 5055 2813 5100 eo
2857 5052 2975 5101 ac-

1002 5149 1400 5244 quiescere,
1451 5145 1579 5239 qui
1610 5167 1684 5217 se
1711 5142 1857 5217 suis
1884 5138 2476 5231 promissionibus
2503 5131 2852 5228 patefecit.

1202 5248 1278 5321 6.
1345 5242 1445 5321 Et
1489 5244 1782 5319 exaudit
1809 5239 2006 5317 Deus
2050 5238 2130 5313 in
2154 5235 2471 5313 Ecclesia
2500 5231 2770 5307 Christi
2814 5253 2977 5324 pre-

1002 5373 1113 5427 ces
1139 5347 1671 5429 invocantium,
1723 5359 1796 5418 et
1827 5354 2107 5421 tantem
2142 5335 2277 5417 hos
2317 5337 2626 5412 exaudit.
2727 5330 2978 5406 Caete-

1000 5476 1238 5525 rarum
1280 5450 1605 5542 gentium
1649 5445 1989 5521 omnium.-
2021 5466 2264 5537 preces
2313 5453 2482 5513 sunt
2522 5438 2739 5515 inane
2779 5457 2978 5507 mur-

990 5577 1195 5634 mur,
1242 5566 1327 5626 ut
1362 5544 1773 5637 Iohan.‚15‚.
1814 5540 2110 5620 dicitur:
2178 5543 2261 5615 Si
2303 5540 2703 5612 manseritis
2744 5538 2821 5607 in
2865 5557 2979 5607 me

993 5670 1068 5729 ct
1094 5655 1319 5726 verba
1342 5677 1499 5727 mea
1531 5651 1924 5729 manserint
1952 5649 2036 5725 in
2066 5643 2296 5727 vobis,
2349 5640 2699 5734 quidquid
2734 5637 2982 5711 voluc-

2278 716 2817 828 ΡῌιιιΡΡι
2889 707 3797 794 MELANTnoms.

4912 721 5066 798 530

3071 886 3510 979 pinquantes
3544 883 3728 967 tibi,
3799 880 3982 955 sicut
4027 875 4224 956 Deus
4260 895 4508 958 noster
4546 883 4746 962 adest
4789 892 5062 963 cunctis

3071 987 3688 1063 obsecrationibus
3713 985 4000 1060 nostris.

3278 1102 3348 1173 7.
3405 1100 3598 1194 Ergo
3648 1104 3726 1172 in
3776 1101 4232 1172 invocatione
4284 1102 4598 1195 primum
4651 1105 5060 1199 cogitemus,

3069 1207 3403 1300 advem
3437 1206 3814 1296 dirigenda
3854 1203 3956 1274 sit·
3993 1202 4372 1275 invocatio.
4470 1202 4758 1278 Deinde
4799 1231 4929 1298 an,
4985 1224 5057 1283 et

3070 1331 3236 1394 cur,
3297 1320 3366 1379 et
3406 1307 3533 1377 ubi
3574 1306 3904 1378 exaudiat
3929 1299 4150 1377 Deus.
4252 1301 4352 1379 Et
4391 1306 4884 1381 discernamus
4920 1333 5057 1383 no-

3069 1422 3290 1579 sstram
3330 1409 3862 1480 invocationem
3904 1405 4002 1477 ab
4063 1400 4347 1477 ethnica
4365 1460 4387 1495 ,
4462 1409 4742 1480 iudaica
4772 1424 4860 1483 -et
4900 1435 5054 1485 ma-

3128 1510 3446 1583 ometica.

3273 1627 3344 1697 8.
3396 1624 3562 1698 Uno
3591 1629 3808 1699 modo
3840 1621 4444 1721 semper-Ecclesia
4459 1623 4604 1699 Dei
4630 1627 4809 1700 ind‘e·
4825 1654 5050 1725 usque

3069 1729 3162 1799 ab
3226 1724 3463 1798 Adam
3517 1728 3876 1800 invocavit
3936 1724 4195 1799 Deum.
4326 1726 4553 1801 Norat
4610 1752 4840 1801 unum
4902 1756 5054 1806 csse

3071 1842 3436 1901 aeternum
3513 1839 3819 1920 patrem,
3922 1828 4049 1921 qui
4123 1829 4370 1920 genuit
4449 1830 4831 1919 imaginem
4913 1834 5052 1920 sui,

3069 1930 3366 2017 Filium,
3445 1944 3514 2002 et
3567 1952 3608 1999 a
3652 1923 3862 1999 Patre
3921 1939 3993 1999 et
4037 1926 4232 2000 Pilio
4279 1934 4661 2021 procedere
4702 1931 5050 2022 Spiritum

3069 2045 3409 2105 sanctum.
3510 2025 3609 2101 Et
3643 2030 3907 2100 sciebat
3933 2030 4175 2099 omnia
4224 2032 4509 2102 condita
4556 2055 4706 2104 esse
4750 2033 4963 2105 simul
5006 2059 5051 2105 a

3068 2133 3315 2217 Patre,
3380 2130 3605 2215 Filio,
3669 2144 3739 2202 et
3780 2129 4059 2222 Spiritu
4097 2143 4375 2217 sancto,
4445 2132 4630 2205 sicut
4672 2136 4752 2203 in
4800 2136 4869 2206 1.
4901 2159 5052 2228 cap,

3068 2232 3253 2307 Gen.
3289 2246 3361 2305 et
3389 2226 3637 2303 Iohan.
3681 2232 3748 2304 1.
3780 2232 4213 2302 adfirmatur.

3269 2332 3342 2403 9.
3419 2329 3846 2424 Dirigebant
3900 2354 4067 2422 ergo
4128 2333 4654 2405 invocationem
4715 2338 4805 2406 ad
4854 2333 5051 2411 hunc

3064 2436 3623 2527 omnipotentem
3642 2430 3917 2519 Deum,
3966 2446 4335 2505 aeternum
4353 2432 4673 2523 Patrem,
4729 2439 5049 2532 quicum
5147 2517 5154 2526 ,

3064 2534 3253 2608 Filio
3284 2550 3351 2608 et
3381 2536 3657 2629 Spiritu
3692 2549 3934 2607 sancto
3963 2536 4203 2605 omnia
4242 2537 4603 2624 condidit,
4655 2553 4724 2611 et
4772 2554 5050 2612 susten-

3009 2659 3010 2676 *
3065 2650 3212 2722 tat,
3248 2634 3343 2707 Et
3372 2650 3631 2708 norant
3669 2661 3751 2707 se
3770 2636 4093 2707 exaudiri
4121 2650 4415 2730 propter
4445 2640 4671 2710 filium
4702 2642 5051 2716 constitu-

3067 2749 3220 2807 tum
3276 2739 3777 2823 mediatorem,
3868 2749 3937 2807 et
3995 2736 4313 2808 sciebant
4370 2739 4646 2810 effundi
4697 2742 5049 2835 Spiritum

3065 2850 3383 2907 sanctum
3413 2838 3490 2905 in
3522 2840 3733 2907 corda
3761 2836 4202 2909 credentium
4236 2850 4308 2909 et
4336 2838 4846 2911 invocantium.

3274 2938 3394 3012 10.
3459 2937 3579 3008 Sic
3623 2935 3835 3006 Iacob
3880 2938 4219 3009 discernit
4258 2958 4462 3007 suam
4503 2939 5051 3023 invocationem,

3067 3040 3158 3111 ab
3188 3039 3490 3109 aliarum
3535 3038 3856 3127 gentium
3894 3036 4260 3130 precibus,
4320 3049 4390 3109 ct
4420 3040 4847 3111 nominatim
4879 3041 5051 3113 facit

3065 3141 3501 3212 mentionem
3537 3138 3867 3230 promissi
3897 3137 4310 3213 salvatoris.
4411 3137 4733 3211 Primum
4774 3140 5048 3235 inquit:

3064 3239 3293 3325 Dens,
3346 3263 3582 3310 coram
3608 3264 3751 3334 quo
3784 3239 4328 3311 ambulaverunt
4359 3253 4592 3333 patres
4611 3243 4775 3328 mei,
4814 3238 5052 3314 Abra-

3066 3337 3234 3413 ham
3267 3354 3336 3412 et
3370 3340 3585 3412 Isaac.
3660 3340 3940 3414 Deinde
3972 3340 4173 3413 addit
4198 3342 4287 3412 de
4319 3342 4666 3435 promisso
4699 3340 5050 3414 Domino:

3065 3441 3422 3532 Angelus,
3474 3442 3602 3536 qni
3631 3442 3894 3536 eripuit
3941 3466 4055 3513 me
4098 3465 4182 3513 ex
4229 3443 4508 3515 cunctis
4546 3444 4792 3535 malis„
4834 3445 5055 3516 bene-

3067 3545 3255 3616 dicat
3280 3544 3520 3638 pueris
3546 3543 3721 3615 istis.

3276 3665 3396 3735 11.
3458 3658 3653 3732 Haec
3686 3673 3791 3733 est
3820 3660 4085 3734 directa
4111 3659 4505 3749 invocatio,
4570 3677 4653 3737 ut
4691 3686 4825 3734 nos
4870 3661 5054 3734 dici-

3067 3788 3262 3836 mus:
3325 3762 3484 3836 Iesu
3510 3758 3792 3837 Christe
3830 3764 3934 3837 fili
3967 3763 4102 3838 Dei
4147 3763 4332 3849 vivi,
4379 3765 4704 3835 crucifixe
4750 3788 4884 3858 pro
4912 3788 5056 3836 no-

3069 3868 3182 3937 bis
3216 3880 3284 3939 et
3313 3865 3740 3950 resuscitate,
3788 3865 4121 3935 miserere
4152 3866 4402 3953 nostri,
4449 3865 4614 3957 iuva
4644 3888 4798 3938 nos.
4848 3864 5053 3938 Sicut

3071 3964 3473 4060 Stephanus
3502 3965 3771 4057 inquit:
3842 3961 4035 4049 Iesu,
4102 3964 4375 4053 suscipe
4420 3967 4748 4058 spiritum
4789 3988 5056 4039 meum.

3023 4082 3024 4085 ’
3071 4064 3167 4141 Et
3209 4067 3472 4139 Paulus
3516 4066 3616 4135 ait
3662 4064 3733 4135 1.
3765 4058 4059 4136 Thessa.
4091 4064 4195 4133 8.:
4290 4062 4450 4156 Ipse
4488 4064 4680 4138 Deus
4739 4080 4808 4136 et
4854 4077 5055 4156 pater

3072 4182 3348 4251 noster,
3399 4179 3467 4237 et
3495 4162 3852 4237 Dominus
3883 4176 4124 4237 noster
4157 4160 4350 4234 Iesus
4379 4161 4743 4252 Christus,
4794 4162 5054 4255 dirigat

3073 4270 3262 4339 viam
3296 4280 3611 4338 nostram
3651 4277 3779 4340 etc.
3879 4259 3978 4337 Et
4006 4264 4188 4339 alias.
4207 4285 4434 4357 saepe.

3281 4368 3398 4441 12.
3462 4363 3559 4445 Et
3584 4364 3845 4438 Daniel
3874 4365 4059 4437 clare
4092 4365 4329 4460 inquit
4356 4365 4583 4458 capite
4612 4363 4718 4437 9,;
4769 4361 5058 4439 Exaudi

3071 4471 3266 4544 Deus
3297 4468 3695 4543 orationem
3726 4466 3910 4538 servi
3941 4464 4091 4550 tui,
4143 4479 4431 4559 propter
4459 4465 4878 4539 Dominum.

3282 4573 3399 4649 15..
3467 4567 3566 4644 Et
3612 4569 3840 4663 capite
3882 4582 4130 4645 octavo
4181 4567 4475 4660 angelus
4530 4569 4921 4641 sciscitatur
4963 4567 5055 4637 de

3073 4687 3387 4766 tempore
3451 4671 3682 4744 futuri
3740 4683 4070 4753 eventus,
4124 4669 4217 4741 ab
4272 4670 4415 4743 alio
4478 4670 4785 4762 quodam
4829 4668 5055 4738 collo·

3026 4799 3029 4822 *
3074 4788 3374 4870 quente,
3427 4798 3638 4868 quem
3681 4773 4010 4846 nominat
4040 4764 4576 4855 Psalmoni,
4628 4770 4702 4840 id
4739 4781 4880 4855 est,
4927 4770 5060 4840 ad-

3073 4877 3512 4961 mirabilem,
3563 4875 3689 4969 qui
3718 4897 3979 4965 gnarus
4009 4887 4113 4946 est
4142 4871 4422 4947 consilii
4450 4871 4704 4957 divini,
4757 4884 4825 4942 et
4851 4892 5062 4965 supe-

3071 4979 3224 5047 rior
3257 4991 3361 5049 est
3389 4975 3728 5047 creaturis
3756 4974 4110 5048 omnibus.

3282 5092 3399 5166 14.
3464 5088 3722 5163 Coram
3770 5089 3990 5181 igitur
4036 5088 4234 5159 videt
4275 5086 4573 5173 Daniel,
4635 5101 4707 5158 et
4744 5086 4942 5161 audit
4987 5103 5059 5160 et

3075 5195 3394 5286 agnoscit
3432 5192 3658 5265 filium
3691 5188 3869 5276 Dei,
3930 5189 4114 5263 sicut
4137 5185 4267 5265 alii
4301 5201 4536 5282 patres
4567 5189 4780 5262 multi
4813 5188 5061 5263 audie-

3032 5329 3033 5333 *
3077 5307 3248 5367 runt
3280 5294 3832 5389 colloquentem.

3290 5405 3413 5483 15·
3472 5406 3573 5483 Et
3599 5403 3852 5481 Iollan·
3877 5403 3954 5485 6·
3981 5400 4311 5478 Chrhtnss
4344 5404 4497 5500 ipse
4528 5406 4797 5501 inquit:
4846 5404 4905 5476 P
4906 5417 5058 5479 ‘tet

3078 5536 3277 5587 meus
3304 5536 3530 5608 usque
3555 5512 3773 5587 modo
3802 5522 4174 5603 operatur,
4222 5522 4294 5581 et
4319 5531 4447 5600 ego
4477 5531 4756 5600 operor.

3288 5631 3404 5703 16.
3463 5627 3734 5705 Omnis
3778 5629 3998 5719 igitur
4044 5648 4259 5718 opera
4297 5622 4435 5697 Dei
4485 5640 4676 5698 extra
4723 5621 5061 5694 divinita-

992 5755 1192 5841 ritis,
1236 5756 1531 5845 petetis,
1580 5768 1652 5829 ct
1679 5755 1805 5826 liet
1823 5749 2055 5828 vobis.
2154 5739 2253 5815 Et
2278 5739 2491 5818 Deut.
2522 5739 2626 5811 4.=
2678 5737 2847 5811 Non
2877 5749 2982 5808 est
3082 5748 3265 5821 tem,
3312 5733 3723 5827 praeterita,
3771 5728 4162 5823 praesentia
4205 5737 4272 5797 et
4313 5725 4591 5805 futura,
4658 5721 5061 5795 communia

994 5858 1155 5937 elia.
1178 5852 1377 5929 natio
1418 5869 1563 5927 tam
1605 5849 1939 5944 grandis,
1983 5867 2166 5940 quae
2200 5838 2460 5923 babent
2484 5839 2679 5919 neos
2720 5859 2983 5931 appro-
3084 5850 3250 5915 sum
3284 5836 3514 5917 tribus
3542 5832 3885 5928 personis.

1103 5960 1465 6028 lirun-n.
1509 5958 1722 6028 Orsa.
1775 5949 2137 6022 vonxll.

3883 5928 3985 6002 s4
