6025 6775
398 602 475 680 sto
590 697 593 701 .

903 591 1065 674 DECL.
1101 593 1177 670 DE
1210 588 1396 669 DICTO
1423 590 1602 668 PAULI
1627 589 1826 667 EPHES.
1854 591 1921 676 tv,

2344 596 2428 674 δόθ’

400 773 497 845 lesos
518 768 682 842 Christus
702 784 864 865 receptus
885 772 924 839 in
945 769 1082 840 'coelum
1101 791 1185 839 suae
1206 765 1384 841 Ecclesiae
1435 778 1546 852 stros,
1586 789 1739 861 quorum
1767 790 1853 837 voce
1885 765 2072 855 colligatur
2100 759 2259 838 Ecclesia
2291 789 2420 857 genere

401 874 615 967 impertitae
632 873 825 944 distribuit.

502 973 577 1045 Cur
601 976 711 1065 igitur
732 973 878 1052 Paulus,
904 994 983 1041 eum
1005 971 1113 1041 vellet
1135 972 1225 1043 illud
1249 972 1383 1041 dictum

401 1077 536 1147 Psalmi
558 1075 778 1166 interpretari
806 1077 849 1142 de
875 1073 981 1142 donis
1000 1073 1276 1157 distribuendis,
1309 1097 1383 1142 non

400 1179 486 1248 lecit
508 1179 626 1267 potius
642 1177 853 1244 mentionem
877 1169 1007 1244 horum
1032 1200 1114 1245 vere
1131 1177 1333 1247 coelestium
1351 1188 1385 1244 et

399 1294 625 1351 aeternorum
639 1279 833 1360 bonorum,
859 1300 948 1368 quae
963 1277 1037 1346 sola
1054 1277 1159 1366 digna
1175 1292 1257 1348 sunt
1271 1302 1291 1347 a
1306 1291 1384 1347 tan-

400 1396 441 1451 to
467 1380 609 1450 domino
635 1389 669 1445 et
690 1378 821 1448 victore
846 1378 996 1447 donari?
1045 1376 1120 1449 Cur
1142 1381 1267 1452 maluit
1290 1381 1383 1448 dona

399 1503 525 1551 vocare
541 1474 704 1546 homines
718 1502 967 1569 aerumnosos,

399 1583 553 1673 tiplicem
574 1579 825 1651 ‘infirmitatem
859 1582 1099 1671 deplorantes,
1132 1596 1167 1654 et
1191 1584 1297 1653 morti
1319 1583 1385 1652 ob-

399 1680 550 1755 noxios?
1056 1703 1059 1708 ·

499 1781 613 1855 cauca
636 1795 688 1851 est
709 1782 909 1866 verissima,
935 1786 1030 1875 quod
1055 1786 1159 1856 divus
1179 1785 1311 1857 Paulus
1329 1809 1385 1855 re-

399 1886 514 1980 spexit
527 1885 571 1953 ad
584 1885 752 1964 modum,
774 1909 845 1978 quo
861 1887 1167 1957 communicantur
1183 1890 1287 1958 nobis
1301 1884 1386 1956 haec

399 1985 562 2058 coelestia
583 1997 618 2053 et
638 1998 780 2055 aeterna
800 1988 910 2070 bona,
944 2011 1034 2079 quae
1058 2013 1132 2059 non
1156 1992 1259 2060 aliter
1281 1991 1385 2059 nohis

399 2090 627 2170 tribuuntur,
656 2087 727 2155 nisi
749 2112 812 2178 per
832 2087 1068 2160 ministerium
1095 2094 1207 2166 verbi.
1257 2090 1387 2161 Admi-

400 2191 510 2261 rsndo
533 2189 632 2260 enim
652 2190 800 2257 consilio
822 2204 857 2259 et
879 2189 1073 2262 certissimo
1097 2195 1235 2263 decreto
1253 2192 1386 2262 consti-

400 2293 468 2364 tuit
487 2288 604 2373 Deus,
640 2314 726 2359 voce
746 2286 931 2379 Evangelii
962 2294 1097 2381 prolata
1121 2320 1185 2385 per
1206 2295 1319 2363 filium
1346 2317 1387 2361 ex

400 2396 482 2466 sinu
500 2390 635 2462 aeterni
655 2392 782 2480 patris,
816 2406 850 2462 et
878 2408 1026 2463 sonante
1051 2419 1114 2485 per
1140 2392 1331 2486 Apostolos
1353 2408 1387 2463 et

399 2519 477 2568 non
499 2492 619 2576 aliter,
650 2492 764 2562 salvos
785 2495 900 2563 facere
925 2487 1110 2579 homines,
1144 2511 1178 2566 et
1199 2497 1386 2587 participes

398 2597 552 2669 reddere
566 2607 786 2665 aeternorum
805 2595 1076 2676 beneficiorum,
1103 2621 1193 2689 quae
1208 2619 1271 2665 sua
1288 2621 1383 2665 moc-

398 2714 450 2785 te,
478 2693 646 2778 victoria,
670 2696 928 2765 resurrectione
951 2709 985 2764 et
1007 2697 1099 2766 laeto
1125 2694 1306 2789 triumpho
1325 2722 1384 2788 pe-

399 2800 510 2893 perit,
532 2809 568 2866 et
591 2795 794 2885 impetravit
815 2796 936 2884 generi
953 2791 1108 2868 humano
1124 2798 1302 2870 Dominus
1318 2823 1385 2867 no-

399 2900 573 2974 sterlesus
581 2892 758 2980 Christus,
776 2898 866 2969 sicut
880 2897 998 2989 inquit
1013 2898 1087 2989 ipse
1097 2899 1244 2971 Paulus:
1265 2898 1385 2970 Evan-

399 3005 528 3095 gelium
541 3010 596 3070 est
607 2999 768 3089 potentia
784 2994 851 3067 Dei
874 3000 918 3067 ad
938 3000 1085 3068 salutem
1101 3004 1200 3071 omni
1217 3003 1384 3074 credenti.

498 3102 584 3176 ldeo
604 3099 740 3170 Paulus
764 3099 856 3169 dona
886 3099 947 3168 illa
971 3097 1225 3193 triumphantis
1251 3098 1384 3175 Christi

400 3201 733 3299 sapienter-exponit
751 3200 845 3291 ipsos
861 3196 1063 3292 Apostolos,
1089 3202 1253 3275 Pastores
1268 3220 1300 3275 et
1310 3202 1385 3274 Do-

400 3321 539 3393 stota,
563 3304 647 3400 qnia
668 3325 731 3394 per
752 3302 835 3371 illos
860 3315 1025 3373 sonantes
1047 3307 1244 3377 doctrinam
1268 3330 1288 3374 a
1311 3306 1384 3376 filio

397 3408 467 3484 Dei
488 3400 686 3498 receptam,
707 3406 951 3483 conferuntur
977 3420 1011 3477 et
1037 3405 1301 3481 distribuuntur
1324 3408 1384 3476 illa

397 3512 563 3584 coelestia
576 3508 672 3577 bona
684 3507 867 3591 omnibus,
890 3507 951 3600 qui
967 3509 1089 3578 audito
1103 3511 1212 3580 verbo
1228 3512 1386 3594 credunt,

399 3629 436 3684 et
457 3622 561 3704 parta
582 3608 677 3677 bona
696 3629 716 3675 a
736 3608 808 3678 lilio
831 3606 899 3679 Dei
921 3621 955 3676 et
979 3610 1096 3679 oblata
1118 3636 1184 3703 per
1205 3612 1386 3681 ministros

401 3715 472 3783 tide
489 3708 558 3781 sibi
574 3706 758 3799 applicant.

501 3808 637 3903 Estque
664 3803 732 3879 boe
753 3811 885 3880 dictum
909 3809 1014 3882 Pauli
1040 3815 1242 3906 oppositum
1266 3817 1386 3908 perni-

398 3913 592 3989 ciosissimo
621 3911 734 3982 errori
753 3911 984 3983 Stenckleldii
1016 3927 1050 3983 et
1076 3916 1227 3985 aliorum
1257 3912 1383 3986 enthu-

395 4019 604 4099 siastarum,
631 4012 695 4106 qui
722 4014 780 4082 vet
801 4016 950 4084 verbum
981 4016 1103 4087 vocale
1122 4039 1266 4108 prorsus
1293 4030 1387 4087 exte-

399 4131 509 4193 mant
530 4129 565 4187 et
588 4128 842 4200 contemnunt,
874 4118 930 4186 vel
953 4118 1083 4188 docent
1100 4118 1259 4209 neglecto
1276 4119 1386 4188 verbo

398 4219 631 4315 expectandos
644 4238 719 4287 esse
732 4231 856 4309 raptus
869 4217 1056 4293 violentos.

495 4319 609 4391 Nobis
639 4342 724 4390 vero
756 4331 791 4390 et
815 4319 977 4389 doctrina
1002 4322 1215 4413 proponitur
1239 4335 1275 4391 et
1301 4344 1387 4391 con-

397 4424 538 4496 solatio.

432 4560 435 4565 ·
499 4518 670 4593 Doctrina
693 4534 744 4592 est
767 4543 840 4614 qua
860 4544 1066 4605 monemur,
1096 4537 1138 4593 ut
1159 4522 1386 4613 magnifacia-

397 4646 480 4698 mus
495 4635 530 4693 et
543 4644 753 4694 veneremur
771 4621 1008 4693 ministerium
1024 4620 1230 4716 Evangelii,
1256 4638 1290 4696 et
1305 4648 1387 4695 vere

395 4739 594 4798 statuamus
616 4746 681 4814 per
699 4723 811 4810 illud,
839 4737 873 4795 ct
893 4748 968 4794 non
990 4726 1111 4814 aliter,
1140 4727 1246 4796 nobis
1261 4727 1387 4796 donari

397 4828 464 4895 ille
485 4826 646 4897 coelestia
666 4826 781 4906 bona,
811 4838 910 4916 parta
933 4828 1106 4918 sanguine
1126 4841 1160 4899 et
1182 4841 1296 4898 morte
1311 4826 1385 4898 Do-

397 4924 494 4995 mini
522 4927 632 4996 nostri
667 4923 747 4998 lesu
776 4921 932 5014 Christi,
968 4929 1063 5000 iuxta
1102 4928 1207 5019 Pauli
1236 4930 1386 4999 dictum:

398 5026 506 5118 Quos
527 5026 647 5116 elegit,
671 5021 737 5097 bos
754 5040 788 5098 et
811 5030 959 5107 vocavit.
1007 5029 1112 5102 Item:
1139 5029 1245 5100 Fides
1266 5055 1307 5100 ex
1323 5055 1388 5099 au-

385 5130 480 5213 ⁸ditu'
507 5138 571 5199 est

501 5226 711 5301 Consolatio
735 5231 921 5325 multiplex
941 5233 1158 5303 ‚continetur
1186 5225 1255 5301 hoc
1286 5231 1388 5300 brevi

397 5332 494 5405 dieto
509 5329 626 5402 Pauli.
679 5327 840 5401 Primum
863 5336 959 5427 quod
982 5335 1076 5405 tilius
1089 5331 1155 5405 Dei
1172 5335 1246 5425 ipse
1263 5334 1308 5402 sit
1325 5356 1387 5402 cu-

399 5447 471 5506 stos
490 5429 688 5517 Ecclesiae,
721 5444 757 5503 et
779 5451 959 5507 conservet
977 5438 1231 5520 ministerium,
1256 5433 1387 5504 excita·

399 5535 445 5607 tis
457 5536 620 5606 subinde
640 5536 710 5628 piis
729 5558 770 5607 sc
790 5536 1006 5609 salutaribus
1024 5535 1251 5612 Doctoribus.
1302 5533 1387 5606 ldeo

396 5637 495 5709 euim
510 5639 668 5711 soesndit
682 5638 723 5709 iu
736 5639 870 5722 altum,
895 5639 1012 5731 inquit
1019 5636 1169 5724 Paulus,
1194 5639 1278 5708 ideo
1292 5638 1389 5710 sedet

395 5740 443 5811 sd
462 5740 621 5813 datram
636 5740 706 5813 Dei
724 5740 855 5834 patris,
883 5738 965 5810 ideo
985 5753 1124 5827 regnat,
1147 5752 1189 5812 nt
1205 5742 1264 5813 det
1278 5738 1388 5810 mini·

1435 863 1608 944 humano.

1537 1007 1679 1078 Deinde
1695 1008 1843 1099 singulis
1855 980 1991 1079 ¹vocatis
2008 1007 2053 1079 ad
2067 1033 2198 1079 munus
2213 991 2371 1081 docendi
2382 1011 2432 1092 in·

1436 1107 1595 1181 Ecclesia
1613 1106 1699 1179 baec
1712 1112 1836 1200 ingens
1851 1111 2044 1187 consolatio
2059 1114 2285 1203 proponitur,
2312 1111 2421 1203 Quod

1436 1212 1570 1282 Paulus
1588 1213 1665 1280 vult
1688 1236 1746 1282 eos
1770 1227 1865 1284 certo
1889 1225 2061 1297 statuere,
2086 1211 2200 1283 filium
2217 1212 2286 1286 Dei
2307 1208 2421 1313 λόγον

1438 1316 1529 1382 velle
1544 1314 1716 1383 efficacem
1735 1337 1809 1383 esse
1827 1338 1890 1404 per
1905 1314 2141 1384 ministerium
2166 1316 2344 1407 ipsorum,
2370 1317 2420 1385 si-

1437 1429 1498 1487 cut
1511 1415 1630 1507 inquit
1645 1415 1749 1484 alibi:
1776 1414 1896 1485 Labor
1910 1429 2025 1486 vester
2045 1439 2120 1485 non
2143 1418 2210 1489 erit
2237 1420 2361 1491 irritus
2381 1419 2420 1486 in

992 1502 1091 1549 suam
1112 1483 1270 1573 ipsorum
1290 1481 1385 1549 mul·
1436 1517 1605 1589 Domino·

1542 1651 1671 1722 Sumus
1693 1674 1759 1720 nos
1784 1675 1867 1721 sane
1891 1654 2112 1737 aerumnosi,
2144 1676 2265 1725 sumus
2287 1656 2422 1738 miseri,

1439 1775 1558 1822 stamus
1574 1752 1683 1844 spreti
1699 1752 1738 1822 in
1754 1756 1889 1823 mundo
1907 1767 1941 1824 et
1957 1754 2155 1824 conculcati
2168 1770 2204 1825 et
2219 1779 2301 1824 vere
2319 1756 2437 1838 ἐξου-.

1437 1850 1660 1947 θενημὲνοι,
1692 1875 1813 1924 sumus
1829 1856 1933 1925 etiam
1951 1855 2084 1924 infirmi
2101 1871 2137 1927 et
2159 1857 2282 1927 multis
2305 1858 2421 1926 sordi-

1438 1958 1504 2025 bus
1519 1956 1672 2038 foedati,
1698 1980 1737 2022 ac
1755 1979 1899 2045 prorsus
1913 1970 1954 2027 ut
1970 1955 2132 2047 Psalmus
2154 1959 2329 2051 loquitur:
2355 1952 2421 2051 νή-

1439 2082 1515 2130 πιοι
1532 2052 1595 2128 καὶ
1611 2048 1847 2149 θηλάζοντες.
1884 2056 1960 2125 lmo
1976 2082 2096 2127 revera
2115 2082 2249 2146 sumus,
2272 2073 2312 2130 ut
2326 2058 2421 2129 Patr-

1440 2162 1494 2228 lus
1517 2162 1561 2227 de
1582 2182 1618 2227 se
1649 2159 1785 2250 inquit:
1819 2156 2049 2255 ἐκτρώματα.
2102 2151 2242 2231 Tamen
2270 2162 2420 2231 sciamus

1438 2262 1551 2330 tilium
1572 2256 1639 2328 Dei
1656 2284 1719 2347 per
1734 2273 1890 2329 nostram
1907 2261 2084 2328 infirmam
2101 2285 2223 2331 vocem
2247 2264 2420 2332 efficacem

1439 2385 1512 2431 esse
1529 2376 1562 2431 et
1576 2385 1639 2451 per
1655 2356 1748 2431 hanc
1764 2362 1907 2431 stultam
1921 2362 2218 2452 praedicationem
2236 2365 2351 2433 salvos
2367 2366 2423 2433 la·

1439 2487 1516 2533 cere
1532 2465 1712 2531 credentes
1727 2463 1856 2547 verbo,
1882 2464 1973 2533 sicut
1989 2464 2124 2556 inquit:
2149 2464 2274 2535 Virtus
2288 2488 2365 2535 mea
2383 2465 2421 2532 in

1439 2566 1645 2635 infirmitate
1662 2565 1854 2655 perficitur.
1878 2558 1880 2560 ¹

1539 2696 1592 2767 lta
1615 2692 1684 2765 hoc
1706 2697 1784 2766 loco
1800 2694 1933 2768 Paulus
1955 2700 2093 2791 inquit,
2118 2696 2328 2790 Apostolos,
2354 2694 2423 2765 Pa·

1439 2813 1549 2869 stores
1573 2812 1606 2867 et
1621 2795 1793 2868 Doctores
1816 2821 1888 2868 esse
1912 2801 1974 2869 illa
1996 2803 2110 2884 dona,
2133 2825 2224 2893 quae
2247 2800 2341 2868 filius
2354 2794 2423 2867 Dei

1439 2915 1516 2970 acto
1542 2894 1724 2989 triumpho
1745 2923 1827 2968 suae
1841 2898 2021 2971 Ecclesiae
2043 2902 2252 2986 distribuat,
2272 2897 2340 2969 boc
2363 2913 2424 2981 est,

1439 3025 1511 3071 esse
1527 3000 1588 3068 illa
1603 3000 1678 3090 ipsa
1696 3021 1842 3087 organa,
1868 3025 1931 3088 per
1945 3026 2035 3095 quae
2062 3001 2122 3069 illa
2146 3002 2307 3070 coelestia
2325 3012 2359 3067 et
2383 2998 2421 3064 in

1440 3101 1686 3175 aeternitatem
1704 3102 1876 3170 duratura
1890 3103 1985 3170 bona
2001 3097 2208 3171 hominibus
2232 3099 2423 3191 impertiat.

1540 3235 1618 3306 Hac
1651 3258 1717 3304 nos
1751 3234 1992 3307 consolatione
2026 3247 2060 3302 et
2095 3235 2134 3301 in
2176 3234 2424 3302 communibus

1438 3337 1637 3421 aerumnis,
1664 3337 1751 3407 etin
1766 3359 1869 3408 sensu
1885 3334 2101 3407 infirmitatis
2124 3333 2288 3428 propriae
2310 3334 2424 3424 eriga-

1438 3464 1518 3511 mus
1537 3453 1572 3510 et
1586 3452 1831 3514 sustentemus.

1543 3573 1596 3645 Te
1617 3598 1701 3645 vero
1718 3574 1768 3642 fili
1785 3573 1870 3656 Dei,
1894 3565 1979 3671 ldys
1998 3568 2063 3644 καὶ
2076 3567 2186 3644 εἰκών
2209 3566 2336 3644 oi's'ds'ov
2352 3594 2424 3643 aa·

1438 3673 1544 3771 τρὸς,
1578 3676 1747 3745 collector
1766 3688 1800 3745 et
1823 3687 1941 3745 custos
1962 3669 2142 3744 Ecclesiae
2161 3686 2243 3745 tuae
2272 3697 2424 3759 oramus,

1438 3792 1478 3851 ut
1497 3802 1564 3848 nos
1586 3777 1803 3847 miserrimos
1828 3772 1993 3847 homiues
2017 3776 2198 3845 verissime
2219 3776 2371 3846 infantes
2391 3789 2426 3844 et

1438 3882 1606 3951 lactentes
1626 3893 1662 3949 et
1684 3891 1827 3949 vocatos
1841 3892 1961 3948 mmeu
1974 3879 2018 3947 ad
2036 3873 2104 3947 boc
2126 3877 2270 3946 difficile
2284 3899 2426 3961 munus,

1438 3997 1479 4053 ut
1504 3994 1603 4052 tuam
1626 4002 1753 4050 vocem
1771 3981 1811 4048 in
1832 3977 1992 4050 Ecclesia
2013 4001 2196 4048 sonemus:
2231 4000 2330 4067 regas
2351 3978 2426 4068 ipse

1440 4083 1578 4174 Spiritu
1599 4092 1719 4151 sancto
1732 4093 1814 4165 tuo,
1837 4080 1978 4163 doceas,
2006 4080 2208 4160 confirmes,
2234 4092 2268 4148 et
2286 4094 2425 4150 susten-

1439 4197 1491 4254 tes
1506 4185 1544 4251 in
1563 4176 1629 4250 hac
1646 4204 1772 4269 magna
1791 4180 1995 4259 infirmitate
2010 4194 2148 4264 nostra,
2173 4192 2207 4249 et
2222 4180 2260 4248 in
2279 4175 2345 4250 bac
2359 4179 2425 4248 tri·

1439 4286 1486 4354 sti
1502 4281 1712 4352 confusione
1727 4294 1924 4370 postremae
1934 4280 2057 4350 aetatis
2079 4281 2226 4364 mundi,
2252 4294 2290 4350 ut
2315 4281 2425 4348 simus

1440 4409 1571 4476 organa
1596 4382 1783 4466 salutaria,
1815 4405 1879 4474 per
1907 4402 1998 4473 quae
2031 4380 2266 4450 sanctificetur
2294 4401 2425 4449 nornen

1440 4501 1563 4571 tuum,
1596 4484 1742 4577 plurimi
1764 4484 2004 4573 perducantur
2026 4484 2069 4551 ad
2096 4482 2298 4551 societatem
2325 4480 2427 4571 regni

1439 4591 1513 4674 tui,
1540 4601 1573 4658 et
1594 4586 1713 4678 aliqua
1738 4584 1803 4656 tibi
1827 4585 1867 4655 iu
1889 4607 2015 4677 genere
2039 4577 2198 4654 humano
2215 4596 2313 4672 grata
2330 4584 2427 4666 fiant,

1440 4686 1569 4765 Amen.
1618 4684 1715 4759 Diri.

2254 4923 2427 4936 ..ο-αι...

2299 5168 2308 5185 .
2418 5169 2427 5187 .

1634 5407 1711 5494 De
1740 5402 1965 5515 Gregorio
1991 5401 2219 5493 Poatoao.

1510 5622 1543 5677 ln
1561 5618 1727 5674 (lectionum
1745 5617 1780 5674 Τ.
1792 5613 1827 5672 V.
1844 5633 1871 5688 p.
1885 5616 1962 5679 182..
1979 5574 2062 5687 apud·
2075 5614 2205 5673 lliclssrd.
2223 5612 2256 5666 T.
2270 5612 2303 5666 ll.
2323 5630 2349 5681 p.
2368 5609 2429 5666 628.

1543 5698 1571 5743 et
1596 5687 1625 5741 iu
1651 5686 1831 5741 Orationibus
1855 5683 2001 5755 postremis
2019 5704 2046 5759 p.
2066 5685 2125 5738 194.
2170 5679 2259 5735 Etiam
2283 5686 2428 5748 separatam

1543 5758 1613 5814 eata
1631 5752 1748 5813 waes.
1768 5754 1843 5810 csso
1862 5754 1890 5810 a.
1908 5751 1957 5810 ss
1978 5751 2018 5825 pt.
