6025 6775
504 544 577 618 tot
754 649 758 655 ¹
875 595 878 600 -
978 537 986 546 “
1183 540 1212 616 l.
1265 535 1560 615 CHRONlCON
1583 534 1864 640 Gaulotus..
2020 547 2026 569 ¹
2451 546 2528 626 782

503 728 622 788 tenere
636 712 779 804 longam
795 710 965 798 tunicam,
989 713 1138 785 alterum
1155 724 1301 787 curtam.
1334 711 1486 805 Propter
1537 709 1665 797 visset,
1690 709 1966 793 serveriacum,
1992 723 2028 785 et
2051 711 2256 786 interviros
2279 712 2471 792 honoratos
2488 735 2523 793 et

503 813 596 888 hauc
616 808 829 886 sehtentiam
849 815 967 905 plagas
989 812 1161 904 accepisse
1182 807 1298 908 Cyrus
1321 813 1485 894 traditur,
1537 812 1668 883 amicos
1685 835 1802 885 secum
1815 807 1953 889 habuit.

504 919 588 1013 quia
601 916 740 987 iusticia
762 928 814 987 est
836 916 1043 1007 aequalitas,
1068 938 1142 985 nou
1158 938 1248 1009 quae
1266 916 1369 985 uobis
1386 915 1486 984 vide-
1517 949 1519 956 ·
1638 912 1852 986 Nominatus
1882 937 1966 1006 ergo
1987 912 2138 987 Croesus
2161 916 2257 988 iuter
2277 922 2434 1012 exempla
2463 923 2523 992 iu-

504 1034 582 1105 tur,
607 1018 669 1087 sed
683 1041 790 1109 quam
804 1018 858 1085 lex
875 1017 1025 1091 ordinat.
1056 1013 1152 1086 Haec
1166 1016 1379 1095 autemfacit
1393 1009 1486 1085 banc
1536 1015 1754 1089 constantiae
1774 1017 1948 1088 fortunae.
2005 1015 2078 1088 Sed
2100 1040 2203 1088 causa
2227 1020 2338 1110 magis
2360 1023 2522 1093 couside-

503 1119 769 1213 acqualitatem,
793 1128 832 1185 ut
852 1137 952 1186 suum
971 1118 1122 1212 quisquc
1142 1129 1280 1203 teneat,
1306 1130 1339 1189 et
1360 1112 1486 1210 prohi·
1535 1118 1646 1187 randa
1674 1132 1735 1189 est.
1786 1114 1919 1188 Errorc
1943 1126 2127 1199 movetur,
2152 1132 2194 1190 ut
2211 1120 2344 1192 bellum
2368 1146 2443 1194 non
2458 1111 2522 1194 nc-

502 1223 563 1293 bet
578 1222 671 1291 furta
688 1233 722 1291 et
735 1215 887 1308 rapinas.
1536 1217 1726 1290 cessarium
1740 1234 1896 1305 moveat,
1921 1220 1971 1291 ita
1985 1220 2217 1299 calamitatem
2234 1216 2392 1296 attrahit.
2442 1224 2522 1295 Do·

607 1320 773 1409 Egressus
806 1338 849 1386 ex
880 1316 1114 1389 adolescentia
1145 1316 1215 1391 tuit
1244 1315 1360 1390 socius
1393 1317 1485 1410 regis
1537 1336 1592 1391 cet
1605 1319 1733 1410 igitur,
1758 1344 1804 1392 ue
1821 1345 1877 1392 res
1895 1343 2041 1412 magnas
2057 1320 2134 1391 sine
2156 1322 2360 1395 necessitate
2377 1348 2521 1397 movea-

505 1421 688 1517 Cyararis,
713 1417 778 1511 qui
805 1440 825 1488 a
845 1413 994 1489 Daniele
1021 1419 1230 1492 nominatur
1251 1417 1382 1492 Darius
1404 1418 1486 1491 Me·
1535 1444 1633 1507 mus,
1657 1424 1717 1494 sed
1739 1421 1850 1493 simus
1867 1444 2041 1493 memores
2064 1435 2205 1494 nostrae
2227 1424 2460 1514 infirmitatis,
2486 1412 2522 1498 et

505 1526 590 1604 dus,
614 1533 648 1590 et
663 1543 790 1610 magna
807 1518 900 1589 bella
923 1519 1029 1610 gessit
1051 1543 1163 1593 annos
1180 1520 1332 1614 amplius
1345 1520 1486 1611 viginti,
1536 1524 1729 1597 neccssaria
1751 1523 1941 1610 iaciamus,
1963 1524 2053 1595 sicut
2074 1536 2299 1616 praeceptum
2323 1539 2390 1599 cst:
2426 1527 2522 1599 Sub-

502 1633 689 1714 autequam
715 1619 832 1714 coepit
845 1616 1077 1716 Babylonem.
1126 1620 1218 1694 Nam
1241 1647 1302 1694 rex
1317 1619 1486 1717 Assyrius
1536 1622 1632 1693 ditus
1645 1637 1720 1695 esto
1734 1626 1833 1707 Deo,
1857 1637 1893 1696 et
1906 1648 1969 1696 ora
1982 1645 2063 1696 cnm
2077 1640 2142 1699 ctc.
2195 1624 2300 1697 item:
2327 1623 2520 1699 Commen-

502 1722 622 1795 Medis
641 1723 777 1794 bellurn
800 1720 989 1809 intulerat,
1021 1738 1055 1796 et
1081 1716 1141 1795 hic
1170 1722 1305 1817 socium
1332 1718 1486 1795 habebat
1537 1725 1582 1794 da
1599 1723 1679 1795 Deo
1693 1723 1787 1796 viam
1804 1739 1899 1797 tuam
1916 1739 1980 1804 etc.

501 1822 684 1899 Croesum.
734 1822 907 1896 Nominat
926 1838 1044 1897 autem
1067 1848 1184 1916 regem
1198 1823 1385 1922 Assyrium
1409 1822 1486 1895 He·
1638 1823 1750 1897 Notae
1772 1827 1843 1897 siut
1863 1841 1898 1898 et
1912 1827 2158 1900 memorabiles
2178 1828 2430 1901 sententiae-in
2453 1825 2520 1902 hac

503 1929 651 1999 rodotus
666 1924 901 2020 Labynitum,
926 1926 988 2020 qui
1009 1926 1228 2000 existimatur
1250 1950 1324 1998 esse
1337 1926 1486 1997 Baldas-
1536 1922 1697 1998 historia.
1747 1920 1855 2018 Apud
1869 1925 2091 2002 Herodotum
2106 1929 2223 2024 iuquit
2238 1929 2362 2016 Solon,
2387 1955 2465 2023 pag.
2479 1930 2521 2025 β.

503 2051 561 2100 sar
583 2031 679 2120 apud
700 2025 898 2102 Danielem.
948 2025 1042 2117 Quia
1064 2051 1149 2098 vero
1170 2050 1226 2098 res
1244 2027 1428 2123 Lydorum
1451 2041 1486 2098 et
1537 2052 1641 2099 versu
1666 2027 1809 2099 ultimo:
1835 2031 1913 2102 πᾶν
1934 2025 2012 2100 ἐστὶ
2035 2028 2239 2127 ἄνθρωπος
2261 2037 2456 2128 συμφορῇ,
2483 2033 2522 2102 id

439 2143 446 2148 “
504 2128 628 2203 louiae
645 2127 791 2200 Graccis
812 2128 967 2199 notiores
987 2129 1153 2216 suerunt,
1175 2130 1309 2200 bellum
1324 2127 1485 2199 lonicum
1537 2142 1605 2200 est:
1623 2127 1741 2200 Homo
1755 2123 1824 2200 hoc
1838 2142 1951 2202 totum
1962 2133 2057 2223 quod
2074 2124 2134 2216 est,
2152 2144 2204 2203 est
2218 2132 2411 2203 obnoxium
2426 2134 2521 2203 mul-

505 2231 682 2326 copiosius
697 2229 909 2320 descriptum
925 2242 985 2300 est.
1035 2228 1120 2301 Fuit
1137 2242 1255 2301 autem
1269 2254 1311 2301 eo
1327 2243 1486 2322 tempore
1536 2232 1583 2304 tis
1604 2230 1863 2302 calamitatibus
1886 2243 1922 2302 et
1942 2230 2099 2301 adversis
2119 2231 2266 2301 casibus.
2318 2229 2426 2324 Apud
2449 2232 2522 2304 Xe-

504 2331 753 2405 florentissima
775 2326 896 2417 louia,
920 2344 955 2400 ct
975 2331 1146 2413 urbibus,
1170 2330 1323 2423 ingeniis
1345 2345 1380 2403 et
1400 2330 1487 2401 arti·
1537 2327 1758 2423 nophontem
1805 2333 1987 2403 oraculum
2029 2331 2213 2403 recitatur:
2272 2329 2429 2407 Σαυτὸν
2464 2358 2523 2433 yt-

505 2437 575 2507 bus
596 2430 831 2504 ornatissima.
882 2429 954 2503 Sed
975 2428 1104 2527 aCyro
1124 2445 1159 2503 et
1172 2429 1336 2526 Harpago
1354 2432 1487 2504 multae
1536 2426 1697 2507 νώσκων
1721 2427 1914 2527 εὐδαίμων
1933 2435 2071 2530 Κροῖσε
2092 2425 2271 2529 περάσεις.

507 2556 653 2626 magnae
666 2532 922 2605 urbesdeletae
938 2546 1038 2618 sunt,
1061 2534 1276 2630 fueruntque
1296 2547 1415 2606 tantae
1428 2556 1488 2605 ea·
1639 2535 1725 2608 Post
1739 2536 1873 2606 bellum
1889 2549 2024 2627 gestum
2038 2537 2206 2605 adversus
2221 2531 2341 2604 lonios
2356 2548 2391 2604 et
2402 2533 2524 2629 Lydos

506 2635 696 2719 lumitates,
728 2648 770 2706 ut
798 2632 991 2705 multitudo
1015 2635 1166 2726 navigiis
1187 2658 1229 2705 cx
1250 2636 1401 2708 urbibus
1429 2636 1488 2707 iu·
1537 2635 1653 2735 Cyrus
1667 2636 1888 2731 Babylonem
1904 2637 2021 2729 coepit
2035 2635 2214 2722 obsidere,
2239 2660 2345 2729 quam
2366 2660 2447 2706 cum
2464 2660 2522 2708 oc-

505 2739 625 2831 gisus,
643 2738 739 2808 ultro
755 2756 792 2804 sc
811 2734 849 2803 in
873 2757 970 2805 mare
985 2735 1200 2811 demerserit.
1251 2733 1409 2830 Apparet
1424 2759 1487 2807 au·
1539 2752 1718 2832 cupasset,
1743 2739 1859 2811 tenuit
1871 2738 1943 2807 iam
1958 2739 2031 2807 duo
2054 2737 2204 2807 maxima
2219 2760 2346 2826 regna,
2370 2735 2524 2832 Lydium

503 2853 575 2913 tem
588 2836 784 2908 libidinum
798 2835 1020 2907 confusiones
1035 2859 1174 2908 causam
1188 2834 1296 2909 luisse
1310 2851 1487 2910 tantarum
1539 2854 1573 2912 et
1598 2838 1876 2933 Babylonicum,
1899 2851 1934 2910 et
1953 2839 2158 2909 antecelluit
2177 2839 2336 2926 potentia
2348 2838 2525 2916 ¹omnibus

501 2962 712 3036 poenarum.
1496 2991 1500 2998 -
1539 2941 1682 3032 regibus
1704 2940 1844 3028 generis
1864 2934 2024 3010 humani.
2073 2937 2150 3006 Etsi
2174 2937 2282 3026 igitur
2305 2960 2361 3007 res
2380 2959 2525 3026 magnas

606 3038 664 3114 Bo
680 3053 838 3131 tempore
860 3035 999 3111 Phocea
1015 3037 1134 3113 louica
1151 3042 1242 3113 urbe
1263 3041 1488 3112 circumsessa
1540 3043 1645 3135 gessit
1664 3038 1780 3136 Cyrus
1803 3052 1886 3110 aute
1909 3051 2113 3130 occupatam
2136 3035 2375 3130 Babylonem,
2406 3049 2525 3107 tamen

507 3148 553 3218 ab
571 3141 760 3234 Harpago‚
792 3140 887 3211 cives
915 3144 1050 3215 deserta
1080 3143 1193 3234 patria
1214 3142 1428 3233 navigarunt
1449 3142 1488 3211 in
1539 3144 1683 3215 initium
1705 3134 1932 3213 monarchiae
1953 3137 2112 3210 Persicae
2137 3138 2367 3208 coustitutum
2387 3149 2439 3208 est
2459 3131 2526 3208 hac

508 3242 759 3327 Occidentem,
785 3255 819 3314 et
836 3240 1040 3338 Massyliam
1057 3245 1096 3314 iu
1111 3245 1231 3316 littore
1246 3241 1386 3316 Gallico
1403 3267 1489 3314 cou-
1540 3244 1707 3329 victoria,
1733 3266 1802 3336 qua
1818 3264 1991 3313 summam
2012 3262 2128 3310 arcem
2144 3233 2287 3329 impeiii
2303 3236 2524 3333 Babylonem

461 3349 467 3359 '
507 3348 695 3433 diderunt,
721 3344 786 3416 ubi
806 3343 919 3433 longo.
934 3355 1092 3437 tempore
1108 3345 1437 3436 lonicamliuguam
1455 3357 1489 3416 et
1540 3346 1669 3440 coepit.
1707 3340 1755 3416 Bt
1769 3343 1855 3414 anni
1879 3341 2099 3436 septuaginta
2115 3340 2210 3412 exilii
2229 3337 2443 3433 ludaeorum
2457 3335 2526 3412 hoc

507 3450 685 3521 doctrinas
707 3445 949 3530 retinuerunt,
980 3459 1016 3517 et
1039 3447 1198 3520 iusticias
1222 3471 1262 3516 ac
1282 3447 1490 3538 disciplinae
1541 3473 1649 3530 anno,
1672 3459 1773 3538 capta
1786 3445 1984 3540 Babylone,
2008 3443 2100 3513 liniti
2119 3465 2191 3513 esse
2207 3442 2422 3516 scribuntur.
2456 3438 2526 3512 Hic

507 3550 614 3621 laude
628 3549 876 3618 excelluerunt.
928 3543 1066 3617 Nomen
1092 3563 1143 3619 est
1166 3548 1212 3618 ab
1235 3542 1320 3619 ἁλία
1328 3597 1341 3632 ,
1367 3547 1404 3616 id
1427 3562 1490 3632 est,
1540 3549 1749 3621 nominatur
1777 3569 1894 3618 annus
1921 3545 2058 3637 primus
2085 3540 2190 3638 Cyri,
2221 3542 2354 3612 scilicet
2381 3564 2527 3612 monar-

509 3672 605 3722 nave
630 3648 837 3740 piscatoria,
870 3662 904 3721 et
929 3651 1067 3740 μᾶσαι,
1101 3649 1233 3729 idest,
1266 3648 1411 3737 alligare
1433 3647 1490 3718 vel
1542 3648 1660 3736 chiac,
1685 3662 1764 3742 post
1781 3661 1916 3739 captam
1929 3645 2169 3741 Babylonem,
2195 3643 2232 3713 iu
2252 3645 2289 3719 2.
2309 3642 2372 3716 lib.
2389 3640 2531 3713 Parali-

508 3772 689 3848 quaerere,
703 3749 796 3844 quod
812 3762 958 3842 propter
972 3751 1256 3830 commoditatem
1270 3760 1393 3844 portus
1409 3750 1501 3820 eum'
1541 3764 1687 3847 pumat
1702 3751 1819 3843 primo
1833 3750 1927 3822 libro
1943 3747 2089 3821 Esdrae.
2133 3826 2136 3833 .

507 3854 626 3924 locum
642 3850 847 3942 navigantes
864 3851 1043 3942 clegerint.
1642 3849 1734 3924 Cum
1763 3866 1881 3925 autem
1909 3847 2023 3943 Cyrus
2051 3848 2185 3933 victor,
2216 3844 2360 3916 domitis
2388 3845 2528 3915 duobus

611 3951 724 4045 Capto
746 3965 861 4022 autern
875 3949 1006 4024 Croeso
1028 3951 1225 4046 pepercisse
1248 3947 1316 4023 hac
1336 3951 1492 4025 occasio·
1541 3954 1740 4051 praecipuis
1756 3954 1898 4044 regibus
1915 3947 2037 4021 Asiam
2060 3960 2211 4032 teneret,
2236 3945 2410 4039 sciretque
2425 3967 2528 4037 saepe

507 4079 555 4146 ne
570 4053 686 4151 Cyrus
702 4052 880 4129 scribitur.
918 4051 1008 4125 Cum
1025 4056 1063 4124 iu
1082 4076 1206 4144 rogum
1227 4054 1415 4149 impositus
1437 4067 1492 4124 ter
1542 4073 1662 4150 gentes
1677 4049 1860 4148 Scythicas
1876 4053 1915 4120 in
1930 4046 2052 4120 Asiam
2070 4049 2203 4118 infusas
2220 4067 2313 4129 esse,
2337 4059 2371 4114 rt
2384 4068 2528 4135 magnas

506 4159 707 4230 clamasset:
741 4150 779 4225 Ο
794 4148 932 4243 Solon,
956 4152 1071 4252 Cyrus
1095 4156 1262 4243 miratus,
1286 4179 1349 4226 cur
1371 4155 1410 4226 in
1431 4178 1491 4224 ex-
1541 4157 1755 4230 vastationes
1768 4153 1900 4234 secisse,
1924 4145 2058 4219 utAsia
2072 4161 2146 4220 tuta
2162 4160 2262 4229 esset,
2285 4144 2418 4214 bellum
2430 4144 2529 4215 Mas·

507 4273 619 4331 tremo
645 4257 795 4331 articulo
818 4257 910 4327 vitae
936 4252 1030 4328 hanc
1049 4281 1172 4328 vocem
1204 4269 1363 4342 sonaret,
1389 4255 1492 4328 iussit
1542 4256 1686 4349 segetis,
1720 4252 1784 4347 qui
1808 4249 1920 4322 vicini
1952 4262 2052 4320 erant
2087 4248 2177 4318 mari
2207 4244 2355 4338 Caspio,
2391 4245 2524 4317 intulit.

511 4381 590 4428 eum
612 4360 767 4430 liberari.
821 4354 876 4426 lbi
901 4353 1053 4428 Croesus
1072 4360 1310 4447 interrogatus
1333 4359 1493 4428 narravit
1542 4359 1666 4432 Fuisse
1681 4371 1798 4430 autem
1817 4350 2030 4442 Massagetas
2046 4345 2249 4420 Gothorum
2267 4347 2434 4437 stirpem,
2460 4369 2527 4416 no·

513 4480 614 4552 suum
638 4473 672 4529 et
692 4459 834 4533 Solonis
855 4457 1094 4550 colloquium,
1118 4457 1180 4552 qui
1198 4458 1353 4543 dixerat,
1377 4458 1493 4528 nerui-
1543 4483 1625 4534 meu
1648 4458 1800 4538 iudicat,
1831 4455 1925 4549 quod
1951 4476 1971 4524 a
1996 4449 2098 4522 Getis
2123 4448 2356 4537 compositum
2391 4460 2460 4531 est,
2493 4460 2529 4517 et

512 4580 596 4627 nem
623 4571 704 4629 autc
730 4563 821 4632 vitae
848 4560 955 4631 linem
983 4559 1124 4629 beatum
1151 4581 1224 4630 esse
1249 4560 1493 4646 iudicandum,
1544 4562 1635 4634 Mes.
1688 4558 1849 4631 Fuerunt
1865 4567 1981 4628 autem
1995 4549 2076 4621 Mes
2088 4562 2123 4620 et
2138 4543 2274 4620 Gether
2288 4547 2419 4638 posteri
2433 4546 2527 4632 Sem,

514 4658 599 4754 quia
618 4657 764 4748 siugulis
788 4677 869 4735 ante
891 4672 1041 4731 mortem
1065 4660 1178 4732 tristia
1199 4663 1311 4734 multa
1334 4662 1492 4733 accidere
1545 4678 1588 4737 ut
1603 4662 1752 4734 Genesis
1770 4671 1927 4732 testatur.
1978 4651 2037 4725 Ab
2060 4650 2133 4721 illis
2149 4647 2260 4720 Getas
2282 4669 2356 4718 esse
2377 4670 2530 4718 cousen-

513 4770 669 4854 posseut.
718 4757 814 4833 Haec
826 4764 1036 4855 cogitantem
1057 4763 1106 4833 ait
1118 4786 1155 4832 se
1170 4762 1371 4856 deplorasse
1391 4786 1491 4834 suam
1545 4781 1687 4838 taneum
1706 4776 1767 4834 est.
1797 4758 1847 4832 Et
1863 4756 1972 4828 vicini
1987 4753 2100 4824 inilla
2112 4750 2256 4843 regione
2270 4750 2415 4820 fuerunt
2429 4747 2528 4819 Mas·

514 4861 724 4946 stulticiam,
748 4865 842 4954 quod
855 4864 1006 4938 confisus
1021 4864 1195 4957 praesenti
1210 4866 1389 4955 potentia,
1416 4866 1493 4936 bel·
1544 4881 1697 4959 sagetac,
1720 4862 1827 4936 Suevi
1845 4874 1878 4933 et
1892 4855 2013 4931 Alani.

513 4961 590 5033 lum
613 4960 706 5055 Cyro
731 4959 922 5053 intulisset,
953 4981 1040 5042 tuuc
1061 4989 1135 5037 nou
1155 4966 1312 5056 cogitans
1330 4966 1494 5037 iortuuae
1648 4966 1690 5036 lu
1707 4959 1774 5035 hoc
1796 4964 1892 5034 bello
1908 4963 1993 5053 dum
2009 4958 2107 5028 abest
2120 4952 2253 5047 Cyruts
2278 4951 2412 5023 5⁰²⁶!ss
2429 4951 2528 5020 d⁰¹¹¹i

453 5138 464 5158 ,
515 5061 810 5143 ἱῐῑῑοῑὶδῑθΰῑίσῐῃ,
829 5086 907 5134 tum
923 5070 1066 5161 quidem
1083 5083 1117 5141 et
1142 5068 1284 5137 oraculo
1300 5079 1494 5138 recte‘mo·
1545 5067 1735 5162 Cambyses
1759 5076 1881 5154 regnat
1901 5083 2015 5132 anuos
2030 5079 2098 5128 sen.
2150 5054 2204 5126 lta
2226 5053 2420 5125 miscentur
2443 5052 2528 5120 anni

515 5165 613 5235 nitus
628 5176 735 5249 esset,
759 5187 796 5259 se
818 5164 957 5238 beatum
973 5171 1066 5254 fore,
1090 5170 1120 5240 si
1136 5192 1209 5239 sese
1231 5181 1360 5238 nosset.
1411 5168 1494 5256 Qtro
1546 5167 1634 5264 Cyri
1664 5179 1697 5236 et
1723 5163 1918 5257 Cambysis.
1966 5156 2015 5232 Et
2044 5177 2247 5252 quanquam
2268 5151 2383 5248 Cyrus
2412 5153 2528 5270 primo

515 5288 598 5336 cum
621 5265 810 5337 iudicasset
831 5286 868 5334 se
890 5272 1044 5358 moueri,
1069 5271 1218 5366 nequid
1238 5282 1413 5341 moveret:
1441 5284 1495 5340 ta·
1546 5293 1643 5343 snuo
1658 5258 1884 5336 monarchiae
1899 5275 1978 5354 post
1991 5272 2126 5353 captam
2137 5254 2358 5350 Babylonem
2382 5253 2529 5322 laetissi-

515 5390 601 5436 meu
616 5368 661 5437 ab
678 5365 923 5438 adulatoribus
936 5366 1118 5444 incitatum
1133 5397 1170 5444 se
1184 5393 1274 5457 csse,
1294 5371 1356 5465 qui
1371 5395 1497 5441 oracu·
1548 5394 1645 5440 mum
1667 5367 1820 5438 edictum
1839 5367 1884 5435 de
1903 5359 2131 5433 restituendis
2146 5355 2286 5428 ludaeis
2307 5356 2347 5424 iu
2368 5353 2531 5445 patriam,

515 5468 593 5540 lum
609 5469 659 5538 sic
673 5464 895 5560 interpretati
909 5482 1035 5553 esseut,
1057 5487 1098 5543 ut
1112 5474 1306 5566 potentiam
1322 5496 1420 5542 suam
1439 5497 1497 5542 co·
1549 5486 1583 5542 et
1598 5473 1642 5539 dc
1657 5467 1911 5539 instauratione
1928 5463 2050 5553 templi
2064 5474 2098 5532 et
2111 5458 2256 5552 politiae
2274 5454 2442 5570 iudaicae·
2454 5453 2529 5521 edi-

517 5570 643 5659 gitaret
661 5572 831 5641 maiorem
857 5589 929 5638 csse
945 5563 1031 5663 Cyri
1048 5575 1221 5660 potentia,
1249 5589 1282 5645 et
1299 5588 1496 5665 permotum
1550 5575 1667 5656 derat,
1691 5585 1808 5643 tamen
1826 5582 1944 5659 postea
1962 5565 2056 5635 tilius
2070 5561 2259 5654 Cambyses
2276 5549 2460 5645 prohibuit
2475 5576 2530 5652 re-¹

518 5691 611 5756 esse,
636 5686 676 5741 ut
692 5672 826 5746 bellum
840 5682 1012 5742 moveret.
1062 5666 1250 5748 Haeccum
1265 5674 1379 5771 Cyrus
1396 5676 1499 5748 audi·
1549 5673 1687 5755 ditum,
1722 5672 1805 5766 quia
1827 5667 2147 5840 bellgqu*illaturus
2168 5671 2242 5730 erat
2264 5651 2465 5746 Aegyptiis,
2497 5668 2533 5724 et

1212 5970 1229 6005 λ
