6025 6775
388 774 464 858 45,
1034 758 1300 839 nmmum
1329 754 1784 839 unicornuum.
2344 781 2421 863 sss

388 939 674 1047 pq'poveps'pew
689 936 764 1016 ὑπὸ
777 941 855 1014 τῶν
868 928 1127 1030 ἐπιστημόνων
1138 928 1375 1034 inoperosior—
1528 930 1591 1011 25.
1622 932 1715 1008 Nam
1740 930 1965 1032 synecdoche
1978 958 2053 1009 non
2069 941 2339 1037 comprehendit
2374 976 2420 1027 u-

388 1073 470 1135 ται,
511 1041 580 1118 τὸν
609 1040 726 1117 αὐτὸν
751 1034 891 1139 τρόπον
918 1032 985 1108 καὶ
1011 1033 1072 1110 ἐπὶ
1090 1041 1170 1112 τῶν
1192 1032 1314 1138 λόγων
1340 1035 1376 1111 οἱ
1426 1036 1591 1127 gnautia,
1616 1036 1698 1109 ideo
1715 1040 1813 1113 euim
1826 1038 1909 1109 fidei
1920 1039 2092 1115 tribuitur
2105 1044 2325 1141 iustificatio,
2348 976 2419 1130 hoc

388 1153 467 1223 τῶν
484 1138 684 1240 ὀνομάτων
702 1147 767 1234 τῆς
787 1130 986 1231 δυνάμεως
1007 1136 1150 1236 ἄπειροι
1171 1134 1376 1238 παραλογί-
1426 1154 1496 1226 ιιι,
1522 1133 1799 1230 apprehensioni
1822 1140 2104 1232 misericordiae,
2137 1150 2223 1243 quia
2245 1155 2418 1232 adimitur

389 1248 540 1339 ζονται,
589 1241 652 1319 καὶ
692 1236 800 1314 αὐτοὶ
847 1234 1106 1338 διαλεγόμενοι
1144 1237 1209 1315 καὶ
1250 1238 1376 1313 ἄλλων
1425 1239 1557 1312 ιιοιιιίι
1577 1241 1755 1333 operibus.
1828 1306 1832 1314 .

390 1342 602 1426 ἀκούοντες.
1480 1431 1483 1436 ,
1527 1339 1588 1415 26.
1614 1339 1783 1436 Sequitur
1796 1343 1905 1435 igitur
1920 1344 2029 1433 clare,
2049 1349 2145 1443 quod
2158 1346 2323 1429 homines
2338 1361 2415 1436 sole

495 1450 552 1518 12.
585 1443 767 1534 Significat
781 1442 894 1535 igitur
913 1441 1097 1516 iustificari
1112 1445 1207 1536 apud
1221 1441 1375 1515 Paulum
1426 1441 1494 1512 fide
1509 1441 1594 1513 iusti
1611 1458 1831 1534 reputentur.

389 1547 531 1644 proprie
545 1545 702 1635 reputari
715 1545 870 1632 iustum,
889 1558 944 1618 est
955 1545 1050 1616 enim
1059 1541 1211 1617 Ebraica
1227 1566 1376 1615 contue-
1528 1542 1591 1617 2⁷.
1622 1541 1719 1616 Haec
1732 1546 1800 1619 tria
1814 1544 1943 1617 diserte
1958 1547 2127 1642 coniungi
2139 1553 2285 1629 debent:
2311 1558 2414 1650 Fide,

387 1650 512 1721 tudine
532 1646 672 1716 forense
693 1646 927 1732 vocabulum,
952 1662 993 1719 ut
1013 1648 1043 1717 ti
1066 1646 1147 1739 quis
1167 1648 1280 1729 dicat,
1304 1644 1376 1716 Po-
1426 1635 1495 1712 hoc
1527 1656 1594 1728 est,
1632 1667 1707 1715 non
1737 1660 1883 1741 propter
1908 1664 2065 1722 nostram
2086 1656 2315 1746 munditiem,
2348 1664 2411 1735 sed

387 1750 493 1842 pulus
515 1744 702 1818 Romanus
730 1746 933 1821 iustificavit
951 1746 1153 1839 Scipionem
1175 1759 1375 1818 accusatum
1426 1742 1556 1812 fiducia
1585 1743 1866 1834 misericordiae,
1897 1751 2147 1845 consequimur
2168 1756 2411 1834 remissionem

391 1848 592 1922 aTribuno
609 1847 743 1939 plebis,
774 1842 843 1918 hoc
856 1859 933 1940 est,
962 1849 1216 1943 pronunciarit
1231 1850 1376 1929 iustum,
1428 1854 1669 1936 peccatorum,
1698 1846 1783 1916 item
1806 1851 2073 1944 consequimur,
2101 1867 2144 1927 ut
2163 1856 2249 1929 iusti
2268 1876 2411 1952 repute-

390 1950 626 2021 iunocentem.
1427 1967 1528 2027 mur,
1553 1943 1638 2013 ilem
1653 1948 1903 2041 consequimur
1916 1950 2027 2022 vitam
2042 1968 2233 2029 aeternam.

497 2049 556 2122 18.
581 2043 757 2121 ῬιιΙιιίιι
779 2046 890 2139 igitur
908 2047 1155 2141 intelligantur
1168 2045 1255 2123 haee
1270 2072 1376 2121 voca-
1530 2043 1593 2121 28.
1632 2043 1770 2119 Incerta
1796 2051 2089 2139 essetremissio,
2122 2059 2152 2126 si
2175 2061 2345 2152 penderet
2366 2088 2408 2135 er

390 2152 493 2232 bula,
518 2174 595 2220 non
612 2151 656 2219 de
670 2149 911 2244 qualitatibus.
958 2150 1076 2222 Iustus
1091 2174 1213 2243 proco
1229 2147 1376 2248 quiDeo
1428 2144 1634 2217 conditione
1655 2162 1860 2221 nostrorum
1882 2150 2111 2235 meritorum,
2141 2156 2222 2230 ideo
2245 2164 2320 2234 sola
2340 2164 2410 2236 fide

390 2252 526 2346 placet,
550 2272 612 2320 seu
634 2274 699 2339 pro
724 2263 877 2341 accepto.
927 2248 1148 2332 lustificatio,
1173 2251 1377 2343 acceptatio,
1427 2248 1618 2341 accipimus
1631 2248 1877 2320 remissionem
1892 2265 2126 2342 peccatorum.

391 2352 612 2444 approbatio.
665 2347 825 2438 iusticia,
849 2353 1023 2445 reputatio
1039 2351 1217 2438 insciciae,
1239 2374 1302 2426 seu
1316 2374 1375 2423 ae·
1529 2346 1592 2422 29.
1633 2346 1771 2422 lncerta
1787 2363 1877 2422 esset
1892 2352 2107 2424 conscientia
2130 2355 2169 2425 in
2188 2350 2334 2435 homine
2353 2389 2412 2439 re.

390 2453 542 2546 ceptatio
556 2452 702 2545 passive.
1426 2462 1530 2534 nato,
1554 2448 1586 2518 si
1608 2462 1728 2539 postea
1750 2451 1977 2522 sentiendum
1990 2467 2095 2535 esset,
2119 2449 2281 2532 homines
2305 2488 2413 2557 repu.

499 2550 560 2624 14.
587 2549 636 2624 Et
654 2552 766 2644 gratia
790 2577 865 2624 non
889 2557 1047 2624 nostram
1063 2551 1289 2647 qualitatem,
1313 2552 1375 2623 sed
1426 2551 1494 2622 tari
1518 2550 1630 2620 iustos
1651 2564 1797 2645 propter
1820 2576 1945 2644 opera,
1970 2566 2031 2624 aut
2052 2555 2139 2646 legis
2156 2557 2413 2651 impletionem.

367 2657 369 2662 ’
386 2649 669 2725 misericordiam
682 2653 724 2723 iu
734 2650 812 2724 Deo
828 2653 1012 2743 siguificat.
1427 2648 1576 2745 Semper
1588 2652 1684 2720 euim
1697 2665 1836 2724 accusat
1850 2675 1917 2725 nos
1932 2655 2000 2723 lex.

494 2748 554 2828 16.
585 2748 665 2826 Etsi
679 2775 803 2823 verum
819 2765 890 2834 est,
910 2756 1007 2847 quod
1024 2753 1063 2822 in
1077 2752 1322 2825 iustificatione
1336 2755 1376 2825 fit
1527 2750 1590 2824 80.
1622 2750 1771 2825 Necesse
1791 2766 1846 2824 ιιι
1866 2766 1984 2824 autem
2006 2759 2256 2834 conscientiam
2280 2761 2411 2842 habere

388 2853 625 2945 regeneratio,
647 2869 682 2926 et
696 2875 810 2922 novae
827 2853 1012 2946 qualitates
1027 2854 1182 2928 existunt
1197 2856 1238 2925 iu
1259 2855 1375 2941 nobis,
1426 2850 1564 2921 firmam
1587 2854 1885 2938 consolationem,
1924 2877 2032 2947 quare
2055 2871 2090 2928 et
2112 2864 2226 2934 renati
2246 2867 2321 2937 sola
2341 2870 2411 2940 tide

391 2967 484 3027 certe
497 2954 594 3025 euim
609 2975 705 3025 nova
719 2951 791 3021 vita
806 2953 932 3026 existit.
1024 3011 1028 3020 ,
1427 2963 1572 3044 propter
1586 2946 1768 3022 Christum
1780 2965 1990 3044 reputantur
2003 2956 2100 3029 iusti.

495 3054 554 3130 18.
588 3053 661 3126 Sed
684 3075 759 3123 uon
778 3054 1058 3143 pronunciamur
1079 3055 1185 3142 iusti,
1218 3050 1287 3125 hoc
1312 3067 1374 3140 est,
1528 3052 1590 3122 81.
1620 3049 1767 3121 Necesse
1781 3065 1834 3122 ιιι
1847 3065 1882 3122 ιι
1898 3066 2040 3130 renatos
2060 3058 2206 3145 sentire,
2232 3066 2328 3156 quud
2345 3091 2410 3159 prr

390 3156 523 3250 accepti
536 3169 684 3251 propter
698 3163 837 3223 nostras
850 3176 961 3224 novas
977 3157 1163 3248 qualitates
1176 3180 1216 3226 ac
1229 3157 1374 3226 mundi·
1426 3152 1706 3224 misericordiam
1719 3151 1805 3223 iusti
1819 3163 2045 3244 reputentur,
2070 3179 2145 3228 nou
2159 3178 2305 3254 propter
2328 3190 2410 3244 suar

388 3256 498 3339 tiem,
529 3259 590 3328 sed
618 3279 684 3350 per
709 3250 988 3325 misericordiam
1011 3269 1157 3349 propter
1181 3253 1375 3342 Christum,
1427 3255 1624 3348 qualitates.
2109 3319 2112 3324 4

391 3355 555 3449 utprulo
567 3355 829 3452 pottdicemus.
1528 3355 1589 3431 32.
1615 3348 1664 3425 Et
1676 3366 1794 3425 tamen
1808 3377 1931 3427 verum
1948 3370 2017 3445 est,
2040 3360 2136 3455 quod
2150 3363 2219 3435 lide
2233 3367 2338 3442 etiam
2351 3397 2410 3445 re-

401 3512 406 3521 .
499 3456 558 3531 17.
595 3457 755 3542 Deinde,
797 3478 879 3526 cum
900 3457 944 3526 de
962 3457 1209 3531 iustificatione
1231 3456 1374 3544 dicitur,
1427 3479 1619 3542 novemur,
1645 3478 1725 3527 cum
1747 3456 1843 3529 enim
1865 3458 1992 3530 liberet
2015 3483 2058 3529 er
2076 3466 2290 3558 terroribus,
2314 3475 2410 3565 parit

390 3559 550 3630 discerni
570 3558 699 3629 debent
714 3557 772 3626 lex
797 3568 834 3626 ιι
855 3558 1061 3648 promissio,
1087 3559 1126 3630 in
1139 3583 1209 3654 qua
1224 3561 1374 3632 offertur
1427 3557 1595 3648 gaudium
1613 3570 1648 3627 et
1662 3579 1793 3626 novam
1806 3557 1917 3629 vitam
1933 3559 1971 3628 in
1988 3561 2103 3634 corde.

391 3656 640 3739 reconciliatio
654 3680 717 3748 per
731 3651 924 3734 Christum.
1528 3657 1590 3733 88.
1627 3654 1798 3751 Sequitur
1811 3681 1887 3728 eam
1904 3673 1939 3730 et
1960 3660 2159 3736 obedientia
2181 3689 2263 3758 erga
2284 3670 2416 3763 Ιιςιιιι,1

501 3755 563 3832 18.
598 3750 811 3829 Ohedientia
825 3780 906 3849 erga
921 3759 1035 3850 legem
1056 3773 1146 3833 esset
1164 3759 1320 3849 iusticia,
1342 3759 1374 3830 si
1426 3758 1510 3853 quia
1532 3770 1718 3852 postquam
1746 3772 1782 3829 ιι
1799 3759 1888 3828 iram
1904 3757 1971 3830 Dei
1993 3763 2160 3835 adversus
2183 3784 2341 3858 peccata,
2374 3789 2410 3849 et

386 3861 506 3952 legem
520 3858 722 3931 laceremus.
1426 3882 1548 3932 rursus
1568 3858 1637 3929 lide
1659 3859 1937 3930 misericordiam
1957 3865 2204 3954 cognovimns,
2244 3883 2279 3940 et
2299 3874 2411 3946 senti-

496 3957 556 4037 19.
598 3957 671 4033 Sed
702 3958 789 4055 quia
817 3959 888 4051 legi
917 3983 1102 4056 nunquam
1132 3958 1374 4044 satisfacimus,
1426 3984 1505 4033 mus
1520 3956 1597 4032 Deo
1613 3982 1694 4030 vere
1716 3982 1783 4030 nos
1806 3983 1910 4031 curae
1931 3984 2026 4052 esse,
2049 3965 2229 4056 diligimus
2247 3983 2282 4042 et
2303 3974 2410 4048 invo-

391 4086 467 4136 uou
483 4062 790 4149 estsenticudum,
814 4085 881 4133 nos
894 4086 914 4133 a
928 4059 1005 4133 Deo
1020 4061 1250 4154 pronunciari
1264 4061 1374 4131 iustos
1426 4085 1545 4134 eamus
1560 4084 1656 4131 eum.

391 4177 539 4259 propter
553 4162 792 4236 obedientiam
805 4186 887 4253 erga
900 4164 1022 4254 legem.
1047 4162 1130 4235 Non
1146 4164 1255 4255 igitur
1267 4184 1376 4255 quae·
1463 4233 1468 4239 ,
1529 4160 1591 4234 84.
1623 4159 1746 4230 Liberi
1769 4181 1933 4229 sumusa
1961 4162 2056 4251 lege,
2089 4171 2253 4256 nonita,
2278 4195 2324 4242 ne
2346 4175 2409 4246 liat

392 4268 503 4341 tenda
518 4280 570 4338 est
589 4266 629 4335 in
650 4266 728 4356 lege
745 4264 964 4349 iustihcatio,
988 4265 1049 4335 sed
1069 4287 1169 4335 mens
1190 4289 1210 4334 a
1232 4264 1308 4353 lege
1329 4262 1374 4332 ad
1426 4264 1500 4343 lex,
1545 4260 1606 4328 sed
1637 4259 1721 4352 quia
1744 4259 1914 4349 obligatio
1936 4275 2045 4333 cessat
2067 4265 2324 4342 iustificationis
2345 4296 2410 4366 per

393 4366 664 4460 promissionem
676 4360 945 4438 misericordiae
958 4365 1117 4434 revocari
1133 4368 1249 4437 debet.
1427 4366 1538 4453 legem
1552 4360 1792 4455 quaerendae,
1815 4360 1970 4432 donatur
1990 4363 2085 4436 enim
2107 4367 2308 4443 iustificatio
2333 4396 2410 4446 non

494 4466 557 4538 20.
582 4464 808 4538 ldeoPaulus
822 4464 888 4537 ait:
913 4461 1086 4534 Homines
1102 4466 1172 4535 fide
1185 4462 1376 4549 iustificari,
1426 4475 1572 4559 propter
1585 4463 1716 4552 legem,
1739 4462 1801 4531 sed
1815 4476 1960 4555 propter
1974 4458 2167 4543 Christum.

393 4567 481 4663 quia
497 4566 572 4636 sola
585 4568 671 4638 fides
685 4560 921 4661 apprehendit
932 4564 1213 4656 promissionem.
1528 4557 1589 4635 85.
1619 4558 1668 4636 Ει
1681 4557 1768 4635 haee
1782 4586 1890 4654 opera
1908 4563 2011 4655 legis,
2034 4580 2119 4637 sunt
2139 4568 2294 4661 iusticia,
2320 4562 2433 4670 qua-⁹

496 4668 560 4741 21.
598 4666 690 4740 Nam
718 4668 798 4740 ideo
828 4668 898 4738 lide
925 4665 1178 4747 iustihcamur,
1213 4665 1297 4759 quia
1325 4675 1377 4736 cst
1428 4681 1532 4738 tenus
1555 4679 1639 4737 suut
1659 4664 1860 4761 obedientia
1886 4685 1966 4753 erga
1989 4664 2120 4756 legem,
2151 4694 2267 4766 neque
2289 4688 2411 4750 tamen

396 4768 524 4845 fiducia
535 4767 645 4840 alieni
661 4767 844 4853 beneficii,
867 4790 942 4838 nou
956 4778 1097 4837 nostrae
1111 4765 1302 4860 qualitatis.
1428 4780 1574 4861 propter
1583 4789 1623 4837 ea
1636 4779 1844 4861 reputamur
1858 4763 1969 4851 iusti,
1991 4767 2075 4860 quia
2099 4793 2173 4840 non
2194 4773 2413 4852 satisfaciunt

499 4870 560 4941 22.
591 4867 688 4940 llaec
702 4882 786 4941 sunt
806 4868 967 4962 opposita
990 4866 1083 4937 inter
1106 4890 1157 4938 se:
1185 4868 1254 4947 lide
1274 4866 1377 4938 iusti·
1427 4869 1517 4959 legi,
1541 4881 1576 4940 et
1592 4881 1684 4939 certe
1699 4889 1849 4959 persona
1864 4880 1915 4938 cst
1937 4865 2139 4958 immunda,
2169 4873 2240 4943 uisi
2260 4875 2328 4948 lide
2351 4902 2411 4951 re·

397 4971 558 5051 beamur,
580 4983 630 5039 et:
655 4971 725 5040 lide
739 4970 970 5042 iustilieamur
984 4978 1129 5059 propter
1143 4989 1261 5058 opera.
1286 4966 1376 5036 Nam
1428 4967 1634 5041 missionem
1649 4967 1823 5059 impetret.
1862 4966 1865 4971 ’
2320 4978 2325 4985 “

398 5070 468 5153 lide
487 5066 671 5140 iustificari
692 5084 743 5142 est
763 5069 945 5144 iustificari
962 5070 1089 5140 fiducia
1106 5067 1380 5159 misericordiae,
1530 5067 1595 5138 86.
1628 5065 1723 5139 Sunt
1741 5065 1851 5156 igitur
1872 5069 1965 5138 bona
1987 5093 2094 5162 opera
2112 5075 2310 5165 meritoria,
2336 5106 2412 5156 non

398 5194 472 5244 uon
486 5184 635 5264 propter
651 5194 768 5263 opera.
1430 5166 1648 5241 remissionis
1673 5179 1912 5261 peccatorum,
1955 5182 2016 5241 aut
2044 5171 2319 5264 iustificationis,
2352 5198 2414 5259 aut

499 5272 562 5343 25.
594 5271 682 5344 Ideo
698 5273 847 5345 ridicula
865 5271 1181 5365 estinterpretatio
1196 5266 1382 5363 Sophiste·
1430 5270 1526 5342 vitae
1551 5279 1732 5353 aeternae,
1764 5268 1848 5362 qnia
1878 5281 1965 5340 tunc
1993 5271 2134 5345 demum
2165 5277 2305 5370 placent
2324 5283 2414 5373 Deo,

398 5395 478 5445 rum
501 5372 564 5469 qui
585 5374 763 5466 affingunt
785 5374 831 5444 ad
849 5375 958 5446 verba
973 5373 1094 5463 Pauli,
1124 5374 1194 5449 fide
1214 5371 1382 5444 iustihea·
1432 5394 1514 5443 cum
1543 5369 1635 5441 fiunt
1661 5369 1710 5439 in'
1729 5367 1941 5457 iustificatis,
1975 5371 2074 5466 prius
2094 5375 2205 5467 igitur
2226 5406 2415 5476 personam

399 5496 480 5551 mur
497 5487 646 5570 propter
658 5474 897 5550 dilectionem.
1432 5473 1501 5545 lide
1514 5471 1697 5543 iustificari
1710 5482 1861 5562 oportet.

498 5572 562 5654 21.
592 5576 667 5651 Nec
689 5591 806 5673 potest
828 5578 901 5651 dici
924 5570 1159 5673 synecdoche:
1190 5577 1260 5648 fide
1280 5575 1385 5648 iusti-
1536 5570 1599 5648 87.
1623 5569 1706 5644 Vita
1721 5584 1862 5644 aeterna
1878 5590 1929 5647 cst
1943 5598 2095 5665 merces,
2121 5604 2195 5653 uon
2211 5584 2293 5676 quia
2306 5608 2413 5676 opera

396 5674 561 5767 heamstr,
585 5679 686 5769 ideo,
709 5681 795 5776 quia
818 5680 938 5752 incoet
959 5677 1242 5773 renovationem,
1271 5691 1385 5749 caete-
1435 5674 1507 5747 sint
1523 5673 1680 5767 precium
1697 5673 1845 5765 dignum
1862 5675 1934 5749 vita
1957 5691 2117 5765 aeterua,
2144 5682 2204 5750 sed
2228 5696 2414 5777 postquam

398 5772 661 5855 rumhomines
674 5784 794 5879 reipsa
802 5781 919 5885 iustos
933 5799 1009 5851 csse
1023 5792 1168 5871 propter
1181 5792 1387 5872 sequentem
1435 5780 1541 5849 datur
1562 5774 1665 5849 iustis
1689 5775 1763 5848 rita
1794 5788 1935 5848 aeterna
1963 5792 2108 5870 propter
2132 5772 2238 5851 sliam
2264 5805 2419 5879 causam

399 5876 640 5953 dilectionem.
1274 5932 1281 5941 -
1424 5878 1546 5971 ,dmul
1560 5887 1892 6055 compensqtotqmeu
1905 5878 2001 5950 bona
2017 5898 2134 5973 opert·
