6025 6775
487 549 536 621 79
920 533 1080 611 DECL.
1120 532 1194 605 DE
1228 530 1566 678 DlGNth‘l'E
1599 534 1851 609 PRINClP.
1879 537 2077 617 ELECT.
2463 546 2512 619 80

490 723 624 792 tionem
638 714 728 795 Dei,
754 726 788 783 et
809 714 854 781 ad
877 708 1097 799 diligentiam
1116 703 1292 771 retinendi
1311 703 1405 771 dona
1422 703 1477 772 di·
1529 709 1780 780 constitutione
1802 732 2013 799 regnorum,
2045 736 2086 781 ac
2116 713 2261 804 plurimi
2289 741 2368 787 cum
2390 718 2514 790 vident

490 822 586 892 vina.
653 816 744 887 Nam
774 828 810 883 et
831 814 1012 883 latendum
1043 821 1093 877 est
1113 806 1262 875 virtutes
1285 828 1358 873 esse
1382 808 1476 873 dona
1528 809 1632 880 toties
1648 824 1781 881 mutata
1794 834 1868 880 esse
1882 833 1989 901 regna
2006 812 2044 878 in
2067 817 2220 895 mundo,
2246 831 2282 886 et
2305 819 2342 887 in
2364 820 2513 909 singulis

489 921 579 1006 Dei,
620 934 655 990 et
682 918 789 988 simul
811 911 1066 986 consideranda
1097 921 1149 977 est
1175 909 1250 976 eius
1280 907 1476 996 diligentia,
1528 912 1722 1002 plurimum
1736 911 1856 997 luisse,
1882 926 1916 981 et
1931 935 2004 981 esse
2018 915 2268 986 confusionum
2285 932 2319 989 et
2334 922 2515 1005 scelerum,

492 1025 588 1119 quod
609 1046 648 1091 ea
664 1019 812 1090 adsidua
827 1013 1048 1087 invocatione
1064 1009 1208 1099 petivit,
1239 1022 1274 1077 et
1293 1009 1403 1092 cavit,
1430 1031 1475 1075 ne
1528 1014 1772 1102 imaginantur
1799 1036 1882 1082 casu
1913 1037 2020 1103 regna
2051 1018 2256 1101 transferri,
2289 1034 2351 1090 aut
2376 1034 2511 1091 rantum

490 1125 692 1218 petulanter
706 1122 910 1192 effunderet.
950 1110 1107 1181 Habenti
1132 1111 1226 1178 enim
1243 1110 1403 1192 dabitur,
1435 1123 1476 1177 ut
1528 1115 1604 1205 rapi
1621 1111 1807 1184 hominum
1821 1116 1984 1200 audacia,
2010 1127 2043 1183 et
2058 1119 2211 1185 oderunt
2229 1143 2371 1189 omnem
2386 1124 2513 1210 guber·

491 1226 611 1319 inquit
635 1226 728 1294 lilius
747 1222 827 1299 Dei,
853 1217 914 1308 qui
939 1214 1082 1307 quidem
1106 1213 1184 1282 vult
1207 1235 1273 1279 nos
1297 1212 1476 1280 intuentes
1529 1217 1708 1285 nationem
1726 1229 1895 1309 tanquam
1913 1218 2148 1310 tyrannidem,
2169 1232 2201 1287 et
2218 1224 2422 1290 nonsolum
2437 1248 2517 1314 pre-

492 1330 532 1396 in
548 1327 632 1398 talia
650 1324 820 1413 exempla,
847 1317 935 1385 scire
957 1339 993 1383 se
1008 1315 1186 1407 aequalem
1205 1336 1294 1395 esse,
1322 1329 1356 1381 et
1372 1313 1476 1381 nobis
1531 1318 1706 1387 cntionem
1731 1320 1921 1402 omittunt,
1943 1321 2002 1386 sed
2021 1320 2125 1388 etiam
2142 1321 2318 1390 seditiosis
2341 1328 2517 1391 sermoni-

492 1453 633 1523 quoque
647 1422 844 1517 petentibus
859 1418 1114 1508 opitulaturum
1134 1438 1216 1488 esse.
1269 1413 1476 1484 SicutPsal-
1530 1422 1597 1487 bus
1617 1419 1773 1487 alienant
1796 1414 1983 1489 hominum
2007 1421 2206 1491 voluntates
2228 1446 2246 1490 a
2270 1424 2517 1511 gubernatori·

492 1556 570 1600 mus
585 1532 685 1598 d⁰⁰⁰l
700 1522 959 1591 flccendessdflffl
980 1542 1052 1587 ⁶⁵⁵⁰
1072 1518 1332 1586 i1¹V⁰0222101112111
1351 1516 1476 1584 lulium
1531 1524 1608 1603 bus,
1634 1534 1667 1589 et
1684 1544 1906 1589 communem
1925 1522 2211 1613 tranquillitatem
2228 1528 2383 1605 turbant,
2411 1528 2516 1594 obliti

492 1631 729 1718 exemplorum
755 1620 1055 1703 consideratione,
1093 1644 1172 1688 cum
1199 1619 1332 1711 inquit:
1365 1619 1476 1686 Acce·
1531 1622 1792 1691 saeverissimae
1809 1622 1903 1690 vocis
1918 1623 2071 1701 divinae,
2098 1621 2369 1715 quaeinExodo
2387 1628 2514 1717 scripta

403 1743 406 1748 ’
491 1736 563 1804 dite
578 1731 621 1797 ad
637 1751 735 1810 eum,
761 1740 795 1796 et
817 1723 1000 1797 accurrite.
1054 1719 1123 1790 lste
1147 1746 1278 1811 pauper
1302 1718 1478 1798 clamavit,

491 1830 709 1904 etDominus
727 1826 907 1897 exaudivit
923 1849 1015 1897 eum.
1052 1823 1234 1892 lntuentes
1252 1820 1477 1909 igiturPrin·

491 1934 578 2026 cipis
594 1932 743 2020 Georgii
760 1952 919 2011 cursum,
946 1939 979 1994 et
1001 1924 1092 2014 grati
1110 1922 1225 1993 Deum
1248 1924 1478 1998 celebremus,

491 2050 526 2105 et
544 2049 702 2125 petamus
719 2056 783 2099 nos
801 2053 942 2122 quoque
964 2026 1174 2115 gubernari,
1203 2038 1238 2093 et
1258 2024 1393 2105 studia,
1424 2046 1478 2089 se-

491 2138 676 2207 dulitatem
700 2148 734 2204 et
760 2130 979 2220 diligentiam
1004 2128 1096 2210 eius,
1131 2126 1168 2192 in
1191 2124 1386 2195 retinendis
1412 2119 1478 2191 Dei

493 2240 597 2309 donis
619 2237 676 2329 pie
697 2235 885 2302 imitemur.
939 2227 1031 2299 Dixi.

585 2478 597 2485 ‚
719 2473 760 2480 ..m
781 2472 801 2478 -ι
1088 2470 1092 2474 .
1119 2469 1190 2476 ...-
1206 2469 1235 2475 ..-
1254 2463 1483 2475 -.μων-...ροι-

492 2478 584 2487 ...u-
601 2477 648 2484 ......
671 2476 700 2480 -·-

1326 2655 1373 2697 an.
1388 2630 1482 2693 1554.

1313 2720 1473 2749 Μ

494 2641 559 2710 Νο.
579 2638 661 2709 141.

506 2734 672 2764 Μ

605 2852 680 2935 Dc
716 2848 944 2963 dignitate
985 2840 1191 2954 Princip.
1222 2839 1367 2927 Elert.
1407 2827 1410 2834 ’

562 3013 668 3066 Prodiit
682 3006 842 3083 separatim:
860 3004 985 3072 „Oratio
999 3005 1031 3057 de
1044 3004 1173 3074 dignitate
1188 3002 1364 3073 Principum,
1384 3003 1482 3072 quibus

597 3083 693 3135 electio
718 3079 889 3147 lmperatoris
911 3077 940 3127 ia
959 3073 1105 3125 Germania
1127 3071 1317 3125 commendata
1336 3079 1383 3123 est.
1421 3072 1477 3123 lle-

596 3151 676 3204 citrta
685 3148 852 3214 Vilebergae,
876 3164 937 3198 eum
954 3145 1146 3195 decerneretur
1159 3141 1258 3219 gradus
1268 3140 1385 3193 Ductori
1396 3137 1481 3192 Paulo

596 3217 745 3273 Gusebelio
763 3214 821 3267 Lon
841 3214 1007 3283 icempiauo.
1050 3210 1152 3262 Ercusa
1168 3228 1195 3261 m
1210 3206 1319 3261 officina
1333 3208 1482 3261 haeredum

596 3286 707 3357 Georgii
720 3233 972 3339 Rhawilbtttlt.
992 3278 1087 3348 ¹¹btil·
1108 3278 1150 3330 8.”
1169 3308 1203 3317 -
1231 3276 1334 3330 llecusa
1348 3278 1483 3357 inseleet.

595 3359 675 3412 Decl.
692 3356 726 3410 Τ.
742 3353 788 3409 lll.
805 3372 831 3422 p.
844 3351 896 3404 289
910 3368 969 3419 sqq.
995 3348 1114 3403 Servest.
1127 3348 1161 3400 T.
1178 3345 1222 3403 lli.
1237 3363 1264 3414 p.
1278 3345 1337 3400 227.
1356 3344 1482 3401 Richard.

598 3430 631 3480 r.
646 3426 678 3479 u.
698 3440 724 3492 p.
738 3425 798 3477 ssa.

497 3593 625 3661 Oratio
650 3582 697 3653 de
724 3579 912 3675 dignitate
927 3580 1167 3667 Principum,
1197 3574 1327 3669 quibus
1343 3576 1484 3644 Electio

535 3687 779 3780 Imperatoris
803 3685 842 3752 in
867 3683 1066 3752 Germania
1092 3677 1353 3750 commendato
1378 3684 1447 3747 est.

497 3847 694 3947 Sapienter
713 3850 913 3918 institutum
929 3859 998 3929 est,
1020 3844 1113 3913 utin
1130 3841 1400 3911 renunciatione
1419 3861 1487 3928 pu-

499 3959 585 4028 blici
608 3952 821 4034 testimonii,
847 3948 978 4036 singuli
994 3947 1055 4038 qui
1073 3941 1139 4014 boc
1155 3946 1234 4013 loco
1253 3945 1395 4019 dicunt,
1423 3941 1487 4007 ad-

500 4065 615 4132 lerant
639 4052 1013 4125 commonefactionem
1037 4049 1189 4140 aliquam
1218 4043 1486 4114 convenientem

499 4187 582 4234 suae
600 4160 678 4228 arti.
732 4154 819 4226 Cum
837 4169 951 4224 autem
971 4152 1055 4219 alias
1069 4174 1170 4240 saepe
1186 4152 1229 4216 de
1244 4147 1360 4235 legum
1376 4143 1488 4211 lonti-

501 4270 568 4336 bus
585 4276 619 4332 et
636 4258 807 4349 dignitate
825 4255 1027 4346 gravissime
1050 4254 1183 4322 dictum
1204 4251 1266 4334 sit,
1293 4261 1327 4316 et
1346 4246 1486 4315 refutati

502 4373 573 4438 sint
595 4368 733 4435 furores
758 4356 942 4429 hominum
969 4356 1225 4437 fanaticorum,
1256 4350 1318 4443 qui
1343 4349 1436 4435 leges
1455 4358 1490 4414 et

501 4484 613 4540 totum
631 4465 815 4559 politicum
832 4463 993 4531 ordinem
1018 4461 1207 4536 damnant,
1241 4476 1303 4541 ego
1329 4473 1423 4520 nunc
1445 4450 1489 4516 de

503 4573 672 4658 dignitate
694 4566 921 4656 Principum,
962 4560 1091 4652 quibus
1114 4556 1236 4624 electio
1265 4550 1489 4642 {inperatoris

504 4676 540 4739 in
564 4669 757 4738 Germania
780 4665 1023 4735 commendata
1054 4671 1122 4740 est,
1162 4658 1332 4748 quaedam
1363 4654 1490 4722 dicam.

504 4774 720 4862 Quanquam
754 4769 848 4834 enim
878 4767 953 4835 eius
982 4763 1033 4831 rei
1067 4758 1232 4845 cogitatio
1264 4755 1407 4845 proprie
1444 4756 1488 4819 ad

504 4895 659 4945 summos
683 4868 865 4956 Principes
892 4865 1061 4956 pertinet,
1100 4874 1219 4928 tamen
1251 4855 1403 4947 populus
1426 4857 1491 4921 do-

504 4976 636 5046 cendas
651 4984 701 5042 est
716 4973 760 5041 de
775 4968 981 5043 reverentia,
1009 4986 1097 5055 quae
1114 4975 1212 5033 tanto
1228 4956 1367 5045 fastigio
1385 4957 1493 5025 debc-

504 5093 580 5157 tur,
607 5091 640 5145 et
655 5078 698 5145 de
714 5073 894 5142 voluntate
904 5067 973 5139 Dei
992 5074 1151 5134 servante
1169 5088 1279 5155 genus
1296 5058 1492 5130 humanum

505 5202 695 5268 regnorum
719 5173 946 5245 distinctione
967 5184 1000 5239 et
1017 5171 1159 5246 ordine,
1185 5182 1223 5237 ut
1242 5181 1275 5236 et
1290 5160 1492 5234 obedientia

506 5281 736 5351 confirmetur
767 5277 884 5345 debita
915 5272 1092 5366 imperiis,
1133 5282 1167 5337 et
1199 5268 1301 5337 multi
1330 5262 1493 5334 homines

507 5395 733 5462 moveantur,
765 5391 806 5446 ut
825 5377 1087 5445 ardentioribus
1109 5371 1200 5439 votis
1221 5392 1242 5436 a
1264 5370 1339 5438 Deo
1362 5368 1495 5436 saluta·

508 5510 580 5555 rem
600 5480 893 5572 gubernationem
911 5490 1047 5566 petant,
1081 5495 1148 5563 qua
1166 5473 1265 5538 dere
1283 5469 1421 5560 saepius
1438 5492 1496 5536 re-

509 5588 678 5677 petendae
693 5594 777 5652 sunt
799 5578 877 5672 piae
899 5573 1269 5655 commonefactiones,
1301 5573 1385 5663 quia
1407 5574 1499 5660 pau-'

510 5688 638 5758 cissimi
660 5688 699 5756 in
725 5681 858 5776 populo
880 5677 1106 5750 considerant
1128 5675 1346 5744 voluntatem
1368 5671 1435 5741 Dei
1457 5673 1495 5740 in

1532 1737 1597 1792 est:
1625 1722 1782 1814 Principi
1799 1723 1920 1813 populi
1938 1724 1990 1792 tui
2007 1747 2080 1791 non
2097 1726 2293 1800 maledices.

1634 1822 1753 1911 Quare
1784 1847 1885 1916 saepe
1917 1826 2140 1917 multumque
2177 1829 2516 1896 commonefaciendi
2552 1832 2557 1844 '

1531 1937 1614 1995 sunt
1641 1920 1822 2010 homiues,
1860 1940 1901 1997 ut
1926 1925 2148 1997 considerent
2181 1930 2220 1995 in
2253 1930 2517 2019 gubernatione,

1533 2030 1625 2095 bona
1653 2040 1688 2095 et
1709 2028 1819 2111 mala,
1855 2043 1889 2098 et
1911 2030 2112 2099 discernant
2135 2053 2267 2104 causas.
2327 2029 2404 2121 lpse
2428 2033 2516 2100 ordo
2552 2101 2554 2107 ,

1532 2127 1715 2219 politicus,
1748 2128 1859 2218 lege's,
1893 2131 2130 2218 magistratus,
2163 2132 2314 2215 iudicia,
2340 2134 2517 2220 legitimae

1533 2253 1687 2320 poenae,
1713 2244 1931 2313 contractus,
1958 2233 2177 2302 conservatio
2193 2236 2367 2303 societatis
2392 2229 2519 2301 buma-

1534 2356 1600 2399 nae
1618 2344 1701 2399 sunt
1715 2331 1865 2402 illustria
1891 2334 2149 2418 testimoniade
2164 2331 2240 2403 Deo
2268 2350 2301 2403 et
2330 2338 2373 2404 de
2397 2337 2518 2425 provi-

1534 2432 1664 2504 dentia.
1701 2430 1742 2499 ln
1759 2428 1814 2500 his
1831 2434 1915 2523 ipsis
1931 2437 2142 2505 testimoniis
2156 2438 2379 2526 agnoscimus
2397 2456 2430 2507 et
2446 2461 2519 2504 esse

1534 2531 1661 2616 Deum,
1687 2547 1722 2603 et
1739 2534 1943 2625 sapientem,
1969 2538 2115 2620 bonum,
2141 2538 2352 2622 beneficum,
2378 2539 2520 2623 iustum,

1536 2657 1714 2718 veracem,
1755 2649 1907 2721 castum,
1955 2653 1988 2707 et
2024 2639 2198 2708 vindicem
2229 2640 2397 2709 scelerum
2435 2663 2519 2727 esse,

1535 2737 1648 2826 Saepe
1664 2736 1772 2824 igitur
1787 2732 1882 2807 bunc
1898 2736 2175 2828 pulcherrimum
2193 2744 2354 2811 ordinem
2372 2742 2520 2831 aspicia-

1537 2862 1635 2917 mus,
1662 2849 1696 2906 et
1710 2838 1861 2907 sciamus
1876 2863 1957 2908 eum
1975 2841 2128 2911 vereDei
2146 2867 2233 2933 opus
2253 2867 2336 2923 esse,
2363 2857 2397 2912 et
2414 2844 2521 2909 mira-

1536 2941 1657 3010 biliter
1669 2942 1714 3008 ab
1733 2938 1810 3030 ipso
1826 2944 2027 3010 conservari
2043 2944 2138 3012 iuter
2152 2946 2268 3013 varias
2287 2945 2521 3026 confusiones,

1537 3066 1626 3135 quae
1642 3042 1829 3124 accedunt,
1854 3068 1919 3111 uec
1934 3043 2101 3113 oriuntur
2118 3070 2136 3113 a
2153 3045 2248 3128 Deo,
2274 3046 2333 3113 sed
2353 3071 2371 3113 a
2388 3045 2521 3114 lurori-

1537 3145 1604 3212 bus
1626 3142 1850 3211 diabolorum
1874 3158 1907 3214 et
1931 3140 2129 3219 homiuum.
2181 3146 2318 3215 Harum
2340 3171 2522 3216 causarum

1538 3244 1779 3313 diversitatem
1803 3247 1915 3314 menti
1939 3247 2149 3337 proponito,
2190 3261 2359 3339 tanquam
2392 3249 2429 3315 in
2460 3244 2524 3316 hac

1538 3346 1692 3433 imagine
1704 3345 1852 3436 pictam:
1879 3345 1917 3418 si
1934 3369 2072 3438 gregem
2090 3348 2210 3418 ovium
2226 3350 2262 3417 in
2277 3350 2407 3418 florido
2425 3364 2523 3438 prato

1539 3461 1659 3539 pastor
1679 3448 1872 3533 custodiat,
1897 3464 1931 3520 et
1953 3451 2029 3542 lupi
2054 3450 2189 3544 aliquot
2213 3453 2447 3540 irrumpentes
2467 3475 2523 3518 ra-

1540 3550 1639 3638 piant
1668 3570 1708 3614 ac
1733 3548 1909 3616 'dilanient
1940 3574 2023 3616 oves
2045 3553 2202 3640 aliquas,
2236 3565 2353 3620 tamen
2374 3551 2524 3640 vigilans

1539 3661 1657 3739 pastor
1675 3646 1827 3714 incitatis
1841 3648 1986 3715 canibus
2002 3648 2147 3736 depellit
2163 3651 2277 3738 lupos,
2304 3667 2338 3718 et
2355 3655 2523 3721 maiorem

1540 3765 1673 3841 partem
1699 3748 1812 3836 gregis
1837 3762 1961 3820 servat.
2026 3748 2086 3818 Sic
2109 3749 2286 3818 verissime
2309 3752 2409 3818 adest
2428 3749 2524 3818 Deus

1541 3850 1660 3940 generi
1677 3844 1849 3934 humano,
1876 3866 1909 3918 et
1924 3864 1976 3919 est
1989 3850 2165 3920 beneficus
2181 3865 2214 3921 et
2229 3849 2524 3941 vigilausl‘astor,

1541 3977 1614 4022 non
1639 3950 1724 4019 sinit
1745 3952 1855 4020 deleri
1878 3966 1992 4023 totum
2022 3973 2131 4041 genus
2154 3947 2369 4032 humanum,
2412 3966 2446 4021 et
2468 3977 2524 4020 re-

1542 4054 1664 4147 primit
1696 4068 1891 4140 grassantes
1924 4053 2086 4124 diabolos
2121 4068 2155 4148 et
2195 4056 2420 4125 turbulentos
2457 4050 2523 4123 bo-

1541 4157 1665 4225 mines.
2092 4148 2094 4152 ¹

1641 4253 1872 4325 Considerata
1891 4267 2005 4323 autem
2023 4251 2149 4326 bamm
2168 4283 2350 4329 causarum
2375 4261 2524 4328 diversi-

1542 4371 1628 4441 tate,
1654 4371 1687 4426 et
1711 4369 1829 4424 nostra
1854 4356 2115 4442 imbecillitate,
2148 4363 2410 4431 ardentioribus
2435 4363 2526 4431 votis

1544 4484 1562 4528 a
1586 4459 1661 4528 Deo
1687 4472 1865 4548 petamus,
1899 4473 1939 4528 ut
1963 4484 2028 4528 nos
2050 4476 2225 4552 protegat,
2257 4478 2290 4533 et
2313 4465 2482 4534 libentius
2508 4489 2527 4532 a

1543 4561 1648 4630 nobis
1664 4560 1768 4649 lupos
1784 4561 1947 4649 depellat.
1999 4559 2120 4632 Simus
2132 4564 2200 4656 ipsi
2214 4590 2355 4659 quoque
2376 4567 2528 4636 circum-

1543 4662 1750 4753 spectiores,
1777 4685 1821 4729 ne
1834 4663 1930 4731 velut
1953 4686 2035 4731 oves
2057 4663 2198 4753 longius
2222 4682 2404 4756 vagantes,
2438 4669 2529 4736 inci-

1544 4767 1669 4834 damus
1689 4763 1726 4831 in
1750 4763 1870 4853 lupos,
1904 4777 1939 4833 et
1960 4777 2080 4833 nostra
2102 4768 2254 4838 stulticia
2274 4772 2435 4838 ordinem
2452 4782 2528 4839 tur-

1546 4868 1683 4935 bemus
1751 4863 1896 4935 Utinam
1919 4860 2005 4935 baec
2026 4889 2129 4958 saepe
2151 4871 2343 4958 cogitarent
2367 4868 2531 4941 homines

1545 4967 1674 5037 summi
1695 4977 1729 5034 et
1753 4966 1876 5039 inlimi.
1932 4964 2075 5037 Utinam
2100 4968 2282 5063 Principes
2303 4991 2531 5063 agnoscerent

1545 5093 1582 5138 se
1598 5069 1770 5137 divinitus
1785 5070 1824 5136 in
1840 5063 1932 5136 banc
1952 5070 2138 5139 stationem
2163 5075 2354 5146 collocatos
2377 5102 2466 5159 esse,
2492 5088 2530 5143 ut

1545 5193 1683 5261 gregem
1706 5195 1725 5237 a
1745 5168 1821 5239 Deo
1844 5174 2148 5257 commendatum,
2185 5189 2354 5270 tauquam
2381 5175 2526 5264 mapalia

1547 5273 1759 5355 custodiant,
1785 5286 1819 5341 et
1832 5271 1904 5340 sint
1919 5275 2049 5342 summi
2059 5273 2214 5345 Pastoris
2228 5280 2348 5351 fideles
2367 5276 2529 5358 ministri,

1548 5399 1621 5444 non
1647 5387 1687 5444 ut
1704 5375 1777 5442 suis
1801 5375 2053 5462 cupiditatibus
2074 5376 2140 5468 ipsi
2169 5381 2207 5448 in
2232 5405 2332 5471 grege
2352 5377 2528 5445 lanienam

1547 5490 1740 5546 exerceant.
1780 5471 1857 5542 Hae
1873 5481 2231 5552 commonefactiones
2246 5502 2347 5569 saepe
2360 5492 2530 5567 repetun-

1548 5573 1691 5647 turbor
1709 5576 1806 5659 loco,
1830 5590 1865 5645 et
1873 5576 1970 5649 Deus
1981 5583 2171 5675 praecepit,
2196 5595 2236 5652 ut
2247 5603 2348 5668 saepe
2363 5594 2529 5671 repetan-

1548 5692 1616 5764 tur,
1646 5676 1729 5749 ldeo
1745 5700 1842 5747 nunc
1858 5703 1999 5773 quoque
2013 5683 2117 5754 initio
2136 5674 2304 5754 orationis
2321 5675 2406 5752 haec
2424 5683 2509 5760 dixi.
