6025 6775
494 563 569 638 aot
1193 547 1221 627 l.
1258 541 1554 626 CHRONICON
1582 541 1832 625 carnotus,
2172 531 2174 535 ⁸
2447 563 2522 638 θοι

497 735 671 825 gimanus,
687 729 783 824 quod
800 728 922 797 dextra
936 724 1078 816 longior
1088 721 1196 795 fuerit
1210 745 1316 815 quam
1328 719 1490 794 sinistra..
1530 718 1595 792 tim
1612 717 1706 790 tristi
1721 721 1890 793 servitute
1903 743 2089 815 oppressae
2101 735 2197 813 sunt,
2221 750 2302 799 cum
2315 751 2516 821 grassaren.

497 835 680 906 Laudatur
706 833 779 900 eius
798 829 961 914 bonitas,
994 850 1097 921 quam
1125 825 1230 894 etiam
1260 823 1418 894 ostendit
1439 822 1480 889 in
1531 835 1590 892 tur
1613 837 1803 911 perpetuae
1830 825 1951 894 caedes
1972 826 2012 894 ln
2037 829 2205 914 urbibus,
2229 845 2270 903 ut
2286 829 2461 927 Mitylene
2479 854 2514 912 et

497 933 740 1006 munificentia
763 931 978 1022 amplissima
1002 949 1081 1015 erga
1097 920 1304 999 Ecclesiam.
1358 923 1479 1013 Quare
1530 922 1605 1013 ipsa
1628 922 1716 994 urbs
1735 919 1872 1012 Attica,
1898 940 1933 999 et
1954 929 2048 999 bella
2065 954 2107 1001 ex
2123 931 2228 1003 bellis
2242 957 2336 1006 nova
2359 937 2511 1008 subinde

496 1035 621 1109 ludaei
634 1034 796 1118 tradunt,
820 1055 900 1103 eum
916 1030 1021 1100 fuisse
1034 1026 1150 1098 filium
1169 1024 1270 1097 Darii
1286 1039 1320 1098 et
1336 1019 1479 1096 Esther.
1529 1036 1607 1096 orta
1623 1037 1716 1096 sunt.
2025 1075 2027 1080 -
2415 1052 2420 1060 ·

497 1138 630 1209 Fuerat
652 1149 768 1206 autem
794 1131 983 1223 impeditus
1010 1130 1147 1205 reditus
1171 1125 1383 1199 Iudaeorum
1410 1127 1477 1195 sub
1630 1120 1731 1196 Anni
1756 1151 1776 1198 a
1799 1129 1881 1220 fuga
1905 1129 2032 1202 Xerxis
2053 1157 2167 1229 usque
2188 1136 2232 1206 ad
2255 1137 2400 1209 initium
2425 1140 2513 1211 belli

496 1239 671 1330 Cambyse
699 1249 733 1306 et
754 1230 862 1303 Dario
891 1227 963 1301 filio
990 1228 1193 1324 Hystaspis,
1222 1243 1263 1300 ut
1292 1239 1478 1298 consenta—
1528 1224 1821 1317 Peloponnesiaci
1835 1247 1919 1303 sunt
1935 1235 2203 1329 quinquaginta.
2256 1238 2334 1309 Hoc
2355 1255 2513 1332 tempore

496 1362 607 1409 neum
630 1331 682 1407 est
700 1346 843 1427 propter
865 1328 1080 1428 Aegyptiace
1103 1331 1207 1402 bella.
1259 1329 1330 1402 Sed
1354 1340 1475 1422 pacato
1527 1329 1679 1399 maxime
1709 1330 1832 1404 floruit
1861 1332 2032 1422 Graecia,
2071 1354 2105 1411 et
2134 1341 2321 1431 praecipue
2354 1359 2513 1414 creverat

496 1437 667 1520 Oriente,
696 1436 907 1504 Artaxerxes
933 1433 1179 1521 Longimanus
1193 1432 1377 1502 renovavit
1400 1430 1476 1501 edi·
1528 1425 1751 1504 Athenarum
1777 1438 1952 1526 potentia,
1985 1463 2090 1532 quam
2113 1436 2371 1513 Demosthenes
2393 1444 2513 1538 iuquit

496 1557 591 1612 ctum
607 1536 712 1631 Cyri,
737 1549 771 1606 et
787 1536 891 1607 iussit
907 1535 1028 1625 perfici
1042 1534 1321 1605 aedificationem
1339 1531 1477 1603 leroso-
1527 1532 1681 1601 tenuisse
1702 1536 1940 1629 principatum
1964 1541 2057 1610 iuter
2081 1540 2236 1613 Graecos
2261 1567 2375 1615 annos
2389 1559 2460 1617 tres
2476 1558 2512 1616 et

495 1644 659 1735 lymaeet
676 1638 813 1730 templi.
865 1635 918 1709 Ac
933 1659 1027 1706 anno
1048 1651 1143 1707 sexto
1158 1637 1258 1727 regni
1273 1633 1476 1706 Artaxerxis
1528 1633 1768 1729 septuaginta,
1795 1662 1987 1712 numerans
2003 1643 2168 1734 videlicet
2184 1667 2331 1715 annosa
2348 1643 2511 1717 Cimonis
2601 1703 2603 1708 .

493 1739 709 1831 Longimani
726 1739 849 1829 templi
865 1738 1062 1807 aedificatio
1076 1738 1236 1809 absoluta
1251 1750 1314 1810 est.
1527 1733 1704 1816 victoriis,
1737 1760 1849 1831 usque
1873 1745 1916 1811 ad
1938 1742 2163 1839 Lysandrum
2177 1743 2511 1834 Lacedaemonium,

593 1839 686 1913 Cum
717 1841 827 1931 igitur
857 1842 952 1931 apud
979 1836 1182 1930 Haggaeum
1212 1853 1248 1910 et
1267 1833 1476 1909 Zachariam
1527 1835 1591 1929 qui
1619 1835 1776 1908 obsessas
1805 1835 1965 1913 Athenas
1996 1846 2217 1917 deditionem
2242 1849 2356 1919 lacere
2385 1850 2510 1940 coegit.

493 1942 703 2014 nominatur
737 1940 887 2026 Darius,
932 1941 1095 2034 plerique
1127 1937 1225 2012 hunc
1257 1937 1475 2011 Artaxerxen
1526 1933 1615 2007 Erat
1637 1953 1754 2010 autem
1773 1965 1961 2012 commune
1982 1946 2107 2018 foedus
2123 1946 2362 2036 Graecorum,
2385 1949 2509 2044 nequi

474 2044 757 2134 ,longimanum
784 2043 1006 2136 intelligunt,
1047 2043 1109 2136 qui
1137 2056 1172 2114 et
1200 2065 1304 2113 anno>
1325 2042 1475 2133 septimo
1526 2038 1606 2108 aliis
1619 2039 1713 2110 bella
1727 2040 1918 2129 inferrent,
1944 2047 2006 2114 scd
2021 2060 2062 2117 ut
2076 2051 2337 2121 controversiae
2347 2074 2508 2123 commu-

492 2147 595 2236 regui
618 2148 675 2216 sui
697 2145 794 2216 misit
817 2143 969 2216 Esdram
989 2167 1070 2215 cum
1095 2167 1223 2235 magna
1244 2142 1476 2214 multitudine
1527 2140 1567 2209 ni
1600 2139 1734 2212 iudicio
1762 2144 2026 2220 dirimerentur.
2083 2146 2153 2218 Sed
2186 2150 2390 2226 inciderunt
2417 2154 2511 2224 inter

494 2246 727 2333 ludaeomm,
757 2260 792 2318 et
816 2270 896 2316 cum
919 2246 1147 2338 amplissimis
1173 2247 1279 2316 donis
1300 2242 1476 2337 lerosoly-
1527 2239 1752 2330 Megarenses
1774 2258 1809 2315 et
1830 2240 2067 2318 Athenienses
2089 2249 2134 2319 de
2147 2247 2247 2321 Luco
2263 2252 2408 2326 incenso
2422 2278 2510 2325 con·

494 2371 610 2434 mam,
636 2351 679 2418 ad
697 2349 964 2419 instaurandam
979 2348 1156 2439 politiam.
1526 2345 1722 2430 tentiones,
1756 2359 1901 2437 propter
1927 2374 2032 2443 quem
2055 2339 2174 2421 A't'tica
2205 2351 2330 2422 civitas
2353 2356 2510 2427 edictum

597 2448 800 2539 Cogitemus
814 2462 950 2530 autem,
976 2472 1081 2541 quam
1097 2446 1252 2519 difficilis
1266 2447 1474 2518 instauratio
1525 2447 1709 2537 proposuit
1724 2448 1762 2516 in
1777 2446 2020 2538 Megarenses,
2045 2465 2119 2522 uta
2136 2463 2243 2542 portu
2263 2451 2383 2525 Attico
2398 2457 2510 2527 absti-

495 2550 622 2635 suerit,
650 2549 728 2622 cum
752 2552 862 2621 vicini
888 2550 991 2621 bellis
1014 2573 1091 2620 eam
1115 2551 1290 2642 impedire
1303 2571 1476 2619 conaren·
1525 2561 1669 2633 nerent,
1693 2571 1758 2620 uec
1775 2550 1896 2623 liceret
1918 2555 1968 2621 eis
1984 2553 2124 2643 ingredi
2140 2553 2181 2622 in
2196 2565 2327 2625 terram
2338 2551 2509 2630 Atticam.

495 2665 575 2737 tur,
600 2653 753 2724 etmulti
771 2650 895 2721 ludaei
908 2651 1039 2722 reversi
1053 2675 1093 2723 ex
1110 2652 1217 2741 longo
1241 2651 1347 2722 exilio
1363 2653 1475 2741 legem
1525 2646 1580 2720 De
1593 2645 1661 2721 hac
1677 2650 1810 2722 iniuria
1827 2677 1907 2723 cum
1925 2651 2150 2745 Megarenses
2163 2657 2258 2747 apud
2270 2651 2511 2730 Lacedaemo·

494 2765 530 2823 et
544 2774 659 2822 mores
675 2754 808 2845 patrios
822 2753 926 2825 obliti
940 2766 1072 2835 essent,
1098 2768 1133 2826 et
1154 2753 1345 2824 difficulter
1357 2749 1476 2824 Oeco-
1524 2751 1604 2822 nios
1617 2754 1734 2844 'questi
1750 2768 1883 2840 essent,
1907 2768 2034 2845 petunt
2054 2754 2345 2846 Lacedaemonii,
2370 2773 2411 2832 ut
2432 2761 2510 2830 edi-

488 2854 632 2925 ‚nomias
653 2855 893 2926 instituerent.
943 2853 1016 2926 Sed
1030 2849 1115 2925 hacc
1134 2855 1359 2925 incommoda
1374 2852 1476 2923 leniit
1525 2863 1622 2922 ctum
1652 2853 1745 2922 illud
1777 2856 1934 2926 tollatur.
1991 2853 2145 2926 Pericles
2178 2860 2327 2946 fatetur,
2367 2883 2508 2932 causam

492 2951 600 3043 Deus,
622 2957 686 3050 qui
696 2954 900 3027 Artaxerxis
913 2955 1074 3028 animum
1089 2958 1138 3027 ita
1153 2957 1297 3051 flexerat
1310 2956 1354 3026 ad
1367 2970 1476 3027 tuen·
1525 2954 1637 3044 ipsam
1662 2977 1735 3022 non
1759 2958 1881 3044 magni
1903 2957 2077 3028 momenti
2102 2979 2195 3039 esse,
2225 2961 2287 3029 sed
2309 2962 2508 3054 exemplum

493 3059 559 3127 dos
586 3071 622 3131 et
644 3051 820 3128 iuvandos
846 3055 1011 3143 ludaeos,
1043 3070 1084 3128 ut
1112 3082 1186 3129 non
1215 3059 1377 3142 videatur
1405 3079 1476 3127 uu·
1525 3078 1600 3125 uon
1615 3055 1838 3127 tolerandum
1854 3079 1938 3128 esse.
1979 3055 2104 3128 Postea
2118 3056 2417 3133 Lacedaemonios
2431 3085 2509 3133 ma-

492 3181 601 3250 quam
616 3160 655 3228 in
669 3181 797 3252 genere
812 3154 970 3230 humano
987 3160 1078 3229 alius
1096 3155 1289 3230 monarcha
1311 3182 1391 3250 erga
1405 3155 1475 3228 Ec·
1525 3157 1602 3228 iora
1622 3156 1858 3248 imperaturos
1877 3181 1977 3246 csse,
2002 3159 2032 3230 si
2056 3184 2153 3230 nunc
2168 3161 2207 3230 in
2222 3184 2261 3230 re
2282 3184 2391 3253 parva
2406 3163 2508 3235 cede·

494 3259 634 3332 clesiam
646 3262 910 3333 munificentior
924 3263 1042 3335 fuisse.
1095 3259 1204 3334 Dedit
1223 3263 1328 3334 etiam
1346 3260 1476 3352 guber-
1526 3272 1614 3330 rent.
1665 3256 1743 3329 Hac
1764 3259 2029 3350 exaggeratione
2053 3285 2128 3331 rem
2143 3262 2287 3334 deducit
2301 3264 2346 3333 ad
2363 3265 2530 3353 bellum„

493 3374 636 3436 natores
646 3365 821 3458 sapientes
835 3378 869 3437 et
883 3364 1045 3450 loelices,
1070 3361 1273 3456 Haggaeum
1287 3377 1322 3434 et
1338 3357 1475 3434 Zaeba-
1525 3376 1566 3434 ut
1582 3361 1799 3451 suspiciones
1815 3375 1850 3433 et
1872 3364 2003 3434 astutia·
2021 3387 2062 3434 ac
2085 3363 2282 3436 virulentae
2296 3365 2509 3460 interpreta-

492 3464 606 3545 riam‚
628 3462 801 3552 Esdram,
824 3461 1202 3546 Nehemiametalios‚
1228 3467 1366 3559 luitque
1383 3466 1476 3535 inter
1526 3466 1639 3535 tiones
1652 3485 1753 3556 saepe
1768 3475 1852 3537 sunt
1864 3488 1988 3536 causae
2000 3488 2209 3556 magnorum
2225 3467 2412 3540 bellorum.
2454 3467 2509 3541 lta

492 3565 701 3657 praecipuos
723 3564 857 3639 Esdrae
885 3569 1024 3638 labores
1053 3563 1341 3659 propheticorum
1363 3566 1475 3636 libro-
1525 3567 1571 3635 ab
1586 3565 1708 3655 exigua
1722 3586 1825 3637 causa
1845 3566 1979 3659 bellum
2002 3567 2212 3639 diuturnum
2232 3582 2267 3640 et
2282 3570 2422 3641 exitiale
2443 3568 2510 3641 toti

494 3688 577 3737 rum
601 3667 780 3754 collectio,
815 3684 850 3742 et
865 3669 1067 3742 studiorum
1089 3669 1270 3739 doctrinae
1287 3668 1477 3754 institutio,
1526 3664 1697 3737 Graeciae
1713 3681 1832 3739 ortum
1847 3682 1911 3754 est,
1937 3668 2028 3741 sicut
2041 3667 2217 3740 Pindarus
2233 3669 2367 3764 inquit:
2393 3670 2509 3742 Parva

494 3768 579 3861 quia
608 3764 785 3840 Ecclesiae
814 3771 1085 3842 fundamentum
1119 3786 1170 3843 est
1196 3770 1359 3842 doctrina
1385 3782 1475 3862 ‘pro-
1524 3770 1677 3841 scintilla
1697 3793 1798 3863 saepe
1815 3791 1979 3860 magnam
1993 3772 2130 3866 sylvam
2145 3771 2336 3847 comburit.

493 3865 653 3961 phetica,
678 3870 853 3943 divinitus
869 3874 1011 3946 tradita.
1627 3870 1793 3944 Secundo
1818 3872 1907 3943 belli
1932 3895 2028 3943 anno
2050 3895 2152 3942 saeve
2174 3887 2210 3947 et
2233 3873 2401 3947 inusitata
2417 3866 2510 3947 'lues

469 3994 478 4009 ·
594 3970 705 4043 Anno
720 3970 888 4044 vicesimo
902 3970 1125 4061 Artaxerxis,
1149 3975 1278 4046 missus
1294 3988 1346 4046 est
1358 3967 1476 4045 Nebe-
1525 3967 1678 4044 Athenis
1686 3988 1728 4054 ,et
1744 3974 1783 4043 in
1803 3973 1934 4045 vicinia
1948 3976 2097 4063 grassari
2113 3975 2246 4067 coepit,
2271 3999 2363 4069 quae
2383 4001 2529 4069 corpo-.

494 4072 581 4142 mias
598 4075 839 4173 exBahylone
854 4074 1123 4174 lerosolymam,
1146 4079 1209 4172 qui
1227 4093 1261 4150 et
1278 4077 1476 4168 sumptibus
1525 4099 1565 4146 ra
1586 4077 1803 4145 inflammata
1827 4075 1878 4145 sic
1900 4074 2040 4158 urebat,
2072 4088 2113 4144 ut
2133 4077 2291 4147 membra
2313 4077 2509 4168 putrefacta

494 4188 528 4245 et
541 4174 755 4251 authoritate
768 4179 907 4251 adiuvit
926 4180 1203 4252 aedificationem
1219 4203 1419 4264 murorum,
1442 4191 1476 4249 et
1525 4177 1619 4247 intra
1642 4199 1772 4268 paucos
1793 4173 1869 4243 dies
1889 4167 2112 4259 deciderent,
2141 4176 2181 4244 in
2203 4177 2284 4247 aliis
2306 4178 2436 4268 capita,
2468 4178 2508 4246 in

496 4297 617 4346 usuras
633 4277 836 4371 prohibuit,
863 4280 992 4372 quibus
1005 4282 1130 4373 inopes
1150 4281 1477 4373 alocupletioribus
1525 4278 1606 4348 aliis
1623 4271 1788 4361 brachia,
1811 4272 1852 4345 in
1877 4273 1957 4343 aliis
1976 4276 2101 4366 pedes,
2127 4291 2161 4349 et
2182 4279 2392 4350 accedebant
2408 4278 2509 4349 luro-

497 4368 803 4455 exhauriebantur.
857 4379 910 4452 Ita
926 4379 1002 4451 Deo
1020 4382 1165 4453 iuvante
1190 4381 1360 4472 paulatim
1383 4394 1477 4452 certa
1526 4401 1601 4464 res,
1627 4377 1667 4446 in
1690 4376 1821 4471 quibus
1841 4375 1903 4445 alii
1924 4398 1999 4447 sese
2020 4378 2227 4469 praecipites
2247 4380 2286 4447 in
2304 4393 2427 4471 puteos
2443 4381 2508 4449 ab·

497 4473 777 4555 sedesEcclesiae
791 4488 829 4555 in
839 4483 969 4555 iudaea
984 4483 1145 4552 restituta
1155 4495 1217 4568 est,
1242 4495 1275 4553 ct
1291 4482 1330 4551 in
1347 4503 1475 4572 magno
1526 4480 1713 4564 iiriebant,
1744 4479 1806 4549 alii
1831 4477 1911 4547 aliis
1933 4478 2048 4548 modis
2071 4502 2145 4550 sese
2160 4481 2372 4571 perdebant,
2397 4495 2431 4551 et
2446 4504 2508 4550 ex-

497 4577 647 4668 imperio
672 4578 809 4656 Persico
831 4600 916 4658 nota
942 4585 1030 4670 fuit,
1056 4597 1098 4654 ut
1113 4585 1220 4655 multi
1237 4584 1323 4654 inde
1343 4583 1474 4654 doctri·
1526 4581 1755 4672 tinguebatur
1773 4580 1945 4652 memoria
1964 4581 2069 4651 etiam
2094 4580 2133 4649 in
2155 4576 2230 4665 his,
2256 4580 2321 4674 qui
2342 4581 2510 4669 convale-

497 4702 580 4748 nam
596 4692 713 4770 petere
731 4704 881 4776 possent.
932 4682 982 4759 Et
996 4686 1184 4756 mediocris
1198 4686 1246 4775 ,in
1268 4684 1398 4758 ludaea
1410 4708 1478 4779 pax
1526 4685 1680 4758 scebant.
1729 4679 1849 4755 Huius
1865 4681 2086 4772 pestilentiae
2098 4682 2138 4753 lit
2153 4681 2289 4753 mentio
2305 4684 2399 4775 apud
2414 4680 2508 4774 Hip-

496 4781 591 4873 luit.
609 4804 720 4876 usque
734 4786 778 4855 ad
792 4791 934 4882 tyranni
947 4784 1044 4862 Ochi
1056 4802 1227 4879 tempora.
1525 4798 1724 4881 pocratem,
1748 4786 1812 4880 qui
1833 4798 1920 4857 tunc
1942 4783 2047 4870 vixit,
2071 4796 2106 4856 et
2122 4782 2255 4855 dicitur
2275 4779 2344 4856 hoc
2359 4784 2508 4855 consilio

1526 4911 1605 4960 eam
1628 4912 1649 4961 a
1669 4884 1852 4959 Thessalia
1874 4886 2067 4978 depulisse,
2090 4885 2246 4956 incensis
2267 4884 2395 4984 sylvis,
2427 4908 2510 4959 cum

821 4960 908 5028 Μ’
932 4963 1155 5033 θῗαθθαθ·
1526 4991 1631 5061 flatus
1661 5003 1848 5061 ventorum
1878 4989 1924 5059 ab
1954 4983 2073 5058 Attica
2100 4986 2308 5062 adserebant
2337 4988 2516 5080 contagia.¹

507 5126 512 5133 ·
599 5085 733 5160 Scribit
756 5085 1002 5186 Thucydides,
1026 5092 1123 5168 huuc
1138 5089 1357 5165 Artaxerxen
1379 5115 1477 5164 mor·
1525 5090 1600 5164 Nec
1615 5105 1687 5163 tam
1701 5113 1804 5160 saeva
1819 5089 1895 5160 lues
1909 5088 2085 5181 descripta
2097 5088 2227 5179 legitur
2245 5091 2325 5161 aliis
2339 5091 2511 5184 tempori-

498 5203 597 5259 tuum
634 5212 708 5262 esse
741 5216 836 5263 anno
870 5193 1018 5282 septimo
1054 5197 1141 5269 belli
1174 5193 1478 5288 Peloponnesiaci,
1525 5193 1612 5277 bus,
1644 5191 1715 5261 nisi
1735 5212 1831 5260 anno
1862 5202 1941 5280 post
1963 5190 2119 5261 natalem
2134 5187 2268 5262 Christi
2286 5190 2402 5277 toas,
2436 5216 2509 5284 quo

497 5295 594 5384 quod
611 5290 800 5364 Graeciam
818 5293 1020 5386 gravissime
1033 5299 1179 5374 adflixit.
1229 5295 1321 5368 Nam
1344 5311 1379 5371 et
1395 5297 1478 5366 diu·
1527 5318 1621 5365 anno
1638 5291 1843 5383 Sigebertus
1859 5303 1996 5376 narrat,
2019 5292 2125 5362 talem
2140 5292 2375 5386 pestilentiam
2391 5293 2429 5364 in
2437 5292 2510 5363 Lo-

475 5408 644 5467 ‘turnum
660 5396 747 5483 fuit,
769 5395 913 5468 duravit
927 5394 1023 5464 enim
1038 5420 1149 5470 annos
1163 5414 1296 5493 septem
1311 5415 1346 5475 et
1361 5397 1478 5489 vigin-
1527 5392 1703 5485 tharingia
1719 5407 1909 5486 grassatam
1926 5415 2013 5465 esse·

496 5498 544 5582 ti,
569 5498 634 5569 etsi
652 5500 777 5569 breves
799 5498 962 5571 inducias
986 5496 1239 5595 aliquantisper
1263 5497 1411 5587 habuit,
1443 5514 1479 5574 et
1628 5494 1900 5568 Denunciamnt
1913 5516 2057 5584 magnas
2071 5495 2283 5571 calamitates
2298 5498 2436 5590 eclipsis
2451 5522 2509 5568 so-

495 5600 630 5671 multae
651 5601 811 5674 civitates
830 5601 960 5695 partim
976 5598 1137 5669 funditus
1159 5605 1293 5675 deletae
1309 5621 1410 5686 sunt,
1436 5614 1476 5676 ot
1526 5602 1572 5672 lis
1595 5599 1701 5671 initio
1721 5599 1808 5670 belli
1829 5599 1940 5693 facta,
1966 5619 2058 5692 quae
2070 5599 2187 5672 medio
2205 5599 2265 5670 die
2279 5599 2441 5671 tenebras
2456 5600 2509 5669 le-
2615 5621 2618 5627 ’

496 5702 636 5784 Platea,
662 5703 750 5775 urbs
761 5702 1039 5800 Corcyreorum,
1063 5700 1149 5772 urbs
1161 5698 1370 5796 Meliorum,
1393 5729 1479 5801 par·
1527 5703 1593 5787 cit,
1619 5716 1661 5776 ut
1674 5703 1794 5775 stellae
1809 5699 2115 5792 conspicerentur,
2140 5714 2175 5774 et
2188 5712 2341 5785 cometa,
2367 5697 2429 5792 qui
2452 5723 2510 5770 ar-
