6025 6775
1889 389 2103 423 ,ἡ

508 475 585 555 ooo
757 463 763 475 ’
1072 467 1339 550 uacuus
1377 420 1629 546 reisue
1668 460 1975 601 nornnoo.
2215 548 2217 551 Α
2459 494 2537 553 2...

507 658 646 719 runtur.
698 644 869 716 Fremens
887 639 1003 712 lulius
1016 638 1204 714 Erasmum
1223 643 1376 715 accersit.
1418 639 1497 711 Etsi
1547 662 1628 708 rum
1655 652 1688 709 et
1710 635 1898 709 Erasmum
1922 638 2085 725 videtur,
2119 653 2239 713 tamen
2268 641 2361 716 nibil
2383 645 2535 718 dubium
2601 693 2603 696 -

511 760 628 818 autem
652 736 823 817 Erasmus
849 757 1041 837 tyrannum
1069 758 1193 829 norat,
1225 761 1260 816 et
1293 745 1369 815 eius
1393 745 1496 814 vultu
1546 753 1609 821 cst,
1628 736 1777 809 Erasmo
1791 753 1899 809 totam
1917 735 2008 809 hanc
2025 754 2161 832 partem
2181 747 2440 817 emendationis
2457 750 2536 841 pla·

508 847 782 941 perterrefactus
805 858 898 930 erat,
932 860 1050 915 tamen
1076 860 1215 937 praeter
1236 847 1398 918 omnium
1415 846 1497 936 opi·
1544 843 1675 921 cuisse,
1701 866 1790 933 quae
1813 855 1907 912 taxat
1930 866 2067 912 errores
2091 845 2137 912 de
2161 845 2291 918 ritibus
2306 844 2471 921 humanis
2493 851 2533 919 in

507 951 658 1021 nionem
686 947 798 1017 lulius
829 945 964 1036 placide
997 972 1078 1017 eum
1113 961 1255 1033 monet,
1301 971 1346 1017 ne
1370 949 1414 1016 de
1438 971 1495 1015 re-
1545 940 1716 1013 Ecclesia.
2015 1009 2025 1016 s

508 1075 593 1141 gum
609 1050 761 1139 negotiis
773 1049 950 1128 scriberet,
978 1047 1058 1133 Tu,
1086 1050 1221 1143 inquit,
1246 1049 1330 1120 talia
1345 1074 1420 1117 non
1437 1049 1495 1116 in·
1652 1038 1800 1114 Constat
1812 1043 1916 1112 etiam
1934 1068 2015 1115 eum
2031 1069 2133 1138 saepe
2146 1047 2286 1134 dixisse,
2301 1050 2340 1118 in
2356 1050 2531 1144 interpre-

514 1152 665 1241 telligis‚
690 1163 729 1218 ut
742 1145 903 1217 Phalaris
928 1148 1139 1221 Simonidae
1162 1151 1270 1236 dixit,
1289 1147 1437 1243 μέλοιεν
1453 1144 1498 1221 δέ
1544 1145 1679 1216 tatione
1698 1143 1888 1214 Sacrorum
1904 1146 2077 1217 librorum
2095 1149 2189 1217 vinci
2205 1148 2391 1222 aLuthero
2409 1178 2532 1225 omnes
2568 1196 2570 1200 -

512 1274 569 1325 σοι
581 1254 735 1343 μουσῶν
754 1246 908 1329 εὐκλέας
922 1250 1040 1322 πόνοι.
1542 1260 1579 1316 ει
1600 1261 1734 1316 veteres
1761 1261 1796 1316 et
1815 1260 1971 1316 recentes
1995 1249 2221 1340 interpretes,
2247 1278 2312 1323 nec
2337 1253 2530 1354 ἐξηγητικᾶ

612 1350 790 1423 Reversus
808 1374 848 1419 ex
868 1350 970 1421 ltalia
993 1353 1032 1420 in
1049 1350 1244 1442 Belginum,
1259 1349 1493 1446 scripsitPhi·
1543 1347 1673 1439 scripta
1691 1348 1838 1417 meliora
1855 1372 1929 1417 esse
1943 1345 2092 1419 Lutberi
2111 1355 2413 1442 enarrationibus,
2439 1383 2530 1451 quae

505 1455 616 1543 lippo,
643 1452 718 1541 regi
730 1449 936 1542 Hispaniae,
952 1452 1208 1548 Panegyricum
1226 1454 1319 1527 lectu
1335 1457 1495 1546 dignum,
1542 1445 1738 1540 Prophetas
1756 1463 1932 1533 enarrant,
1958 1474 2045 1541 quas
2059 1453 2201 1544 quidem
2219 1457 2342 1546 etipse
2359 1455 2529 1532 Erasmus

504 1568 540 1625 et
554 1566 702 1645 propter
717 1554 925 1623 memoriam
941 1556 1033 1644 regis
1050 1552 1230 1648 Philippi,
1255 1558 1293 1626 in
1311 1584 1382 1652 quo
1399 1558 1494 1627 mul·
1541 1552 1612 1641 legi
1629 1552 1698 1620 sibi
1714 1576 1735 1619 a
1751 1574 1860 1620 coena
1873 1551 2029 1621 iubebat.
2055 1551 2124 1622 Sed
2141 1554 2180 1622 in
2194 1559 2424 1631 contentiosis
2440 1562 2528 1631 scri-

504 1671 620 1727 tarum
643 1655 815 1725 virtutum
832 1657 977 1727 luerunt
1000 1657 1120 1741 initia,
1147 1672 1182 1729 et
1199 1673 1343 1750 propter
1358 1660 1492 1729 oratio·
1543 1654 1612 1745 ptis
1627 1653 1808 1723 interdum
1825 1675 1905 1721 eum
1926 1646 2106 1721 horridius
2121 1659 2294 1748 quaedam
2311 1684 2528 1751 exaggerare,

504 1759 560 1828 nis
576 1758 814 1848 splendorem.
1542 1778 1587 1824 ne
1604 1755 1749 1847 quidde
1766 1778 1867 1824 causa
1885 1754 2007 1843 largiri
2023 1754 2195 1825 videatur.
2413 1755 2415 1759 ’

606 1856 699 1929 Cum
728 1872 845 1930 autem
879 1858 918 1927 iu
944 1872 997 1931 tot
1019 1859 1386 1951 peregrinationibus,
1417 1885 1492 1932 non
1645 1854 1778 1926 Notum
1801 1868 1853 1925 est
1875 1855 1980 1923 etiam
2002 1856 2218 1949 colloquium
2235 1860 2321 1930 boni
2338 1860 2528 1956 Principis,

505 1962 619 2031 solum
643 1960 749 2030 urbes
770 1961 983 2047 multorum,
1023 1964 1083 2031 sed
1111 1963 1216 2032 ctiam
1240 1986 1363 2033 sensus
1385 1976 1490 2057 atque
1542 1968 1576 2025 et
1597 1955 1769 2047 sapientia
1793 1957 2000 2047 praestantis
2021 1954 2132 2039 Ducis
2146 1956 2319 2029 Friderici
2342 1977 2377 2033 et
2403 1966 2526 2057 ipsius.

504 2063 696 2154 opiniones
713 2061 977 2147 considerasset,
993 2077 1032 2134 'ct
1051 2063 1223 2134 iudicium
1242 2065 1317 2135 cius
1334 2068 1380 2134 dc
1398 2067 1492 2135 mul·
1542 2054 1634 2128 Cum
1651 2058 1747 2126 enim
1762 2060 2024 2127 controversiae
2039 2062 2083 2128 de
2099 2061 2262 2131 doctrina
2276 2086 2395 2134 recens
2411 2082 2527 2138 motae

502 2164 550 2235 tis
574 2164 712 2252 magnis
736 2165 841 2233 rebus
863 2165 1109 2235 confirmatum
1134 2180 1240 2250 esset,
1267 2181 1302 2236 et
1318 2167 1491 2236 autorira-
1542 2172 1668 2243 essent,
1684 2173 1718 2229 et
1734 2155 1816 2228 Dux
1829 2156 2032 2228 Fridcricus
2049 2162 2277 2253 prospiceret,
2292 2180 2422 2257 quanta
2437 2181 2528 2237 tem-

503 2281 576 2337 tem
592 2265 684 2335 lama
704 2266 936 2349 eruditionis,
962 2280 995 2335 et
1018 2280 1111 2335 aetas
1126 2270 1314 2350 adderent,
1337 2267 1490 2338 videret·
1541 2274 1657 2352 pestes
1677 2261 1915 2352 impenderet,
1941 2273 1974 2330 et
1999 2286 2115 2354 neque
2135 2264 2222 2334 falsa
2245 2267 2362 2356 spargi
2377 2270 2526 2360 permis·
2635 2260 2642 2272 ’

504 2392 573 2461 que
606 2366 763 2457 ingentia
785 2363 965 2438 Ecclesiae
994 2368 1163 2448 vulnera,
1204 2367 1360 2437 decrevit
1388 2372 1490 2439 edere
1542 2385 1645 2437 surus
1662 2377 1762 2447 esset,
1784 2388 1900 2455 neque
1916 2385 2016 2431 veras
2029 2377 2064 2433 et
2079 2365 2292 2436 necessarias
2308 2370 2528 2442 emendatio-¹

504 2467 599 2538 Novi
608 2466 827 2540 Testamenti
839 2468 1168 2559 interpretationem
1182 2467 1292 2558 magis
1301 2467 1490 2541 Gramma·
1540 2487 1603 2533 nes
1616 2478 1715 2535 metu
1730 2465 1971 2556 periculorum
1992 2465 2146 2556 opprimi
2170 2468 2287 2540 vellet.
2338 2468 2526 2542 Erasmum
2561 2529 2564 2534 .

504 2570 627 2654 ticam,
651 2584 687 2641 et
700 2572 831 2641 addere
844 2568 1109 2640 admonitiones
1127 2571 1172 2638 de
1190 2570 1372 2641 vocabulis
1394 2587 1428 2644 et
1444 2574 1488 2643 de
1540 2568 1584 2635 de
1605 2590 1644 2637 re
1669 2580 1766 2637 tanta
1790 2566 1978 2638 consuluit.
2038 2566 2120 2656 Quo
2144 2568 2182 2637 in
2204 2570 2407 2663 colloquio,
2444 2597 2526 2643 cum

502 2667 635 2763 phrasi.
959 2671 962 2675 ’
1539 2682 1621 2739 ante
1645 2671 1847 2751 exordium,
1873 2683 1914 2739 ut
1934 2669 1973 2737 in
1989 2670 2115 2761 primis
2131 2673 2373 2762 congressibus
2388 2674 2526 2767 aliquid

606 2771 686 2844 Hoc
712 2795 818 2862 opere
842 2770 1021 2844 iudicabat
1036 2774 1488 2865 duasresmagnasetuti·
1540 2765 1729 2842 hilaritatis
1762 2772 1979 2856 ostenditur,
2016 2774 2161 2843 dixisset
2188 2772 2270 2844 Dux
2302 2773 2525 2846 Fridericus:
2617 2834 2619 2836 >

426 2938 427 2941 ,
501 2876 551 2946 les
564 2876 632 2963 agi.
684 2870 862 2941 Futurum
883 2874 977 2944 enim
1001 2899 1092 2957 esse,
1118 2890 1159 2946 ut
1182 2878 1299 2946 studia
1319 2879 1488 2944 emenda·
1540 2869 1690 2959 Propter
1705 2897 1791 2964 quas
1809 2896 1929 2943 causas
1952 2870 2119 2943 monachi
2133 2877 2221 2947 adeo
2238 2877 2439 2957 irascuntur
2453 2876 2527 2947 Lu·

501 2990 646 3051 rentur,
686 2988 719 3043 et
742 2975 862 3065 plures
883 2974 1048 3048 Latinam
1072 2991 1105 3048 et
1128 2976 1303 3047 Graecam
1327 2977 1486 3066 linguam
1541 2963 1665 3038 thero?
1696 2970 1867 3045 Erasmus
1889 2976 2022 3066 inquit:
2046 2977 2130 3045 Duo
2156 3002 2283 3067 magna
2307 2982 2527 3069 pcccataad·

495 3078 695 3157 discerent,
721 3089 754 3144 et
769 3077 941 3167 paulatim
957 3080 1230 3157 exorienteluce
1244 3080 1416 3164 veritatis,
1434 3091 1487 3147 te·
1539 3070 1657 3154 misit,
1687 3072 1803 3159 attigit
1825 3098 1992 3143 coronam
2020 3073 2136 3165 Papae
2162 3095 2196 3150 et
2227 3093 2370 3149 ventres
2400 3104 2526 3151 mona·

465 3259 476 3267 ῃ
502 3177 632 3242 nebrae
645 3189 915 3257 evanescerent,
939 3192 974 3247 et
990 3181 1184 3250 multorum
1209 3204 1369 3252 errorum
1386 3179 1488 3251 vani·
1539 3167 1700 3245 chorum.

502 3287 555 3345 tas
572 3285 797 3362 retegeretur.
947 3321 951 3330 ·
1170 3290 1191 3340 s
1641 3273 1778 3344 Deinde
1802 3286 1917 3342 secuta
1940 3288 1991 3344 est
2018 3276 2107 3344 seria
2132 3279 2359 3366 deliberatio,
2393 3283 2431 3350 in
2456 3307 2527 3377 qua

601 3372 686 3445 Fuit
702 3375 809 3445 foelix
825 3373 1049 3463 institutum,
1074 3403 1114 3448 ac
1128 3400 1192 3467 ego
1210 3377 1352 3470 quidem
1369 3377 1487 3449 existi·
1539 3371 1708 3444 Erasmus
1741 3397 1853 3464 genus
1886 3375 2069 3446 doctrinae
2100 3378 2190 3451 dixit
2218 3380 2316 3474 pium
2342 3407 2432 3469 esse,
2465 3389 2526 3455 sed

498 3498 577 3559 mo,
603 3477 777 3546 divinitus
802 3492 835 3547 et
860 3478 977 3546 studia
1002 3480 1097 3560 eius,
1125 3494 1159 3550 et
1183 3479 1330 3549 consilia
1346 3480 1388 3548 ad
1421 3474 1488 3550 hoc
1540 3490 1662 3567 optare
1677 3501 1725 3560 se,
1750 3478 1920 3570 quasdam
1933 3502 2008 3547 non
2025 3483 2236 3552 necessarias
2253 3486 2475 3577 quaestiones
2490 3503 2524 3559 et

499 3600 589 3668 opus
602 3578 796 3666 gubernata
812 3600 898 3647 csse.
940 3577 1049 3648 Liber
1063 3582 1179 3650 editus
1195 3593 1228 3648 et
1244 3604 1363 3650 rerum
1381 3582 1485 3652 boni·
1539 3573 1758 3647 horridiores
1800 3580 2001 3677 praeteriri,
2051 3596 2085 3651 et
2122 3584 2297 3675 placidius
2338 3588 2524 3678 disputari.

497 3691 578 3758 tate,
603 3691 639 3748 et
652 3677 826 3749 orationis
841 3678 1025 3758 suavitate,
1053 3682 1274 3750 iuventutem
1287 3684 1333 3751 ad
1345 3683 1486 3771 lingua-
1540 3679 1706 3750 Mortuus
1724 3693 1774 3749 est
1791 3675 1962 3750 Erasmus
1977 3683 2015 3751 in
2037 3682 2264 3756 invocatione
2279 3685 2359 3761 Dei.
2410 3688 2459 3762 Et
2474 3692 2525 3760 ci·

379 3867 388 3882 .
496 3804 575 3850 rum
603 3792 638 3849 et
652 3781 697 3848 ad
715 3776 975 3848 Grammaticae
990 3781 1107 3850 studia
1122 3780 1307 3865 invitavit,
1330 3783 1486 3853 seniores
1535 3782 1591 3850 vis
1606 3805 1679 3851 esse
1693 3778 1873 3851 Ecclesiae
1888 3779 2095 3855 Basiliensis
2117 3788 2244 3860 voluit.

496 3883 603 3952 etiam
629 3882 672 3949 de
695 3880 819 3951 multis
841 3879 1021 3948 erroribus
1044 3883 1243 3954 admonuit.
1296 3878 1344 3953 Ut
1366 3898 1483 3954 autem
1639 3882 1711 3954 Nec
1733 3908 1816 3953 vero
1840 3884 1970 3956 mirum
1994 3901 2066 3969 est,
2093 3887 2132 3956 in
2155 3903 2254 3961 tanta
2269 3893 2364 3964 mole
2381 3908 2525 3965 contro·

494 3984 602 4055 bonis
629 3982 715 4050 viris
730 3995 861 4071 ,gratus
889 3976 947 4048 hic
970 3979 1072 4050 labor
1097 3984 1181 4062 fuit,
1222 3983 1271 4051 ita
1296 3999 1418 4055 contra
1445 3989 1482 4055 in
1536 3985 1752 4068 veniarum,
1792 3986 1924 4056 alicubi
1955 3989 2050 4059 inter
2072 3985 2236 4061 homines
2266 3995 2372 4064 etiarn
2401 3996 2526 4080 bonos,

386 4140 389 4144 .
496 4085 663 4156 omnibus
677 4084 841 4173 gentibus
853 4078 1068 4175 Hypocritac
1083 4079 1260 4167 monachi,
1290 4099 1484 4156 metuentes
1536 4088 1691 4181 aliquam
1733 4087 1890 4157 incidere
1929 4091 2257 4164 dissimilitudinem
2299 4097 2524 4167 iudiciorum.

496 4212 579 4260 suae
597 4185 781 4256 autoritati
806 4198 841 4254 et
864 4183 998 4268 ventri,
1024 4199 1058 4255 et
1072 4180 1157 4254 baec
1175 4209 1266 4253 nova
1283 4186 1399 4255 studia
1417 4212 1483 4279 op-
1537 4187 1608 4257 Sed
1622 4184 1713 4256 hauc
1730 4188 2006 4280 disputationem
2029 4194 2167 4268 omitto.
2220 4193 2335 4267 Multa
2361 4213 2524 4268 suutau-

493 4290 658 4383 primere,
674 4302 709 4357 et
725 4288 842 4376 ipsum
858 4298 1018 4354 autorem
1035 4289 1181 4376 perdere
1196 4300 1381 4356 conantur.
1410 4287 1482 4357 Pu·
1536 4301 1606 4357 tem
1637 4288 1735 4375 signa
1765 4290 1912 4358 modesti
1941 4293 2050 4360 animi
2073 4295 2111 4364 in
2134 4292 2296 4371 Erasmo.
2348 4297 2524 4370 Potuisset

495 4405 605 4484 gnant
619 4391 658 4458 in
679 4389 794 4475 aulis,
816 4386 855 4455 in
871 4383 1088 4480 Gyuacceis,
1113 4389 1151 4456 in
1169 4387 1419 4473 concionibus,
1445 4400 1483 4457 ut
1536 4390 1630 4480 apud
1643 4386 1833 4458 Pontifices
1849 4390 2005 4482 accipere
2021 4417 2145 4484 magua
2160 4399 2293 4487 premia
2309 4401 2521 4471 adsentatio·

493 4492 663 4565 Erasmus
685 4490 833 4561 tollatur
862 4488 1034 4560 emedio.
1087 4487 1248 4579 Fiugunt
1278 4491 1427 4558 crimina
1451 4504 1484 4559 et
1535 4514 1643 4572 nuru,
1667 4489 1698 4558 si
1715 4490 1945 4561 ambitionem
1963 4496 2089 4565 studiis
2106 4499 2338 4586 praetulisset.
2373 4495 2422 4570 Et
2439 4526 2523 4591 pro·

494 4595 643 4667 fabellas
658 4606 771 4682 gratas
786 4584 1024 4671 suo—theatro,
1047 4605 1089 4661 ut
1104 4592 1245 4691 veritati
1269 4591 1308 4658 in
1322 4587 1490 4665 Ecclesia
1536 4592 1643 4660 luisse
1657 4588 1732 4659 eiu's
1748 4593 1886 4662 labores
1900 4596 1944 4663 ad
1960 4597 2142 4666 excitanda
2160 4600 2277 4669 studia
2294 4601 2436 4691 linguae
2450 4602 2521 4673 La·

495 4698 664 4769 omnibus
679 4694 900 4786 temporibus
909 4688 1125 4785 Hypocritae
1141 4695 1384 4763 adversantur.
1411 4691 1482 4762 Sed
1537 4695 1630 4761 tinae
1644 4705 1677 4760 et
1693 4692 1849 4764 Graecae
1864 4699 2091 4768 manifestum
2106 4713 2169 4769 est.
2223 4698 2328 4772 Vivet
2351 4704 2456 4773 etiam
2483 4706 2522 4774 in

493 4812 694 4870 armaverat
711 4793 808 4866 Deus
825 4791 1014 4863 Erasmum
1032 4818 1092 4864 sua
1109 4817 1281 4883 gorgone,
1307 4795 1483 4877 videlicet,
1534 4790 1589 4863 his
1612 4794 1762 4865 utilibus
1786 4798 1973 4886 operibus,
2000 4801 2039 4868 in
2067 4803 2152 4869 novi
2171 4799 2388 4875 Testamenti
2411 4817 2523 4876 inter·

494 4895 733 4993 Eloquentia,
760 4922 829 4990 qua
844 4895 986 4964 fortiter
1002 4897 1134 4986 repulit
1149 4893 1278 4966 bostes.
1534 4896 1739 4987 pretatione,
1765 4897 1803 4964 in
1821 4922 1863 4967 eo
1879 4899 1985 4986 libro,
2005 4903 2067 4994 qui
2084 4916 2135 4972 εει
2149 4903 2244 4973 velut
2261 4902 2384 4996 copiae
2399 4930 2522 4992 cornu,

596 5001 722 5071 ¹l'o'stca
738 5012 851 5068 toturn
868 4998 1050 5066 doctrinae
1073 4998 1326 5067 ecclesiasticae
1343 5022 1482 5089 corpus,
1533 4998 1655 5090 inquo
1680 5009 1751 5064 tam
1768 5001 1864 5068 varia
1881 5016 1953 5085 est,
1980 5020 2014 5075 et
2032 5004 2145 5073 dulcis
2161 5002 2440 5077 Proverbiorum
2463 5011 2521 5078 in·

494 5125 582 5172 voce
612 5102 796 5173 reverendi
826 5099 894 5167 viri
916 5095 959 5166 D.
985 5095 1135 5168 Lutheri
1167 5113 1393 5190 repurgatum
1419 5114 1481 5179 εει,
1533 5099 1756 5203 terpretatio,
1787 5125 1891 5191 quem
1914 5104 2068 5186 librum,
2101 5119 2143 5183 ut
2172 5129 2274 5197 saepe
2298 5111 2521 5205 multumque

495 5225 604 5300 quam
623 5203 667 5273 ad
683 5227 756 5272 rem
772 5201 1102 5293 praeparatioluit,
1121 5203 1217 5293 quod
1242 5200 1328 5269 libri
1342 5214 1482 5290 aposto·
1532 5200 1673 5287 legatis,
1701 5201 1801 5267 valde
1821 5227 1884 5270 vos
1901 5201 2083 5279 adhortor.

398 5341 400 5345 >
491 5308 555 5379 lici
570 5320 607 5376 et
620 5319 754 5377 veteres
775 5299 940 5373 historiae
965 5303 1036 5371 iam
1050 5304 1090 5371 in
1114 5304 1279 5373 manibus
1293 5297 1480 5370 hominum
1599 5299 1831 5371 ‘Sermonem
1847 5306 1951 5374 etiam
1971 5331 2010 5375 ac
2028 5308 2219 5397 figurarum
2237 5313 2392 5404 exempla
2408 5314 2521 5386 multa

492 5424 604 5484 erant,
1533 5426 1573 5471 ex
1588 5402 1665 5472 eius
1680 5403 1842 5474 oratioue
1858 5430 1997 5476 sumere
2014 5411 2190 5500 poteritis.

583 5510 662 5583 Etsi
678 5505 852 5579 autemde
867 5507 1076 5597 quibusdam
1095 5504 1356 5587 controversiis,
1372 5529 1481 5596 quae·
1631 5500 1709 5574 Etsi
1726 5506 1822 5574 enim
1839 5507 1964 5581 Critici
1981 5512 2126 5603 quidam
2142 5516 2286 5585 delicias
2302 5537 2375 5583 esse
2389 5515 2520 5586 immo.
2627 5531 2630 5539 ¹

492 5619 575 5687 dam
598 5614 707 5685 fuisse
726 5607 944 5697 iudiciorum
969 5610 1221 5681 dissimilitudo
1236 5602 1482 5680 interLuthe·
1504 5688 1505 5693 η
1530 5606 1646 5693 dicas,
1673 5623 1708 5679 et
1730 5608 1912 5682 interdum
1936 5613 2067 5704 figuras
2091 5616 2356 5707 intempestivas
2371 5639 2444 5686 esse
2461 5622 2520 5690 di·
2568 5681 2574 5693 ,
2655 5622 2661 5632 “
