6025 6775
439 638 549 733 stt'
678 582 680 586 ἡ
1080 642 1343 721 Putarem
1381 637 1835 720 Mntattrltottts
2396 651 2475 730 m
2504 741 2509 748 ἢ

440 831 531 901 insta
565 838 638 913 εει,
670 835 815 919 propter
836 818 950 898 filium
969 818 1055 909 Dei,
1086 795 1271 902 sola'fide,
1304 819 1344 889 id
1365 829 1428 904 εει,
1478 808 1568 887 haec
1590 839 1698 908 opera
1720 798 1849 888 mereri
1870 816 2113 889 remissionem
2136 833 2371 912 peccatorum.
2419 820 2468 898 lte
2532 816 2534 819 ⁴

439 954 502 1023 per
525 928 804 1000 misericordiam
822 927 951 997 donata
969 923 1177 995 remissione
1193 934 1428 1013 peccatorum,
1479 918 1705 991 adduxeruut
1740 919 2000 992 abominandos
2025 943 2182 1008 errores,
2222 917 2321 995 branc
2349 924 2469 1015 ignem
2565 963 2569 968 ·

439 1048 475 1104 et
496 1030 672 1122 imputata
695 1029 850 1108 iusticia,
875 1040 1019 1119 propter
1039 1027 1153 1097 filium
1170 1022 1256 1104 Dei,
1279 1033 1429 1093 nonest
1478 1033 1635 1091 sumtum
1663 1022 1709 1091 ab
1730 1020 1813 1111 igne
1833 1036 1974 1113 patrum
1996 1046 2142 1093 accenso
2166 1023 2362 1126 divinitus,
2395 1049 2469 1098 εεεε

440 1134 533 1206 iusta
549 1146 693 1223 propter
707 1133 828 1222 legem,
851 1143 914 1200 aut
928 1142 1087 1199 nostram
1103 1126 1324 1216 dignitatern.
1368 1121 1427 1195 si·
1478 1145 1632 1207 numen,
1657 1145 1732 1194 esse
1754 1122 1866 1193 Deum
1890 1124 2016 1216 ipsum.
2070 1125 2207 1196 Deinde
2230 1122 2327 1197 branc
2349 1128 2468 1219 ignem

439 1249 500 1306 cut
514 1231 676 1323 Psalmus
695 1232 826 1324 inquit:
854 1228 941 1301 Non
956 1230 1205 1301 iustificabitur
1221 1229 1260 1297 in
1277 1248 1427 1317 conspe-
1479 1224 1621 1316 publice
1645 1223 1931 1298 circumferentes
1952 1229 2205 1299 adoraverunt.
2255 1227 2383 1301 Postea
2405 1230 2468 1302 alii

441 1350 503 1408 ctu
525 1348 587 1405 tuo
611 1332 723 1403 omnis
739 1332 875 1406 vivens.
927 1327 980 1402 Αε
996 1333 1040 1401 de
1054 1331 1187 1401 talibus
1201 1329 1427 1400 credentibus
1478 1326 1550 1397 alia
1565 1325 1733 1411 nomina,
1758 1341 1791 1398 et
1807 1327 1895 1397 alios
1909 1328 2026 1400 cultus
2043 1323 2221 1401 horrenda
2237 1331 2383 1402 audacia
2397 1333 2466 1403 lin-

441 1436 589 1510 dicitur:
615 1433 696 1503 Non
711 1434 793 1505 estis
808 1433 985 1523 sublege,
1011 1435 1074 1503 scd
1089 1432 1291 1521 subgratia.
1477 1442 1616 1500 xerunt.
2227 1442 2228 1445 ’

487 1596 489 1600 -
540 1551 600 1623 84.
637 1549 696 1622 Sic
718 1546 759 1621 hi
781 1550 924 1621 liberati
944 1564 1045 1635 sunt,
1069 1575 1089 1619 a
1110 1549 1361 1620 maledictione
1375 1548 1427 1617 le-
1581 1545 1644 1617 48.
1676 1545 1774 1618 Haec
1792 1572 1872 1619 curn
1897 1548 2089 1621 acciderint
2112 1564 2213 1622 antea
2229 1576 2309 1622 cnm
2325 1554 2466 1645 sapien-

439 1660 501 1748 gis.
551 1649 601 1723 Et
624 1666 742 1723 tamen
762 1665 884 1723 manet
906 1646 993 1722 haec
1015 1653 1110 1723 lucta
1132 1652 1291 1732 assidua,
1317 1674 1427 1741 agno-
1479 1650 1546 1729 tia,
1573 1649 1782 1740 disciplina,
1806 1650 1989 1722 doctrinae
2003 1652 2138 1744 studia,
2163 1666 2198 1724 et
2213 1653 2302 1724 aliae
2317 1656 2466 1726 virtutes

439 1759 549 1830 scitur
572 1750 723 1825 haerens
744 1756 784 1823 in
807 1756 913 1824 nobis
934 1763 1135 1847 peccatum,
1159 1767 1192 1824 et
1214 1754 1284 1823 fide
1300 1776 1427 1845 apprc-
1479 1750 1630 1820 maiores
1651 1765 1785 1837 essent,
1809 1766 1842 1821 et
1866 1776 1946 1822 cum
1962 1748 2119 1822 Ecclesia
2141 1766 2258 1824 tantos
2274 1756 2468 1828 monitores
2515 1796 2518 1800 .

439 1857 612 1930 benditur
625 1857 790 1928 liberatio
807 1870 840 1927 ει
856 1857 1063 1927 consolatio.
1220 1879 1227 1894 ·
1479 1849 1645 1934 haberet,
1685 1850 1786 1938 Sem,
1819 1849 2022 1939 Abraham,
2055 1869 2090 1925 et
2124 1855 2289 1948 deinceps
2319 1857 2467 1942 multos,

542 1956 603 2030 86.
627 1957 705 2029 Hac
721 1959 789 2029 fide
802 1972 1019 2031 sustentante
1032 1961 1137 2029 corda
1150 1959 1188 2029 in
1205 1982 1289 2028 vero
1304 1979 1428 2048 agone,
1479 1979 1555 2025 non
1576 1953 1768 2044 cogitemus
1790 1948 1884 2022 nihil
1902 1955 2083 2047 irrepsisse
2100 1958 2275 2028 viciorum
2293 1958 2330 2028 in
2344 1956 2468 2030 Eccle-

441 2061 597 2155 Spiritns
611 2073 773 2146 sanctus,
796 2084 879 2131 vere
895 2061 1055 2132 accendit
1068 2085 1198 2131 novam
1213 2063 1347 2145 lucem,
1373 2060 1427 2128 vi·
1479 2058 1592 2141 siam,
1618 2056 1655 2125 in
1678 2050 1745 2125 hac
1767 2055 1906 2124 infirma
1929 2068 1962 2126 et
1980 2058 2091 2127 delira
2106 2060 2232 2129 mnndi
2250 2075 2409 2147 senecta,
2433 2074 2468 2133 et

442 2181 512 2235 tarn
535 2177 571 2235 et
589 2162 846 2247 obedientiam,
872 2163 960 2233 sicut
982 2163 1117 2234 dictum
1138 2176 1206 2233 est:
1231 2159 1426 2233 Effundam
1480 2160 1519 2228 in
1533 2158 1643 2229 tantis
1656 2156 1818 2247 gentium
1834 2155 2125 2249 dissipationibus
2141 2174 2175 2232 et
2190 2161 2469 2252 confusionibus,

442 2289 546 2360 snper
560 2265 707 2333 domum
724 2261 841 2335 David
858 2262 1030 2357 Spiritum
1046 2265 1179 2355 gratiae
1196 2277 1229 2334 et
1247 2287 1401 2354 precum.
1480 2274 1515 2332 ct
1529 2260 1749 2351 neglectione
1766 2260 1948 2329 doctrinae
1964 2273 1997 2330 et
2013 2260 2233 2353 disciplinae.

543 2382 605 2457 86.
637 2379 872 2454 Condonatur
891 2404 974 2473 ergo
999 2402 1162 2472 praesens
1183 2379 1428 2449 immundities
1524 2445 1528 2452 ,
1582 2375 1645 2452 44.
1677 2377 1756 2447 lmo
1779 2379 1850 2449 cito
1871 2378 2058 2450 obscurata
2078 2393 2130 2451 est
2144 2380 2325 2461 doctrina,
2347 2383 2397 2451 'de
2412 2381 2470 2453 in-

442 2510 523 2557 cnm
548 2483 660 2554 vincit
682 2484 786 2570 fides,
817 2507 892 2553 non
915 2506 994 2551 cnm
1018 2494 1143 2570 regnat
1164 2495 1362 2571 peccatum,
1389 2481 1426 2551 id
1479 2478 1578 2550 sticia
1592 2480 1695 2561 fidei,
1720 2493 1760 2550 nt
1774 2483 1968 2578 ostendunt
1981 2475 2151 2572 Origenis
2166 2494 2200 2552 et
2215 2480 2368 2551 aliorum
2383 2486 2471 2554 scri-

443 2602 514 2673 est,
546 2608 620 2656 non
646 2609 727 2655 cum
754 2587 847 2655 cedit
875 2584 962 2651 fides
983 2582 1171 2653 tentationi
1196 2595 1316 2653 contra
1341 2605 1426 2652 con·
1479 2595 1558 2674 pta,
1580 2597 1615 2653 et
1635 2582 1711 2652 nati
1725 2577 2002 2668 suntmonachi,
2029 2605 2182 2677 qnorum
2200 2584 2369 2676 exemplis
2383 2609 2471 2657 con-

443 2688 643 2773 scientiam,
664 2702 705 2759 ut
727 2709 807 2757 cum
829 2680 907 2752 Eva
928 2682 984 2752 vel
1001 2679 1123 2754 Aaron
1146 2698 1327 2756 cesserunt
1347 2698 1426 2755 ten·
1479 2684 1617 2755 firmata
1644 2698 1697 2754 est
1721 2686 1922 2775 persuasio,
1954 2685 2084 2756 mereri
2107 2681 2270 2756 homines
2291 2687 2471 2760 remissio-

443 2789 571 2863 tationi
584 2802 728 2860 ruentes
743 2797 867 2855 contra
882 2786 1143 2857 conscientiam.
1481 2808 1563 2853 nem
1589 2798 1810 2876 peccatorum
1834 2785 2022 2878 operibns,
2048 2799 2081 2857 ει
2104 2787 2248 2882 quidem
2272 2813 2347 2859 non
2370 2813 2473 2864 mau-

544 2906 604 2980 37.
638 2905 744 2975 Tales
766 2901 947 2975 excutiunt
968 2919 1002 2976 et
1021 2906 1233 2976 contristant
1253 2903 1427 2996 Spiritum
1483 2886 1575 2955 ἆιῑῐδ
1589 2909 1609 2954 ³
1622 2882 1712 2957 Deo·

443 3026 622 3090 sanctum,
649 3020 684 3076 et
704 3006 828 3090 fidem,
849 3022 1005 3100 quaeest
1021 3007 1151 3078 fiducia
1167 3007 1429 3078 misericordiae
1586 3001 1647 3078 45.
1688 2998 1813 3073 Postea
1846 3005 2083 3076 ministerium
2105 3000 2293 3098 Evangelii
2318 3007 2364 3075 ab
2383 3000 2475 3097 Epi·
2527 3055 2528 3059 =
2600 2986 2603 2993 ¹

444 3113 620 3184 amittunt.
1482 3105 1598 3199 scopis
1618 3127 1828 3175 conversum
1852 3121 1903 3178 εει
1925 3107 1963 3175 in
1980 3129 2148 3197 regnum,
2174 3122 2209 3178 ει
2223 3130 2355 3179 nervus
2370 3107 2474 3177 addi-

547 3212 607 3281 88.
641 3207 870 3281 Manifestum
891 3226 943 3282 est
966 3211 1061 3280 enim
1083 3212 1237 3283 discerni
1260 3212 1299 3282 in
1315 3210 1429 3283 Paulo
1482 3223 1558 3295 tns,
1582 3206 1695 3278 Missa
1709 3207 1895 3298 papistica,
1921 3222 1955 3278 et
1975 3208 2160 3299 multiplex
2174 3209 2379 3301 depravatio
2394 3231 2474 3279 coe-

444 3331 596 3401 regnans
610 3312 810 3403 peccatum,
836 3324 870 3382 et
884 3335 959 3381 non
972 3336 1136 3404 regnans.
1484 3335 1550 3382 nae
1566 3306 1715 3378 Domini
1728 3309 1891 3379 omnium
1905 3310 2047 3403 piorum
2063 3310 2227 3406 lacrymis
2243 3311 2475 3404 deploranda.

546 3428 609 3503 89.
642 3428 723 3499 Non
745 3429 854 3519 igitur
877 3430 1106 3521 intelligenda
1126 3445 1178 3500 εει
1196 3431 1360 3516 libertas,
1387 3431 1432 3500 li·
1586 3423 1649 3499 46.
1682 3420 1730 3496 Ει
1752 3426 1864 3517 caligo
1887 3422 2028 3498 ethnica
2052 3441 2169 3499 secuta
2192 3442 2261 3509 est,
2288 3428 2357 3501 fnit
2373 3428 2475 3519 igno-

446 3531 560 3604 centia
575 3530 735 3601 violandi
753 3532 864 3622 legem
880 3528 948 3601 Dei
968 3547 1089 3602 contra
1108 3533 1371 3606 conscientiam.
1485 3544 1562 3602 tum
1585 3527 1773 3599 discrimen
1795 3528 1882 3619 legis
1903 3542 1936 3600 et
1958 3526 2165 3622 Evangelii,
2199 3530 2405 3601 confirmata
2426 3544 2478 3602 εει

547 3648 610 3726 40,
649 3647 719 3721 sed
749 3650 893 3720 libem,
924 3664 973 3720 ωε
999 3650 1036 3719 5„
1061 3651 1234 3722 retinente
1257 3648 1432 3742 spirtum,
1487 3630 1685 3724 persuasio,
1708 3630 1839 3701 mereri
1861 3627 2025 3703 homines
2047 3631 2292 3725 remissionem
2316 3644 2477 3724 peccato-

446 3767 627 3838 sauctum‚
659 3766 694 3822 et
725 3752 794 3821 fide
823 3752 986 3821 vincente
1016 3754 1260 3826 tentationem.
1335 3751 1434 3823 Haec
1486 3758 1585 3818 rums
1619 3743 1653 3801 ‘l
1681 3732 1792 3802 3¹¹⁸l⁰⁸
1819 3734 2269 3828 ‘³⁸⁰Pf0P1'll⁸⁰P⁸¹lb¹¹⁸·
2335 3732 2476 3807 Deinde

445 3869 529 3924 sunt
550 3855 739 3925 certamina
760 3875 885 3943 magna
910 3852 1070 3943 piorum,
1098 3853 1135 3922 in
1158 3855 1289 3948 quibus
1309 3856 1435 3928 crescit
1487 3836 1648 3907 millium
1671 3848 1738 3905 ²³¹²
1765 3833 1855 3906 cum
1880 3860 1985 3907 ΜΟ
2010 3836 2095 3907 sela
2117 3838 2261 3931 ‘1⁰³⁰d0
2286 3837 2369 3908 ⁸³5⁸
2393 3859 2479 3930 ⁰9²·

446 3957 532 4025 fiaes
563 3954 688 4024 vrum
711 3953 869 4030 urauou.
920 3951 969 4028 Ει
996 3954 1091 4025 rrius
1110 3954 1176 4027 uer
1207 3956 1256 4025 sic
1279 3956 1435 4027 securae
1488 3962 1567 4009 rum
1590 3930 1739 4022 habeat,
1763 3940 1981 4009 manendum
2002 3938 2387 4025 assimulatione,
2413 3962 2480 4042 nec
2546 4008 2551 4015 .

448 4081 544 4127 suam
563 4056 776 4147 potentiam,
802 4056 975 4127 adiuvans
990 4079 1074 4142 nos,
1099 4071 1140 4126 ut
1154 4059 1310 4130 destruat
1327 4082 1435 4150 opera
1487 4042 1556 4111 fide
1573 4039 1785 4109 Vlssssffldffl
1802 4062 1876 4111 ‘⁸⁸²
1892 4040 2164 4112 dflbllallffllssffl·

449 4156 600 4228 Diaboli.
653 4157 712 4230 Sic
744 4158 854 4228 vincit
883 4158 921 4228 in
947 4153 1072 4251 loseph
1105 4173 1324 4251 repugnante
1355 4160 1436 4230 ille·
1590 4156 1649 4228 47.
1683 4155 1781 4227 Haec
1801 4157 1977 4228 dubitatio
2002 4152 2169 4249 prohibet
2189 4159 2345 4252 conspici
2369 4160 2479 4230 bene-

450 4261 561 4333 cebris
591 4262 788 4346 adulterae,
821 4260 860 4329 in
883 4257 948 4332 lob
974 4275 1191 4353 repugnante
1217 4262 1436 4355 desperatio-
1489 4262 1566 4332 beia
1599 4259 1824 4344 mediatoris,
1857 4271 1892 4328 ει
1920 4261 2200 4330 consolationem
2228 4262 2365 4331 firmam
2392 4284 2480 4332 con-

450 4362 486 4430 ni
504 4375 567 4434 etc.
1489 4360 1646 4434 scientiis
1667 4359 1792 4451 eripit,
1813 4373 1848 4430 et
1865 4384 2008 4452 prorsus
2025 4363 2221 4454 corrumpit
2237 4386 2357 4433 veram
2375 4362 2480 4433 invo-

553 4461 612 4533 41.
644 4459 709 4534 Est
722 4478 838 4534 antem
852 4461 982 4532 deinde
999 4478 1034 4534 et
1049 4459 1109 4532 hic
1126 4486 1211 4534 usus
1224 4466 1312 4556 legis
1326 4466 1367 4536 in
1378 4490 1437 4536 re-
1490 4463 1677 4537 cntionem.
1728 4461 1808 4534 Non
1842 4464 1938 4533 enim
1967 4477 2081 4555 potest
2110 4485 2209 4534 mens
2238 4467 2402 4534 accedere
2433 4466 2481 4535 ad

449 4563 650 4639 conciliato.
701 4563 823 4636 Manet
842 4567 931 4636 ordo
949 4548 1196 4658 sempiternus,
1223 4580 1264 4640 ut
1279 4582 1436 4640 creatura
1489 4565 1624 4648 Deum,
1651 4578 1768 4658 petere
1792 4577 1827 4636 ει
1848 4579 2029 4658 expectare
2049 4567 2164 4652 bona,
2190 4565 2259 4646 nisi
2275 4566 2344 4636 lide
2359 4565 2479 4660 aliquo
2500 4642 2507 4651 ,

450 4665 592 4737 obediat
615 4669 774 4736 creatori.
825 4663 874 4738 Et
893 4668 1048 4738 ostendit
1070 4667 1147 4749 lex,
1172 4692 1261 4762 quae
1281 4693 1388 4762 opera
1403 4684 1438 4741 et
1490 4671 1597 4739 modo
1622 4668 1841 4762 acquiescere
1863 4669 2054 4761 inceperit,
2081 4680 2115 4738 et
2136 4689 2172 4738 se
2193 4668 2295 4762 qua'si
2311 4668 2394 4738 duci
2410 4680 2481 4740 sta·

451 4768 515 4860 qui
534 4769 650 4840 cultus
664 4765 741 4838 Deo
757 4769 928 4860 placeant.
981 4765 1135 4861 Oportet
1150 4783 1266 4841 autem
1283 4785 1318 4843 ει
1331 4797 1437 4863 opera
1490 4785 1568 4857 tuat
1595 4796 1615 4841 a
1643 4770 1838 4842 mediatore
1860 4770 1934 4840 lilio
1958 4768 2044 4857 Dei,
2078 4770 2169 4843 sicut
2188 4769 2306 4864 inquit
2329 4766 2480 4859 Paulus:

349 4897 353 4905 ·
451 4882 653 4942 sanctorum
683 4869 757 4959 regi
779 4895 940 4961 expresso
963 4874 1073 4942 verbo
1096 4868 1184 4959 Dei,
1215 4874 1311 4947 iuxta
1331 4875 1437 4945 illud:
1490 4873 1560 4945 Per
1573 4867 1674 4973 bunc
1697 4867 1869 4945 habemns
1890 4896 2066 4944 accessum
2088 4873 2157 4943 lide
2174 4884 2238 4943 etc.

451 4967 613 5040 Imma
629 4972 780 5062 pedibus
794 4975 880 5044 ¹¹¹²ss
897 4977 1043 5047 verbum
1059 4989 1172 5050 tuum·
1594 4990 1657 5067 48.
1696 4988 1745 5062 Ει
1760 5006 1878 5063 tamen
1894 4995 2076 5063 decretum
2091 4989 2229 5085 Synodi
2245 4988 2483 5063 Tridentinae

556 5085 617 5162 42.
648 5087 721 5158 Nec
743 5090 823 5161 licet
843 5093 910 5164 ulli
926 5107 1104 5166 creaturae
1121 5094 1307 5167 instituere
1324 5096 1439 5167 cultus
1492 5097 1592 5168 iubet
1605 5117 1748 5164 manere
1761 5094 1800 5161 in
1814 5093 2048 5167 dubitatione.
2090 5087 2139 5165 Et
2153 5105 2271 5184 postea
2286 5092 2325 5161 in
2334 5091 2482 5188 Synodo

451 5187 542 5274 Dei,
569 5191 659 5277 sicut
681 5191 938 5282 scriptumest:
962 5194 1108 5268 Frustra
1124 5198 1247 5268 colunt
1263 5221 1320 5268 me
1337 5221 1439 5267 man·
1491 5195 1713 5268 Bononiensi
1740 5195 1882 5264 decreta
1903 5194 1998 5264 facta·
2019 5205 2122 5279 sunt,
2155 5218 2307 5288 quorum
2331 5195 2494 5283 maniis·¹

454 5293 546 5362 datis
568 5288 768 5365 homiuum.
818 5290 868 5366 Et
886 5290 926 5364 bi
947 5298 1082 5385 cultus,
1106 5324 1196 5395 quos
1212 5281 1440 5371 Deus⁸tradi-
1492 5300 1582 5371 stior
1605 5311 1655 5368 est
1680 5297 1863 5388 impietas,
1893 5320 1984 5390 quae
2006 5296 2195 5368 adfirmant
2219 5295 2485 5381 satisfactiones,

455 5393 538 5478 dit..
552 5395 629 5466 sine
653 5396 883 5486 corruptelis,
907 5396 1113 5487 vigilanter,
1137 5416 1172 5475 et
1189 5403 1245 5495 pie
1262 5402 1441 5475 retinendi
1492 5416 1534 5472 ut
1547 5401 1617 5493 ipsi
1632 5411 1777 5484 vocant,
1800 5395 1999 5470 Canonicas
2015 5399 2228 5470 necessarias
2243 5423 2328 5472 csse.
2380 5398 2482 5480 item,

455 5510 555 5580 sunt,
587 5520 727 5587 semper
750 5497 788 5566 in
810 5499 966 5579 mundo,
998 5505 1164 5596 exemplis
1188 5520 1328 5598 patrum
1349 5504 1441 5575 male
1494 5506 1534 5573 in
1564 5499 1889 5592 circumgestatione
1912 5501 2013 5593 panis
2039 5502 2236 5573 faciendam
2262 5525 2335 5571 esse
2356 5502 2482 5570 adora-
2608 5495 2611 5499 ’

456 5597 663 5683 intellectis,
688 5599 787 5690 impii
805 5600 907 5669 abusi
922 5614 1024 5683 sunt,
1050 5616 1085 5672 et
1098 5607 1267 5696 paulatim
1283 5598 1441 5700 καεὶοζη-
1488 5608 1628 5683 ‚tionem
1644 5620 1708 5677 etc.

455 5693 518 5770 λία
538 5701 678 5773 addidit
693 5703 795 5792 plura
810 5702 926 5788 idola,
951 5715 992 5772 ut
1006 5726 1085 5772 cum
1102 5707 1206 5797 primi
1222 5724 1337 5800 patres
1350 5724 1442 5781 recte
1595 5704 1657 5783 49.
1696 5703 1746 5778 Et
1768 5706 1859 5779 sicut
1880 5707 1975 5798 apud
2000 5701 2176 5777 Ethnicos
2201 5704 2310 5772 multa
2334 5700 2483 5774 numina

457 5799 729 5891 sacrificassent,
764 5818 883 5897 postea
911 5798 1083 5878 Chaldaei
1110 5808 1237 5898 etalii
1265 5811 1449 5885 finxerunt
1494 5811 1688 5905 excogitata
1708 5823 1812 5895 sont,
1836 5808 1884 5880 ita
1903 5807 2057 5979 pcpvssit
2072 5807 2112 5875 in
2129 5802 2321 5877 Ecclesiam
2339 5804 2484 5878 invoca-

676 5945 682 5955 ·
1881 5913 1905 5984 8
