6025 6775
441 671 514 748 145
693 639 704 647 “
816 652 978 731 nucu
1013 651 1091 727 nu
1129 652 1487 729 ulscntturun
1528 648 1735 726 aucun
1775 651 1964 731 nourr.
1994 678 2077 731 mc.
2382 671 2454 744 140

542 833 593 909 At
615 835 862 924 scriptumest
884 812 1112 895 deZizaniis:
1138 823 1253 897 Sinite
1275 840 1424 918 utraque
1473 838 1530 897 tus
1560 824 1716 896 officium
1748 848 1850 896 suum
1881 829 2079 919 negligunt:
2129 857 2169 903 ac
2200 848 2284 908 tunc
2308 841 2452 933 quidem

438 962 608 1014 crescere.
662 931 796 1025 Siquis
813 923 878 997 hoc
893 927 1029 997 dictum
1044 950 1084 996 eo
1101 928 1304 1019 detorquet,
1327 940 1369 997 ut
1390 941 1425 999 et
1472 927 1580 996 simul
1596 937 1631 994 et
1652 927 1875 1015 magistratus
1892 943 1926 1000 ct
1940 929 2087 1023 imperia
2103 936 2215 1018 delet,
2240 938 2303 1032 qui
2321 943 2397 1011 vult
2414 944 2454 1011 in

438 1047 606 1114 doctores
622 1048 657 1106 et
678 1032 896 1121 magistratus
910 1029 1105 1099 concedant
1127 1027 1294 1098 omnibus
1313 1027 1425 1097 licen·
1472 1028 1596 1119 poenis
1633 1027 1828 1098 manifestis
1866 1032 2022 1122 conspici
2063 1037 2263 1110 testimonia
2296 1040 2454 1114 iusticias

440 1145 531 1214 tiam
550 1133 701 1227 fingendi
726 1147 758 1203 et
777 1127 971 1221 spargendi
986 1151 1212 1222 quascunque
1226 1129 1425 1219 opiniones,
1473 1151 1568 1199 suae.
1999 1181 2001 1187 s

440 1240 554 1311 liuius
578 1232 727 1306 amentia
761 1229 944 1324 perspicue
974 1229 1149 1300 refutatur
1175 1229 1298 1302 multis
1321 1253 1425 1322 prae-
1564 1226 1668 1299 -Haec
1696 1229 1852 1299 breviter
1883 1232 1927 1299 dc
1961 1234 2102 1305 iudiciis
2128 1234 2306 1311 Ecclesiae
2338 1256 2373 1314 et
2408 1245 2453 1315 de

446 1341 567 1431 ceptis:
616 1334 657 1405 si
685 1329 767 1425 quis
796 1331 896 1401 aliud
916 1326 1153 1420 Evangelium
1186 1330 1307 1416 docet,
1339 1353 1425 1401 ana·
1471 1330 1663 1421 puniendis
1695 1330 1815 1423 impiis
1852 1331 2068 1419 dogmatistis
2104 1339 2194 1409 dixi:
2233 1365 2322 1434 quae
2352 1368 2453 1435 saepe

447 1437 560 1513 thema
581 1435 636 1509 sit.
697 1432 804 1502 ltem:
836 1428 1005 1503 Refutato
1031 1452 1110 1515 eos,
1143 1424 1357 1523 ἀποτόμως,
1381 1446 1424 1504 ut
1472 1434 1625 1502 multum
1640 1432 1793 1521 cogitare
1808 1431 1896 1500 utile
1912 1445 1981 1517 est,
2005 1448 2046 1505 ut
2067 1439 2111 1506 ad
2131 1441 2218 1511 duas
2233 1465 2289 1511 res
2303 1447 2453 1515 maxime

443 1542 579 1611 discant
600 1537 640 1605 in
660 1534 736 1615 fide,
754 1532 831 1602 sani
853 1554 936 1601 esse.
999 1526 1049 1601 Et
1070 1534 1114 1601 ad
1136 1528 1343 1602 Corinthios
1364 1556 1424 1601 ex-
1472 1534 1797 1618 nosexusciternus,
1822 1534 1866 1600 ad
1878 1533 2038 1610 discendi
2049 1559 2166 1606 curam
2178 1544 2264 1611 etad
2281 1547 2453 1632 precatio-

439 1662 558 1734 pressc
574 1635 791 1729 praecipitur
810 1635 854 1703 de
870 1631 1242 1706 excommunicatione.
1277 1627 1425 1703 Faciant
1472 1656 1565 1702 nem.
1604 1630 1761 1725 Utraque
1776 1657 1831 1703 res
1844 1634 2037 1705 necessaria
2053 1649 2116 1707 est.
2153 1637 2263 1712 Recte
2278 1644 2453 1715 discamus

439 1742 549 1831 igitur
578 1740 740 1808 doctores
768 1756 807 1803 ea
836 1756 926 1826 quae
954 1747 1038 1805 sunt
1057 1733 1113 1803 sui
1136 1733 1261 1819 officii,
1295 1733 1424 1828 quibus
1472 1734 1670 1804 doctrinam
1683 1734 1859 1818 divinam,
1884 1747 1925 1803 ut
1939 1733 2071 1806 Paulus
2085 1737 2220 1829 inquit:
2246 1740 2390 1816 Habitct
2414 1747 2453 1813 in

442 1839 579 1912 etiamsi
592 1861 697 1930 opem
719 1836 833 1906 ferent
852 1834 1073 1923 magistntus
1094 1857 1159 1905 suo
1181 1835 1281 1921 loco,
1305 1849 1423 1905 tamen
1472 1834 1574 1903 vobis
1596 1858 1711 1904 sermo
1735 1830 1869 1904 Christi
1894 1836 2060 1925 opulente
2085 1836 2124 1906 in
2147 1841 2247 1908 omni
2272 1845 2454 1934 sapientia.

443 1943 512 2013 late
526 1951 698 2030 vagantur
714 1957 859 2006 errores.
905 1929 957 2030 'Et
976 1949 1093 2006 tamen
1118 1936 1289 2006 rarissimi
1310 1934 1424 2026 magi·
1471 1931 1520 2006 Et
1537 1934 1768 2021 adiungamus
1781 1956 1883 2003 veros
1895 1937 2045 2023 gemitus
2060 1952 2095 2010 et
2111 1952 2207 2025 vota,
2230 1965 2270 2011 ac
2285 1958 2454 2034 petamus,

443 2055 571 2114 stratus
586 2052 681 2123 sunt,
706 2037 769 2130 qui
784 2035 1078 2107 afficianturcura
1094 2037 1263 2123 veritatis,
1289 2036 1423 2127 gloriae
1473 2050 1514 2107 ut
1529 2036 1623 2104 filius
1637 2032 1705 2102 Dei
1719 2034 1823 2105 saciat
1841 2057 1907 2104 nos
1921 2059 2000 2105 vasa
2023 2039 2294 2116 misericordiae.
2346 2044 2454 2134 Quod

441 2142 529 2227 Dei,
556 2154 591 2211 et
606 2162 689 2210 suae
703 2136 839 2207 salutis.
881 2132 1175 2208 'Consolationem
1187 2137 1297 2228 igitur
1313 2136 1423 2222 tradit
1471 2150 1514 2208 ut
1530 2136 1721 2206 clementer
1732 2134 1857 2220 faciat,
1882 2148 1957 2206 toto
1973 2161 2053 2207 eum
2067 2153 2208 2230 pectore
2226 2167 2301 2219 oro.
2334 2143 2430 2222 Dixi.

444 2243 540 2312 lilius
560 2237 649 2324 Dei,
681 2262 762 2309 cum
782 2238 849 2308 ait:
881 2234 997 2308 Sinite
1018 2253 1166 2332 utraque
1188 2260 1361 2321 crescere,
1385 2237 1422 2305 id
1932 2211 1952 2250 ⁰

443 2357 516 2424 est,
541 2339 781 2412 nondeserite
796 2334 1009 2423 Ecclesiam,
1035 2363 1110 2408 non
1133 2338 1275 2408 abiicite
1294 2359 1424 2407 munus
1487 2358 1932 2376 ··‘··*-·----

444 2456 538 2524 recte
561 2441 731 2525 docendi,
763 2437 898 2510 etiamsi
924 2440 1088 2509 diabolus
1110 2436 1242 2506 semina
1264 2461 1423 2508 errorum
2172 2478 2175 2485 ·

444 2556 596 2637 sparget,
620 2564 791 2635 quaenon
800 2552 970 2632 poterunt
984 2534 1138 2606 humana
1148 2536 1329 2627 diligentia
1345 2537 1430 2631 tolli⁸
1470 2520 1538 2595 No.
1564 2519 1648 2597 150·
2267 2559 2316 2600 sn.
2339 2539 2434 2609 1556.

445 2645 579 2715 omnia.
640 2638 721 2713 Erit
742 2642 863 2733 aliqua
887 2662 970 2706 vera
993 2635 1149 2708 Ecclesia
1171 2634 1257 2725 Dei,
1288 2638 1425 2709 etiamsi
1478 2615 1649 2647 Ἃ
2252 2627 2455 2670 Μ

445 2768 593 2834 magnae
607 2745 831 2815 confusiones
848 2739 1148 2830 semperfuerunt,
1173 2753 1256 2810 sunt
1270 2753 1304 2810 et
1320 2750 1425 2808 erunt
1505 2724 1582 2810 De
1610 2727 1871 2814 discrimine
1898 2731 2050 2846 legum
2073 2732 2306 2842 politicam
2334 2745 2417 2821 etc.

446 2846 582 2934 generis
596 2840 756 2915 humani.
796 2832 972 2912 lnterhos
987 2840 1424 2933 fluctustamencymbam
1545 2897 1575 2949 h
1600 2857 1866 2959 “hasnam
1892 2903 1925 2957 T.
1946 2906 1984 2959 W
2015 2924 2032 2975 P
2063 2906 2097 2959 15
2111 2925 2161 2978 sqq
2217 2910 2323 2964 Serme
2357 2911 2382 2963 T
2411 2913 2449 2964 Ν

446 2967 544 3017 suam
561 2945 655 3014 fitius
670 2940 738 3011 Dei
754 2940 918 3012 ⁸0rv³bil·
1576 2984 1605 3036 p.
1629 2967 1685 3032 rc,
1705 2966 1832 3022 arcusa.
1852 2971 1885 3027 r.
1901 2970 1949 3024 nr.
1968 2990 1996 3040 p.
2013 2975 2072 3027 no.
2096 3000 2130 3015 -
2170 2946 2322 3045 semesum
2340 2978 2457 3047 prodiit:

547 3043 624 3114 Hac
648 3042 887 3116 consolatione
915 3055 1007 3114 terge
1033 3066 1130 3112 nunc
1159 3061 1300 3134 quoque
1321 3036 1427 3109 nobig
1579 3031 1703 3105 „Oratio
1727 3034 1941 3116 deudiscrimipe
1963 3039 2054 3107 legum
2069 3039 2255 3120 ‘politicarum
2278 3054 2305 3095 et
2329 3045 2457 3125 traditio-

1578 3118 1661 3167 num,
1680 3119 1748 3171 quae
1765 3116 1794 3153 tn
1812 3099 1932 3154 Ecclesia
1950 3105 1985 3154 eb
2003 3106 2157 3158 bominibus
2174 3108 2340 3162 conduntur.
2375 3112 2457 3167 Recr-

446 3167 538 3235 0pus
559 3156 620 3211 est.
683 3141 775 3214 Nam
797 3144 851 3233 pii
870 3145 1047 3213 intuentes
1076 3157 1209 3214 tantam
1235 3141 1426 3229 impiorum
1556 3179 1634 3223 aa.
1659 3169 1805 3223 anenno
1829 3167 2056 3291 cottegplvptttos.
2074 3172 2118 3221 Μ.
2136 3172 2327 3244 sanatorum
2353 3175 2458 3232 tanna

447 3241 738 3324 multitudinem,
764 3253 799 3310 et
818 3241 911 3308 inter
925 3236 1010 3319 hos,
1030 3241 1093 3331 qui
1105 3263 1238 3309 nomen
1251 3235 1428 3307 Ecclesiae
1481 3263 1483 3268 ·
1579 3239 1692 3317 cygneo
1709 3264 1737 3274 ·
1757 3254 1801 3286 ²¹¹·
1816 3235 1892 3289 ¹⁵⁵⁶·
1965 3236 2028 3292 inb.
2042 3257 2072 3292 2¹
2085 3236 2195 3296 officins
2207 3239 2353 3295 haeredum
2367 3242 2460 3298 Geor.

448 3334 602 3420 habent,
638 3349 709 3408 tam
733 3337 846 3419 varias
874 3338 1163 3423 dilacerationes,
1192 3358 1321 3426 magno
1349 3358 1429 3405 cum
1582 3302 1621 3373 ⁸¹⁵
1639 3303 1734 3356 “lm
1752 3302 1851 3356 ¹⁵⁵⁶·'
1872 3302 1900 3359 ⁶·

447 3437 573 3509 delore
588 3451 780 3530 quaerunt,
804 3437 867 3509 uhi
883 3437 929 3506 sit
941 3432 1099 3507 Ecclesia
1107 3435 1195 3520 Dei,
1216 3460 1322 3531 quam
1330 3435 1430 3506 Psal·
1482 3465 1611 3534 own-0
1630 3460 1676 3530 αθ
1691 3460 1903 3532 discrimine
1920 3463 2039 3558 lew,
2053 3467 2296 3557 politicarum
2316 3455 2356 3541 ei
2376 3481 2460 3545 am.

445 3561 528 3608 mus
548 3538 667 3632 inquit
688 3536 978 3608 formosissimam
1005 3559 1096 3617 esse,
1129 3560 1209 3606 cum
1237 3538 1303 3605 ait:
1334 3532 1430 3605 Con·
1605 3561 1789 3632 dmm„
1809 3559 2063 3636 humanarum
2086 3571 2128 3639 ..n
2151 3570 2334 3647 Eodem·

448 3639 603 3731 cupiscet
624 3662 685 3708 rer
705 3633 1010 3727 pulchritudinem
1033 3649 1148 3717 tuam,
1174 3634 1258 3724 quia
1282 3633 1355 3722 ipse
1377 3646 1431 3702 est

449 3736 626 3811 Dominus
636 3720 739 3808 'Deus
756 3749 858 3819 tuus,
883 3746 918 3802 et
935 3731 1099 3802 adorabis
1113 3756 1205 3810 eum.
1258 3729 1356 3819 Quid
1379 3745 1429 3801 est
1479 3702 1672 3819 Principio
1698 3728 1827 3819 gratias
1847 3752 1912 3821 ago
1934 3728 2010 3802 Deo
2030 3734 2283 3826 omnipotenti,
2319 3754 2462 3814 aeterno

451 3854 566 3911 autem
600 3836 794 3909 deformius
831 3831 1082 3915 dilaceratione
1113 3828 1290 3901 Ecclesiae
1325 3829 1430 3901 huius
1482 3830 1573 3916 patri
1595 3827 1744 3929 Domipi
1770 3833 1883 3900 nostri
1907 3829 1986 3903 Iesu
2000 3828 2154 3919 Christi,
2196 3838 2257 3928 qui
2283 3863 2353 3910 una
2382 3867 2463 3914 cum

452 3939 645 4033 temporis?
701 3935 771 4008 Sed
802 3935 996 4005 referamus
1026 3946 1160 4000 mentes
1183 3944 1287 4022 atquc
1310 3931 1431 4001 oculos
1482 3930 1555 3998 filio
1580 3953 1645 3998 suo
1668 3944 1871 4017 coaeterno,
1893 3928 2049 4003 Domino
2076 3950 2197 4008 nostro
2216 3935 2295 4010 lesu
2309 3937 2463 4024 Christo,

452 4043 497 4127 ad
512 4039 732 4136 symbolum,
757 4037 796 4106 in
812 4060 883 4128 quo
901 4033 1070 4103 dicimuss
1094 4028 1209 4101 Credo
1228 4028 1432 4100 esseEccle-
1483 4043 1518 4100 et
1530 4029 1667 4119 Spiritu
1680 4055 1744 4102 sno
1762 4045 1882 4102 sancto
1896 4032 2058 4107 condidit
2075 4060 2197 4108 omnes
2211 4055 2406 4126 creaturas,
2430 4058 2465 4114 et

453 4143 542 4215 siam
562 4136 789 4223 catholicam,
818 4151 851 4207 ct
875 4133 1033 4205 addicta
1056 4131 1190 4204 divina.
1241 4127 1322 4201 Erit
1343 4131 1433 4199 sicut
1482 4127 1676 4199 Ecclesiam
1698 4131 1737 4197 in
1760 4153 1887 4219 genere
1909 4126 2066 4203 humano
2091 4139 2241 4228 colligit,
2271 4147 2367 4235 quod
2398 4166 2465 4213 nos

454 4244 493 4313 in
507 4242 632 4313 diebus
654 4234 778 4308 Nohac
801 4250 865 4307 etc.
923 4230 1074 4303 Etcum
1097 4247 1230 4301 certum
1252 4231 1317 4314 sit,
1342 4226 1434 4299 hanc
1484 4252 1625 4320 quoque
1642 4232 1685 4296 ad
1702 4227 1880 4299 Ecclesiae
1895 4232 2095 4303 societatem
2118 4243 2273 4326 vocavit,
2296 4255 2332 4311 et
2346 4238 2466 4313 bacte-

455 4367 528 4415 esse
551 4366 670 4413 veram
686 4336 755 4408 Dei
770 4335 983 4419 Ecclesiam,
1007 4334 1047 4402 in
1071 4356 1140 4426 qua
1163 4355 1230 4401 vox
1248 4327 1434 4420 Evangelii
1484 4351 1553 4397 nus
1582 4328 1772 4398 clementer
1801 4345 1939 4402 coetum
1965 4333 2165 4406 docentium
2195 4351 2229 4409 et
2256 4341 2466 4413 discentium

379 4479 382 4485 ·
457 4456 558 4517 sonat
574 4445 796 4532 incorrupta,
827 4432 912 4507 huic
935 4458 1000 4504 nos
1021 4435 1273 4523 adiungamus,
1301 4447 1335 4504 et
1359 4455 1436 4501 ma·
1486 4430 1579 4519 apud
1596 4453 1661 4497 nos
1682 4429 1854 4512 servavit,
1886 4444 1920 4500 et
1949 4444 2024 4503 toto
2048 4459 2127 4505 eum
2149 4453 2289 4528 pectore
2311 4465 2393 4523 oro,
2426 4457 2467 4514 ut

456 4568 603 4618 neamus
624 4544 662 4612 in
686 4565 726 4611 ea
747 4549 946 4610 constantes
969 4548 1004 4605 et
1025 4534 1119 4602 firmi
1148 4534 1259 4619 cives,
1292 4546 1326 4604 et
1349 4557 1436 4602 con·
1486 4530 1650 4618 deinceps
1663 4554 1804 4624 quoque
1820 4553 1885 4600 nos
1901 4533 2024 4604 doceat
2039 4550 2072 4606 et
2084 4536 2271 4626 gubernet,
2294 4564 2359 4611 nec
2374 4543 2467 4614 sinat

456 4647 675 4719 iunctionem
693 4658 865 4715 tueamur.
1487 4630 1644 4720 extingui
1661 4631 1774 4700 lucem
1790 4632 1981 4708 doctrinae.
2032 4634 2122 4707 Cum
2138 4651 2253 4709 autem
2272 4637 2418 4714 honeste
2433 4658 2468 4714 et

558 4745 655 4816 Haec
678 4753 799 4812 monet
822 4741 883 4809 illa
900 4732 1034 4808 Christi
1055 4734 1179 4807 concio
1206 4735 1250 4804 de
1272 4734 1438 4820 zizaniis,
1488 4731 1624 4819 utiliter
1638 4730 1837 4804 institutum
1862 4733 1925 4819 sit,
1954 4748 1994 4806 ut
2019 4738 2064 4806 de
2085 4739 2204 4833 aliqua
2225 4743 2468 4816 doctrinarum

462 4871 550 4938 qnae
567 4841 731 4939 prohibet
745 4844 907 4914 doctores
922 4840 1038 4909 aliena
1054 4861 1074 4907 a
1091 4861 1155 4906 suo
1175 4836 1290 4906 officio
1313 4836 1441 4918 facere,
1488 4847 1586 4927 parte
1619 4832 1774 4916 dicatur,
1816 4857 1898 4904 nam
1930 4835 1971 4904 in
2000 4841 2243 4928 congressibus
2271 4840 2467 4916 Doctorum

464 4957 561 5014 vetat
586 4947 690 5017 etiam
719 4943 833 5014 deseri
854 4936 1048 5012 Ecclesiam
1073 4947 1216 5030 propter
1237 4937 1299 5006 illa
1325 4937 1439 5006 tristia
1489 4935 1639 5004 maxime
1656 4934 1754 5003 decet
1768 4934 1922 5022 primurn
1937 4958 2062 5008 sonare
2086 4940 2208 5012 laudes
2221 4940 2309 5030 Dei,
2340 4947 2470 5017 deinde

462 5045 657 5137 spectacula
684 5044 958 5127 dissensionum,
995 5039 1160 5109 odiorum
1189 5053 1224 5108 et
1247 5036 1440 5107 calumnia·
1491 5049 1526 5106 et
1551 5033 1906 5102 commonefactiones
1927 5037 2033 5107 utiles
2055 5043 2101 5110 ad
2120 5043 2305 5112 formanda
2327 5045 2470 5132 iudicia,

461 5169 555 5218 rum.
613 5141 747 5213 lnterea
768 5145 872 5214 faciat
893 5143 974 5234 pius
995 5138 1202 5227 eth-vigilans
1221 5136 1443 5226 magistratus
1491 5150 1526 5206 et
1541 5135 1584 5203 ad
1601 5135 1772 5220 regendos
1786 5157 1919 5219 mores3
1946 5159 2009 5226 ego
2024 5163 2165 5231 quoque
2186 5166 2293 5232 pauca
2310 5146 2471 5218 dicturus

354 5236 356 5241 ¹
463 5272 503 5318 ea
520 5268 610 5339 quae
626 5256 710 5314 sunt
724 5243 775 5311 sui
790 5243 913 5329 oflicii,
940 5243 1021 5336 quia
1038 5239 1193 5332 profecto
1211 5237 1253 5305 in
1264 5259 1391 5324 magno
1409 5249 1444 5306 et
1492 5258 1581 5307 sum.
1633 5231 1731 5321 Quid
1744 5234 1818 5302 lieri
1832 5235 1959 5305 melius
1973 5238 2011 5304 in
2028 5232 2184 5311 humano
2205 5265 2331 5333 genere
2346 5260 2471 5342 potest,

462 5346 631 5420 horribili
648 5366 768 5413 errore
778 5357 883 5427 sunt,
905 5345 967 5436 qui
984 5355 1160 5412 aeternam
1176 5339 1288 5427 legem
1303 5335 1371 5409 Dei
1396 5337 1445 5406 sic
1493 5357 1576 5405 vera
1599 5330 1668 5403 Dei
1691 5333 1943 5417 celebratione,
1982 5351 2016 5407 et
2045 5341 2287 5414 doctrinarum
2313 5349 2470 5417 illustra-

430 5441 451 5459 *
464 5460 591 5541 putant
612 5445 802 5518 extinctam
823 5464 912 5524 csse,
941 5455 982 5513 ut
1001 5443 1057 5511 lex
1080 5439 1251 5530 Spartana
1272 5439 1316 5508 de
1336 5461 1445 5506 numo
1495 5437 1608 5520 tione,
1631 5447 1664 5503 et
1684 5435 1854 5504 virtutum
1869 5437 2065 5508 exercitiis?
2089 5441 2271 5535 inquibus
2287 5445 2381 5516 Deus
2397 5469 2470 5515 sese

464 5551 579 5619 ferreo
591 5561 731 5619 mortua
748 5553 812 5615 cst.
861 5539 949 5611 Vult
957 5540 1052 5612 Deus
1065 5535 1300 5630 blasphemias
1318 5550 1351 5608 et
1365 5556 1454 5628 per-s
1496 5535 1601 5605 nobis
1615 5536 1868 5622 communicet,
1892 5554 1927 5608 et
1943 5538 2038 5610 filius
2052 5539 2119 5612 Ilei
2141 5538 2249 5642 λόγος
2269 5569 2349 5614 vere
2373 5548 2471 5615 adest

467 5651 560 5720 iuria
590 5644 806 5731 severissime
834 5639 976 5732 puniri,
1008 5655 1043 5712 et
1064 5642 1167 5732 punit
1188 5641 1264 5731 ipse
1280 5639 1448 5710 alastoras
1497 5635 1696 5722 mentibus,
1740 5649 1774 5706 et
1804 5636 1843 5706 in
1875 5638 1925 5708 eis
1955 5640 2070 5712 lucem
2102 5655 2137 5712 ct
2166 5645 2275 5714 vitam
2301 5645 2472 5722 accendit.

469 5750 550 5821 illas
565 5748 756 5842 impiorum
771 5745 975 5832 dogmatum
991 5754 1149 5829 autores,
1171 5765 1251 5812 cum
1265 5740 1449 5833 magistra-
1499 5733 1664 5831 Optarim
1690 5751 1806 5809 autem
1832 5762 1891 5808 me
1916 5763 2017 5834 posse
2039 5743 2235 5813 orationem
2256 5740 2392 5813 adferre
2416 5746 2474 5816 di-

522 5846 716 5922 Mensura.
730 5848 836 5918 Orsa.
861 5845 947 5915 Vos.
969 5834 1049 5915 xit
1115 5862 1121 5869 “
1803 5837 1852 5909 10
1937 5918 1939 5921 v
