6025 6775
990 700 1140 778 92⁵

990 896 1267 943 novem.
1368 868 1711 959 Princeps
1738 864 2437 941 iustusetbeneficus
2471 862 2642 948 fuit,
2695 863 2956 936 iniuste

990 977 1361 1045 damnatos
1428 971 1561 1046 sub
1617 966 2030 1042 Domitiano
2095 966 2426 1038 restituit.
2571 959 2955 1036 Prohibuit

988 1074 1363 1144 saeviciam
1391 1096 1569 1164 quae
1600 1071 1676 1139 in
1708 1065 2148 1141 Christianos
2183 1067 2671 1150 exercebatur,
2713 1078 2777 1136 et
2818 1063 2956 1159 Sy-

990 1170 1375 1265 cophantas
1412 1172 1748 1265 quosdam
1798 1168 2027 1239 occidi
2072 1166 2314 1248 iussit,
2365 1167 2552 1236 inter
2597 1189 2775 1258 quos
2817 1166 2953 1236 fuit

991 1288 1060 1343 et
1115 1273 1299 1345 Sura
1350 1263 1846 1361 Philosophus.
1975 1270 2181 1337 Iussu
2251 1267 2403 1336 eius
2469 1266 2722 1336 delecti
2786 1280 2953 1339 sunt

993 1372 1408 1458 Senatores,
1484 1370 1608 1463 qui
1675 1391 1880 1458 agros
1933 1380 2254 1439 emerent
2296 1370 2456 1437 data
2512 1368 2810 1459 pecunia
2863 1391 2951 1437 ex

990 1474 1315 1566 publico,
1384 1486 1453 1544 et
1498 1470 1903 1542 dividerent
1948 1467 2187 1556 egenis
2232 1467 2535 1541 civibus.
2645 1465 2952 1539 Sustulit

988 1587 1394 1665 sumptuosa
1436 1569 1851 1663 spectacula.
1976 1566 2306 1639 Marcum
2352 1566 2646 1659 Ulpium
2693 1566 2952 1638 Traia-

986 1675 1450 1746 num'natum
1497 1674 1575 1741 in
1623 1668 2006 1761 Hispania,
2089 1682 2377 1760 propter
2420 1670 2755 1740 virmtem
2820 1669 2950 1738 ad-
3008 1751 3009 1754 Ἴ

986 1775 1295 1866 optavit,
1392 1786 1463 1844 et
1511 1791 1981 1842 successorem
2031 1769 2204 1841 fecit
2242 1782 2608 1862 praesente
2659 1766 2951 1853 Senatu,

987 1875 1192 1967 eique
1246 1873 1552 1964 insignia
1609 1868 1892 1962 imperii
1948 1869 2142 1942 misit
2202 1872 2283 1939 in
2323 1866 2785 1940 Germaniam
2854 1870 2945 1940 ad

983 1976 1234 2046 urbem
1250 1973 1622 2046 Coloniam
1653 1968 2146 2063 Agrippinam.
2245 1968 2499 2042 Postea
2528 1970 2725 2041 febre
2753 1993 2951 2039 mor-

988 2087 1151 2145 tuus
1192 2088 1318 2148 est.

1191 2206 1531 2280 Scribunt
1557 2204 1814 2277 Suidas
1837 2216 1905 2274 et
1935 2198 2419 2295 Nicephorus,
2462 2200 2740 2274 Nervae
2768 2219 2948 2278 tem-

987 2331 1160 2399 pore
1205 2303 1597 2377 Iohannem
1642 2304 2066 2396 Apostolum
2109 2327 2190 2372 ex
2234 2298 2535 2374 Pathmo
2583 2300 2946 2396 Ephesum

985 2406 1315 2489 rediisse,
1391 2404 1522 2477 nbi
1562 2419 1720 2496 post
1763 2404 2073 2474 reditum
2121 2426 2348 2473 annos
2395 2418 2702 2498 quatuor
2750 2406 2945 2480 vixit.

987 2503 1085 2578 Et
1110 2506 1414 2577 reditum
1458 2505 1610 2576 eius
1653 2505 1936 2575 ornavit
1969 2500 2163 2575 Deus
2206 2504 2470 2575 illustri
2516 2505 2946 2591 testimonio,

987 2607 1153 2700 quia
1181 2604 1578 2677 Drusianae
1608 2627 1791 2700 quae
1818 2604 2243 2674 efferebatur
2273 2629 2432 2675 cum
2469 2602 2820 2678 Iohannes
2865 2608 2942 2676 in

984 2708 1232 2779 urbem
1263 2709 1788 2799 ingrederetur,
1834 2728 1960 2798 per
1991 2727 2153 2775 eum
2184 2704 2325 2776 vita
2361 2707 2685 2779 restituta
2714 2722 2841 2781 est.

1087 2927 1300 2996 Anno
1345 2923 1594 2995 mundi
1639 2936 1889 3016 quater
1931 2924 2310 2995 millesimo
2354 2925 2786 3017 sexagesimo
2833 2946 2944 2995 se-

1082 3128 1301 3195 Anno
1331 3026 1622 3196 1ξέιὲξὲ
1628 3074 2224 3215 ‘octingentesimo
2255 3126 2863 3221 quinquagesimo.

1084 3224 1300 3296 Anno
1333 3221 1602 3298 Christi
1632 3226 2094 3316 nonagesimo
2126 3249 2348 3298 nono.

1657 3395 2272 3466 Traianum

1185 3540 1464 3641 Ulpius
1494 3542 1847 3616 Traianus
1868 3539 2232 3634 Hispanus
2267 3563 2461 3611 anno
2489 3562 2656 3610 suae
2696 3539 2942 3611 aetatis

985 3646 1525 3741 quadragesimo·
1560 3646 1868 3716 secundo
1908 3642 2257 3734 imperare
2299 3641 2564 3731 coepit,
2643 3663 2802 3711 cum
2850 3642 2940 3711 ad

986 3769 1147 3816 eum
1179 3743 1410 3816 Nerva
1451 3747 1808 3816 decretum
1843 3746 1932 3815 de
1962 3744 2344 3836 adoptione
2388 3743 2479 3812 ad
2519 3741 2767 3811 urbem
2802 3738 2941 3814 co-

981 3845 1252 3917 loniam
1302 3845 1769 3937 Agrippinam
1810 3845 2134 3919 misisset.
2250 3842 2518 3914 Tenuit
2559 3841 2934 3933 imperium

984 3970 1208 4018 annos
1253 3944 1756 4028 novendecim,
1806 3967 2076 4015 menses
2116 3969 2271 4029 sex,
2323 3944 2473 4013 dies
2510 3943 2940 4038 quindecim,
2984 3969 2987 3978 ·

983 4049 1312 4140 princeps
1356 4047 1674 4139 sapiens,
1735 4046 1996 4127 iustus,
2063 4044 2361 4116 consilio
2410 4058 2480 4115 et
2517 4044 2940 4115 fortitudine

987 4150 1066 4217 in
1101 4150 1304 4220 bellis
1354 4147 1719 4220 excellens.
1831 4144 2104 4217 Nervae
2148 4159 2298 4217 acta
2341 4146 2782 4216 confirmavit
2824 4167 2937 4214 re-

989 4249 1218 4319 ductis
1265 4250 1586 4322 exulibus
1634 4246 1891 4317 iniuste
1935 4247 2457 4327 condemnatis,
2551 4260 2619 4315 et
2664 4243 2938 4319 Romae

986 4347 1173 4436 leges
1204 4363 1271 4418 et
1305 4351 1561 4421 iudicia
1594 4347 1937 4432 restituit,
1979 4348 2090 4418 ius
2121 4348 2526 4438 frequenter
2552 4346 2700 4435 ipse
2732 4344 2933 4417 dixit.

987 4442 1258 4538 Estque
1291 4447 1589 4520 Senatus
1617 4452 1894 4531 decreto
1941 4441 2057 4531 hjc
2100 4441 2330 4515 honos
2369 4446 2432 4514 ei
2481 4441 2806 4531 habitus,
2857 4458 2939 4516 ut

988 4541 1339 4642 Princeps
1399 4544 1707 4644 optimus
1754 4559 2310 4641 nuncuparetur.
2454 4540 2938 4618 Bibliothecas

990 4649 1366 4731 instruxit,
1442 4649 1627 4719 inter
1664 4676 1833 4743 qnas
1875 4673 2090 4722 unam
2139 4672 2178 4717 a
2224 4647 2578 4738 gentilicia
2623 4647 2937 4739 appella·

990 4742 1189 4822 tione
1227 4747 1513 4839 Ulpiatn
1552 4751 1966 4823 nominavit.
2083 4748 2534 4819 Familiarem
2580 4750 2937 4818 doctorem

992 4847 1247 4920 habuit
1286 4841 1784 4934 Plutarchum,
1847 4855 2048 4924 cuius
2104 4863 2341 4922 extant
2392 4849 2593 4920 utilia
2659 4851 2942 4939 scripta.

993 4948 1355 5021 Praefecto
1411 4947 1768 5041 praetorio
1821 4955 2103 5025 tradens
2149 4951 2460 5041 gladium
2510 4946 2717 5020 dixit:
2783 4947 2943 5020 Hoc

991 5050 1231 5140 gladio
1259 5073 1389 5142 pro
1415 5075 1528 5120 me
1554 5048 1778 5121 utaris
1807 5051 2028 5125 donee
2071 5055 2253 5124 iusta
2292 5051 2504 5122 facio:
2558 5049 2640 5122 Si
2684 5051 2946 5120 iniusta
2989 5078 2990 5082 ¹

995 5152 1263 5236 fecero,
1313 5165 1560 5223 contra
1587 5174 1702 5220 me
1729 5150 1970 5220 utaris.
2079 5153 2277 5226 Haec
2331 5154 2542 5223 verba
2570 5151 2631 5220 si
2673 5150 2946 5222 intelli-

995 5267 1255 5342 gantur
1286 5253 1373 5322 de
1406 5251 1822 5342 depulsione
1846 5252 2169 5323 ‘notoriae
2206 5267 2277 5327 et
2319 5252 2576 5326 atrocis
2621 5251 2946 5333 iniuriae,

997 5354 1182 5424 iusta
1210 5353 1438 5424 oratio
1469 5367 1571 5425 est
1601 5350 2009 5449 praesertim
2042 5352 2130 5421 ad
2161 5355 2371 5426 duces
2400 5353 2764 5427 exercitus.

2111 694 2168 773 1.
2267 690 2855 769 CHRONICON
2907 686 3402 767 CARIONIS.
3502 688 3755 764 PARS
3807 687 3954 774 11..

4862 709 5012 784 926

3058 883 3258 932 mora
3294 873 3364 932 et
3392 860 3678 953 praeliis
3710 861 3983 958 aliquot
4009 861 4234 938 victus
4254 920 4276 954 ,
4341 884 4642 944 mortem
4672 875 4810 946 sibi
4839 902 5016 950 con-

3056 962 3287 1032 scivit.

3258 1060 3557 1134 Pontem
3599 1064 3800 1149 fecit,
3878 1090 4021 1159 quo
4066 1062 4233 1139 Istri
4285 1069 4475 1161 ripas
4532 1076 4900 1151 coniunxit
4932 1082 5012 1151 in

3052 1159 3388 1252 Bulgaria
3436 1177 3693 1252 magno
3740 1180 3808 1237 et
3854 1166 4180 1238 mirando
4222 1193 4456 1262 opere.
4567 1171 4713 1245 Nec
4762 1184 5012 1268 procul

3052 1263 3222 1333 inde
3251 1262 3629 1355 Nicopolin
3661 1268 4018 1352 condidit,
4082 1272 4169 1338 ad
4208 1295 4417 1363 quam
4452 1296 4709 1362 magno
4742 1281 5009 1369 praelio

3052 1365 3278 1436 victus
3310 1379 3411 1436 est
3439 1364 3876 1455 sigismundi
3921 1369 4363 1460 imperatoris
4411 1377 4752 1449 exercitus
4796 1403 4836 1449 a
4865 1376 5008 1452 Ba·

3052 1463 3269 1535 iazete
3300 1466 3725 1559 imperatore
3754 1465 4084 1539 Turcico.

3255 1563 3342 1634 In
3379 1570 3684 1638 secundo
3718 1568 3905 1637 bello
3937 1566 4306 1640 Orientem
4336 1574 4548 1660 adiit,
4592 1577 4719 1646 ubi
4753 1574 5008 1651 Arme-

3052 1663 3246 1734 niam
3276 1671 3675 1755 occupavit:
3729 1681 3795 1738 et
3822 1692 4226 1759 progressus
4259 1672 4334 1740 in
4365 1671 4723 1768 Assyriam
4755 1683 4839 1748 ad
4867 1678 5009 1750 Ar-

3050 1766 3209 1835 bela
3246 1788 3505 1858 usque,
3555 1761 3855 1838 Parthos
3884 1770 4242 1862 repressit.
4341 1770 4448 1843 Ac
4474 1789 4555 1846 ut
4578 1777 4842 1865 gloriae
4869 1782 5010 1852 fuit

3053 1866 3368 1946 avidior,
3437 1866 3613 1938 dixit
3656 1888 3729 1937 se
3777 1866 4162 1940 Alexandri
4222 1875 4542 1965 exemplo
4598 1878 4677 1945 in
4726 1880 5006 1950 Indiam

3050 1983 3537 2057 processurum
3585 1989 3767 2053 esse,
3841 1969 3902 2038 si
3947 1982 4125 2041 esset
4164 1972 4424 2043 iunior.
4549 1972 4746 2049 Fuit.
4773 1994 5006 2051 autem

3049 2067 3283 2139 fatalis
3318 2068 3521 2139 limes
3547 2068 3826 2161 imperii
3856 2067 4509 2166 Romani-Assyria.

3094 2174 3097 2178 ’
3251 2164 3348 2239 Et
3375 2181 3456 2239 ut
3487 2170 3739 2260 ingens
3765 2170 4107 2241 foelicitas
4135 2194 4267 2241 nec
4293 2174 4630 2246 diuturna
4677 2190 4816 2263 est,
4878 2201 5007 2249 nec

3049 2269 3200 2339 sine
3235 2270 3472 2363 aliqua
3506 2270 3768 2361 insigni
3797 2272 4228 2359 calamitate,
4280 2272 4376 2341 ita
4411 2273 4802 2345 Traianum
4838 2291 5009 2349 tunc

3046 2371 3329 2442 fortuna
3360 2372 3703 2457 deseruit,
3756 2372 3923 2465 quia
3954 2387 4021 2442 et
4065 2373 4213 2461 ipse
4253 2374 4624 2444 saeviciam
4672 2378 5008 2449 adversus

3045 2466 3432 2558 Ecclesiam
3483 2486 3901 2542 exercuerat.
4034 2469 4601 2567 Numeraturque
4646 2499 4725 2545 ea
4772 2500 5009 2568 perse-

3048 2570 3301 2663 quutio
3322 2572 3565 2652 tertia,
3619 2572 3697 2641 in
3724 2596 3862 2665 qua
3881 2567 4179 2642 Simeon
4211 2572 4753 2666 filiusCleopae,
4798 2592 5005 2649 natus

3048 2695 3133 2740 ex
3162 2694 3404 2742 sorore
3420 2670 3695 2744 Mariae
3724 2672 4054 2762 virginis,
4104 2670 4499 2764 Episcopus
4535 2672 5006 2771 lerosolymae

3046 2794 3236 2841 anno
3264 2773 3507 2842 aetatis
3537 2795 3703 2842 suae
3730 2774 4109 2843 centesimo
4143 2786 4209 2844 et
4240 2773 4569 2844 vicesimo
4600 2777 5006 2847 interfectus

2988 2873 2989 2877 ’
3048 2883 3191 2954 est,
3253 2894 3413 2941 cum
3462 2872 3751 2964 quidem
3794 2869 4036 2943 Iudaei
4078 2896 4238 2943 eum
4284 2889 4753 2960 accusassent,
4810 2879 5006 2969 quod

3046 2983 3254 3040 natus
3283 2996 3364 3040 ex
3395 2973 3691 3063 posteris
3716 2967 3951 3042 David
3983 2973 4344 3043 videretur
4389 2974 4771 3069 aliquando
4816 2977 5005 3047 sedi.-

3045 3070 3314 3140 tionem
3343 3084 3668 3141 moturus
3700 3085 3869 3143 esse.

3246 3164 3378 3243 Est
3416 3184 3485 3241 et
3513 3164 3870 3264 Ignalius
3898 3166 4393 3244 Antiochenus
4424 3167 4817 3268 Episcopus
4846 3174 5003 3249 Ro-

3049 3294 3233 3340 mam
3267 3272 3553 3353 ductus,
3608 3288 3677 3345 et
3716 3273 3956 3345 bestiis
3987 3274 4339 3359 obiectus,
4389 3275 4527 3344 iam
4568 3300 4808 3347 senex:
4876 3277 5003 3371 qui

3044 3371 3415 3445 familiaris
3448 3375 3673 3447 fuerat
3704 3376 4104 3469 Apostolis,
4157 3390 4227 3447 et
4271 3375 4602 3467 epistolas
4632 3379 4719 3448 ad
4754 3373 5003 3449 Eccle-

3050 3473 3188 3542 sias
3216 3474 3493 3567 aliquot
3521 3477 3836 3568 scripsit,
3885 3476 3964 3545 in
3992 3477 4253 3571 quibus
4285 3476 4681 3548 testimonia
4712 3490 4878 3548 sunt
4911 3480 5001 3549 de

3045 3573 3192 3642 filio
3234 3570 3408 3662 Dei,
3468 3578 3661 3669 quod
3708 3579 3797 3649 sit
3839 3569 4057 3675 λόγος
4101 3570 4484 3670 οὐσιώδης.
4606 3575 4765 3649 Hoc
4808 3579 5022 3650 enim*

2995 3719 2996 3728 κ
3050 3676 3474 3746 vocabulum
3508 3690 3695 3748 extat
3725 3679 3800 3748 in
3835 3680 4136 3772 quadam
4170 3679 4321 3749 eius
4349 3679 4670 3769 epistola.

3241 3773 3702 3850 Revoearunt
3730 3791 3965 3851 autem
3996 3775 4388 3851 Traianum
4420 3802 4502 3847 ex
4518 3777 4805 3872 Assyria
4836 3803 5001 3850 cru-

3042 3876 3438 3948 delissimae
3470 3879 3850 3950 seditiones
3887 3877 4348 3964 Iudaeorum,
4399 3880 4524 3972 qui
4569 3879 4646 3947 in
4676 3880 4997 3972 Aegypto

3041 3990 3111 4049 et
3138 3974 3413 4071 Cyrene
3441 3992 3512 4048 et
3538 3977 3777 4071 Cypro
3818 3978 4331 4069 quadringenta
4362 3979 4588 4048 millia
4621 3973 4997 4063 hominum

3040 4090 3233 4148 tanta
3287 4076 3728 4146 immanitate
3784 4077 4261 4162 trucidarant,
4338 4091 4420 4149 ut
4476 4101 4719 4149 carnes
4773 4079 4999 4149 inter-

3038 4178 3384 4248 fectorum
3414 4177 3886 4260 comederint,
3928 4189 4000 4247 et
4029 4199 4279 4247 cruore
4310 4201 4554 4250 eorum
4583 4179 4791 4249 facies
4836 4200 4997 4249 suas

3039 4275 3424 4370 pinxerint.
3521 4273 3662 4348 Hic
3694 4279 3895 4350 furor
3922 4275 4345 4349 Iudaeorum
4373 4300 4459 4347 eo
4498 4280 4721 4369 magis
4765 4279 5000 4349 admi·

3042 4379 3304 4449 raudus
3338 4390 3473 4465 est,
3524 4379 3716 4473 quod
3750 4401 3993 4451 recens
4026 4375 4259 4460 adhuc
4306 4391 4454 4449 erat
4491 4379 4831 4448 memoria
4877 4402 4999 4448 ex-

3040 4480 3207 4550 cidii
3267 4477 3756 4576 lerosolymae.
3885 4477 4067 4550 Nam
4123 4503 4164 4550 a
4226 4481 4535 4550 secundo
4585 4476 4740 4550 Titi
4804 4502 4996 4548 anno

3041 4604 3265 4674 usque
3296 4583 3383 4651 ad
3420 4580 3717 4651 Traiani
3749 4577 4101 4652 decimum
4144 4593 4471 4651 octavum
4514 4592 4786 4650 tantum
4832 4592 4996 4650 sunt

3042 4682 3214 4752 anni
3245 4682 3533 4772 triginta
3565 4696 3892 4776 quatuor.
3991 4679 4135 4753 Sed
4167 4704 4325 4752 cum
4358 4680 4773 4772 impendent
4817 4680 4997 4750 fata-

3041 4784 3143 4854 les
3186 4806 3489 4874 poenae,
3568 4779 3894 4855 homines
3946 4782 4199 4854 abiecti
4242 4804 4284 4851 a
4323 4777 4477 4852 Deo
4519 4779 4997 4870 singularibus

3041 4884 3407 4955 furoribus
3431 4881 3800 4957 attrahunt
3827 4883 4069 4966 exitia,
4128 4896 4212 4955 ut
4258 4883 4647 4952 ostendunt
4690 4904 4840 4951 non
4878 4905 4998 4951 so-

3042 4988 3195 5057 lum
3229 4983 3689 5068 Iudaeorum,
3753 4988 3872 5054 sed
3916 4986 4128 5056 etiam
4173 4982 4473 5053 aliarum
4517 4981 4832 5073 gentium
4880 4976 4998 5051 hi·
5117 4991 5127 5003 ’

3045 5087 3334 5157 storiae.
3430 5083 3635 5154 Talia
3667 5085 3980 5176 exempla
4016 5086 4368 5157 intuentes
4405 5078 4997 5163 cohorrescamus,

3048 5199 3117 5257 et
3153 5199 3543 5258 metuentes
3589 5185 3763 5255 iram
3811 5180 3948 5255 Dei
3991 5183 4357 5257 doetrinae
4398 5183 4688 5254 divinae
4725 5184 4999 5254 obtem-

3049 5309 3372 5378 peremus
3397 5338 3420 5373 ,
3483 5299 3553 5357 et
3599 5285 3746 5376 regi
3787 5309 3921 5357 nos
3965 5309 4005 5356 a
4030 5286 4191 5358 Deo
4235 5284 4421 5356 veris
4456 5285 4835 5377 gemitibus
4877 5306 4997 5375 pe-

2965 5454 2973 5465 ,
3050 5402 3303 5460 tamus.

3255 5485 3408 5557 Hos
3444 5485 3764 5558 Iudaicos
3794 5487 4138 5558 tumultus
4167 5487 4539 5558 antecessit
4569 5485 4816 5575 ingens
4858 5498 5004 5555 ter-

1202 5487 1405 5560 Bella
1445 5489 1579 5559 tria
1626 5461 2285 5579 praecipua-gessit:
2346 5489 2658 5578 primum
2704 5501 2952 5558 contra

999 5584 1474 5675 Decebalum,
1524 5591 1650 5683 qui
1683 5585 1961 5659 circiter
1989 5607 2218 5656 annos
2261 5588 2557 5658 sedecim
2590 5587 2955 5661 Romanos
3054 5602 3407 5660 raemotus
3457 5591 3533 5658 in
3580 5587 3821 5684 Syria,
3889 5588 4014 5682 qui
4053 5588 4339 5660 duravit
4379 5588 4651 5680 aliquot
4694 5583 4877 5670 dies,
4940 5596 5012 5657 et

999 5687 1194 5758 bello
1253 5705 1690 5775 exercuerat,
1774 5702 1840 5759 et
1894 5708 2138 5758 recens
2189 5683 2504 5777 Iazygas,
2584 5691 2709 5781 qui
2766 5714 2959 5763 nunc
3012 5752 3013 5757 ,
3056 5690 3279 5762 multa
3311 5691 3620 5762 aedificia
3658 5689 3940 5774 evertit,
3991 5712 4294 5782 quorum
4321 5685 4549 5757 ruinis
4581 5706 4832 5774 magns
4877 5678 5016 5755 ho-

1005 5782 1488 5889 Transylvp'ni
1528 5793 2034 5872 nominantur,
2101 5797 2495 5858 vexaverat.
2635 5788 2959 5896 Tandem
3005 5790 3017 5874 l
3063 5792 3336 5864 minum
3368 5793 4113 5963 multitudofigppressa
4148 5803 4272 5860 est.
4348 5786 4595 5876 Ipsum
4613 5782 5012 5861 Traianum
