6025 6775
450 600 529 684 ωε
1088 593 1351 670 pererret
1385 588 1837 671 orneturuouts.
2412 615 2490 689 526

452 771 710 864 confundetur.
740 765 890 840 Fiducia
905 766 1165 838 misericordiae
1181 791 1302 861 pacem
1317 765 1443 849 adfert,
1494 789 1594 852 nem,
1627 780 1661 840 et
1684 768 1816 840 iustum
1841 792 1914 839 csse
1937 785 2083 863 propter
2103 772 2246 865 propria
2272 803 2394 871 opera,
2425 811 2489 860 seu

450 875 582 947 noticia
598 873 676 942 sine
694 871 823 941 fiducia
842 869 1119 953 misericordiae,
1144 893 1303 961 pavores.
1494 868 1739 960 impletionem
1761 871 1856 960 legis.
1907 868 1956 941 Et
1972 874 2103 943 deinde
2120 891 2290 968 assuunt,
2316 884 2486 957 dubitan.

552 974 589 1047 9.
624 968 672 1043 Et
687 995 767 1043 cum
793 983 911 1062 aperte
931 980 1079 1040 testetur
1092 967 1245 1057 Paulus,
1279 971 1379 1042 sede
1402 992 1441 1038 ea
1493 971 1689 1057 danesse,
1713 973 2018 1063 ansisingratia.
2068 974 2199 1050 Delent
2212 978 2323 1070 igitur
2339 1007 2381 1052 ex
2402 1009 2486 1075 pro-

449 1080 519 1148 lide
543 1075 662 1168 loqui,
701 1096 771 1166 qua
791 1070 962 1164 accipitur
983 1071 1195 1163 promissio,
1227 1095 1365 1144 necesse
1390 1085 1441 1143 εει
1491 1071 1583 1142 sesso
1600 1071 1798 1144 doctrinam
1814 1075 1952 1149 deiide.

449 1176 616 1249 fiduciam
631 1175 791 1262 intelligi.
1596 1171 1655 1249 19.
1685 1171 1734 1246 Ει
1750 1176 1923 1265 affingunt
1936 1176 2067 1250 multos
2082 1178 2171 1250 alios
2186 1204 2341 1272 errores,
2367 1181 2486 1256 homi-

557 1277 615 1347 10.
647 1272 777 1364 lmpios
792 1293 895 1343 error
911 1287 963 1344 εει
977 1275 1121 1361 docere,
1148 1278 1244 1369 qnod
1264 1277 1312 1348 sit
1332 1275 1440 1346 dubi·
1490 1297 1574 1343 nem
1588 1298 1690 1368 posse
1705 1276 1776 1367 legi
1787 1278 1998 1360 satisfacere,
2022 1294 2057 1352 et
2074 1283 2395 1375 concupiscentiam
2411 1312 2484 1360 non

453 1382 616 1457 tandum,
650 1396 703 1445 an
726 1374 836 1445 simus
857 1374 896 1444 iu
915 1376 1047 1463 gratia,
1088 1390 1123 1448 et
1152 1373 1237 1450 haec
1262 1379 1438 1452 dubitatio
1491 1399 1564 1447 esse
1580 1377 1715 1449 malum
1731 1400 1893 1471 pugnans
1907 1404 1987 1449 cnm
2003 1381 2078 1471 lege
2094 1382 2171 1455 Dei.

451 1479 593 1574 proprie
609 1488 790 1567 peccatum
807 1487 878 1558 est,
898 1478 995 1570 quod
1010 1501 1075 1569 per
1088 1479 1198 1569 legem
1224 1480 1439 1563 accenditur,
1592 1481 1654 1551 20.
1686 1476 1765 1551 Etsi
1787 1502 1926 1572 semper
1949 1494 2000 1551 εει
2021 1480 2179 1571 Ecclesia
2194 1483 2263 1557 Dei
2285 1501 2378 1560 recte
2400 1514 2482 1561 scn-

451 1597 489 1652 ut
505 1579 631 1652 Roma.
647 1574 684 1652 7.
699 1576 850 1664 dicitur,
875 1591 910 1652 et
931 1578 1079 1672 impedit
1104 1603 1145 1651 ac
1166 1582 1361 1673 corrumpit
1380 1580 1439 1650 in·
1490 1576 1599 1661 tiens,
1626 1592 1745 1651 tamen
1759 1575 1818 1652 hic
1833 1597 1953 1655 coetus
1968 1584 2054 1653 alias
2069 1585 2182 1655 maior
2208 1602 2277 1672 εει,
2302 1589 2388 1660 alias
2412 1591 2482 1658 mi·

448 1679 679 1754 vocationem.
1489 1702 1571 1766 nor,
1596 1681 1684 1751 alias
1699 1683 1821 1772 magis,
1847 1685 1935 1755 alias
1949 1685 2067 1757 miuus
2081 1710 2206 1777 puram
2222 1684 2330 1760 habet
2346 1692 2480 1762 doctri-

551 1780 612 1852 11.
651 1778 746 1852 Vera
777 1794 830 1852 εει
860 1781 971 1871 igitur
996 1782 1212 1876 propositio:
1260 1781 1344 1854 Sola
1368 1782 1438 1851 fide
1490 1803 1585 1854 nam.
1618 1777 1800 1854 Ertruunt
1814 1785 1910 1854 enim
1925 1798 1960 1857 ει
1974 1784 2096 1858 Sancti
2114 1790 2261 1880 stipulas
2274 1814 2378 1883 supra
2395 1795 2479 1863 fun-

446 1883 690 1955 iustificamur.
753 1878 900 1954 Constat
933 1885 1097 1953 enimin
1121 1886 1253 1956 nostris
1270 1881 1439 1955 Ecclesiis
1490 1882 1715 1964 damentum,
1740 1898 1781 1956 ut
1799 1883 2224 1964 acoenonoetus.

445 1982 517 2057 hoc
534 1983 738 2074 significari:
761 1981 917 2077 Propter
933 1986 1048 2056 solum
1063 1982 1246 2059 Christum
1266 1981 1438 2056 habemus
1591 1986 1653 2056 21.
1692 1982 1768 2055 Νεε
1792 2009 1931 2057 necesse
1955 2003 2007 2059 εει
2027 1985 2206 2062 Ecclesiae
2227 1993 2384 2063 membra
2406 2013 2480 2062 esse

447 2086 691 2157 remissionem
712 2098 953 2177 peccatorum,
978 2099 1013 2158 ει
1037 2111 1159 2161 sumus
1178 2089 1280 2171 iusti,
1313 2088 1439 2171 idest,
1489 2082 1658 2153 maiorem
1672 2098 1807 2176 partem
1820 2082 2094 2178 Episcoporum,
2119 2093 2331 2178 Doctorum,
2354 2092 2478 2165 Sacer-

446 2188 582 2280 accepti
607 2185 683 2257 Deo
718 2188 761 2256 ad
795 2187 905 2259 vitam
937 2201 1135 2276 aeternam,
1184 2214 1258 2260 non
1292 2200 1440 2280 propter
1488 2186 1612 2256 dotum
1643 2199 1677 2257 ει
1707 2183 1990 2275 Monachorum,
2038 2192 2111 2259 imo
2140 2195 2338 2289 plerunque
2364 2197 2479 2265 maior

447 2288 655 2380 dignitatem
679 2301 880 2360 nostrarum
905 2285 1096 2371 virtutum,
1140 2291 1276 2359 etiamsi
1302 2290 1436 2360 donato
1487 2308 1569 2379 pars
1585 2285 1690 2356 etiam
1706 2310 1847 2375 eorum,
1873 2291 1935 2382 qui
1958 2304 2041 2361 sunt
2066 2291 2105 2360 in
2131 2296 2404 2383 gubernatione,
2426 2303 2478 2366 εει

448 2389 586 2482 Spiritu
601 2401 734 2474 sancto,
757 2391 891 2462 multae
906 2391 1054 2462 virtutes
1067 2413 1147 2460 cum
1165 2389 1237 2460 fide
1249 2390 1417 2464 existunt.
1486 2389 1632 2470 reiecta,
1656 2401 1697 2458 ut
1713 2389 1860 2461 dicitur:
1886 2388 2077 2485 Reliquiae
2092 2396 2209 2465 salvae
2223 2396 2323 2466 fient.

547 2490 610 2561 12.
638 2485 716 2560 Etsi
730 2490 769 2558 in
783 2492 915 2561 renatis
930 2491 1067 2560 incoata
1083 2505 1135 2563 est
1150 2515 1242 2560 nova
1263 2492 1435 2562 obedien·
1588 2490 1653 2563 22.
1683 2487 1732 2561 Ει
1754 2514 1957 2585 quanquam
1986 2495 2086 2565 electi
2114 2496 2219 2566 etiam
2241 2491 2375 2566 habent
2397 2521 2479 2587 pcc-

447 2591 516 2673 tiu,
538 2591 737 2682 tamenl'egi
758 2591 832 2660 non
853 2591 1073 2662 satisfaciunt
1091 2605 1126 2661 et
1148 2586 1264 2662 adhuc
1280 2592 1434 2662 circum·
1485 2602 1562 2661 cata
1576 2590 1814 2680 ignorantiae,
1839 2608 1958 2664 tamen
1973 2591 2148 2666 Ecclesiae
2165 2600 2321 2668 membra
2342 2621 2479 2689 nequa-

350 2699 353 2703 '
444 2695 567 2763 ferunt
581 2691 620 2760 in
634 2714 739 2764 carne
753 2692 793 2759 in
809 2687 876 2760 hac
888 2690 962 2774 vita
975 2692 1241 2762 immundiciam
1257 2692 1436 2784 multipli-
1485 2716 1593 2785 quam
1608 2707 1707 2778 sunt,
1733 2693 1796 2787 qui
1809 2694 2030 2767 manifestam
2046 2699 2247 2770 idolatriam
2270 2699 2479 2780 defendunt,

444 2815 541 2874 cem,
559 2805 784 2885 pugnantem
798 2813 877 2862 cum
893 2792 968 2883 lege
983 2790 1069 2877 Dei,
1094 2816 1184 2886 quae
1196 2789 1310 2885 gignit
1328 2794 1433 2864 etiam
1486 2804 1520 2861 ει
1540 2794 1618 2883 ρίοε
1640 2808 1786 2885 propter
1806 2795 2062 2886 professionem
2081 2823 2183 2869 verae
2206 2803 2389 2872 doctrinae
2418 2801 2477 2867 in-

445 2895 555 2966 multa
569 2893 724 2968 actualia
740 2888 880 2985 peecata
889 2893 1036 2986 proprie
1048 2895 1099 2964 sic
1115 2895 1219 2967 dicta.
1485 2892 1682 2974 terficiunt,
1708 2895 1798 2967 sicut
1813 2890 1979 2966 Christus
1996 2899 2040 2967 de
2054 2898 2126 2967 illis
2142 2900 2263 2992 impiis
2277 2916 2311 2971 et
2329 2900 2477 2991 parrici-

548 2995 608 3069 to.
648 2992 726 3063 Nec
748 3005 929 3086 peccatum
951 2996 993 3064 in
1012 2995 1145 3066 renatis
1168 2996 1431 3066 extenuandum
1485 2993 1540 3063 dis
1556 2994 1623 3064 ait:
1659 2992 1733 3063 Vos
1748 3017 1789 3063 ex
1803 3008 1904 3085 patre
1921 2996 2073 3067 Diabolo
2089 2999 2182 3069 estis.

445 3109 511 3182 est,
546 3118 614 3168 nec
635 3093 746 3185 gratia
766 3094 999 3172 obscuranda.
1039 3094 1145 3184 Quod
1169 3113 1288 3168 autem
1308 3118 1434 3165 omncs
1587 3094 1650 3166 23.
1687 3092 1761 3165 Νεε
1793 3096 1935 3185 alligata
1966 3110 2019 3168 cst
2039 3094 2196 3168 Ecclesia
2220 3101 2265 3168 ad
2289 3100 2412 3169 titulos
2435 3121 2477 3167 ac

442 3193 604 3269 homines
619 3208 810 3267 extenuant
824 3212 1026 3286 peccatum,
1051 3221 1094 3268 eo
1110 3198 1168 3278 fit,
1194 3199 1278 3293 quia
1294 3197 1433 3286 magni·
1484 3197 1739 3267 successionem
1755 3193 1973 3267 ordinariam
1982 3195 2255 3291 Episcoporum,
2282 3213 2322 3270 nt
2337 3215 2478 3280 vocant,

444 3295 603 3370 tudinem
625 3296 757 3391 peccati
783 3308 818 3366 et
838 3296 910 3366 irae
926 3295 994 3369 Dei
1014 3323 1089 3369 non
1112 3301 1197 3372 satis
1217 3299 1433 3389 intelligunt,
1483 3299 1545 3367 sed
1570 3300 1614 3367 ad
1637 3291 1871 3390 Evangelium
1887 3295 1974 3382 Dei,
2007 3313 2040 3369 et
2066 3315 2115 3371 est
2138 3302 2321 3371 dissimilis
2341 3300 2479 3393 politiis

444 3399 519 3470 imo
533 3394 624 3471 hauc
640 3400 753 3492 ipsam
768 3399 954 3490 caliginem
970 3414 1006 3473 et
1019 3401 1241 3474 securitatem
1258 3402 1435 3472 fateamur
1483 3400 1623 3473 mundi.

443 3500 902 3593 essenonlevepcccatum.
1368 3502 1371 3507 '

549 3601 609 3672 14.
655 3597 858 3690 Agnoscant
891 3602 1000 3692 igitur
1032 3602 1145 3670 renati
1178 3622 1215 3669 se
1250 3623 1324 3669 non
1358 3622 1432 3668 esse
1485 3629 1623 3729 (ΜΠ.)
1666 3580 1777 3707 ma
1811 3631 2103 3728 disputati&
2145 3634 2193 3708 de
2216 3638 2408 3726 gedam,
2439 3626 2478 3709 pp

445 3705 579 3782 iustos,
601 3700 640 3770 id
652 3706 713 3787 εει,
737 3716 895 3796 acceptos
911 3706 956 3774 ad
971 3703 1080 3773 vitam
1093 3715 1271 3772 aeternam
1287 3713 1432 3793 propter

444 3802 818 3895 impletionem'legis,
855 3807 915 3876 sed
949 3827 985 3875 se
1012 3803 1151 3897 placere
1180 3801 1257 3873 Deo
1286 3816 1435 3895 propter
1751 3890 1753 3894 .

443 3904 578 3975 Filium
595 3904 680 3991 fide,
705 3916 739 3974 ει
753 3920 870 3996 ροειεε
886 3907 1023 3998 placere
1038 3906 1276 3975 obedientiam
1285 3954 1298 3990 ,
1325 3918 1358 3974 ει
1374 3929 1432 3973 re·
1484 3886 1649 3970 Ecclesia
1664 3899 1816 3975 visibilis
1830 3913 1883 3971 est
1900 3913 2021 3972 coetus
2044 3914 2267 3987 sanctorum,
2291 3906 2351 3974 cui
2373 3907 2477 3977 multi

442 4007 536 4078 mitti
551 4006 589 4077 id
604 4007 697 4102 quod
712 4007 820 4079 deest.
866 4007 963 4078 Haec
979 4006 1140 4079 doctrina
1154 4018 1337 4101 exaggerat
1350 4028 1434 4097 pee-
1483 3994 1689 4095 hypocritae
1702 4001 1852 4071 admixti
1872 4000 1973 4085 sunt,
1999 4003 2045 4072 dc
2069 4026 2151 4073 vcra
2174 4004 2336 4101 doctrina¹
2359 4021 2479 4077 tamen

444 4122 559 4181 catum
577 4121 614 4181 ει
627 4108 789 4200 gratiam.
848 4163 855 4181 ,
1483 4101 1765 4184 consentientes,
1798 4094 1934 4169 habens
1957 4114 2118 4172 externas
2142 4117 2262 4186 notas,
2287 4107 2478 4196 professio-

545 4205 605 4281 15.
636 4209 779 4281 Infinita
795 4204 962 4278 distantia
983 4223 1033 4281 εει
1056 4210 1150 4281 inter
1170 4210 1288 4300 lapsus
1308 4219 1431 4279 contra
1483 4225 1565 4270 nem
1581 4222 1689 4293 purae
1705 4196 2096 4290 doctrinaeEvangelii,
2112 4217 2147 4275 et
2161 4205 2355 4294 legitimum
2372 4227 2477 4275 usum

443 4313 711 4398 conscientiam,
737 4324 774 4382 ει
788 4322 928 4400 peccata
943 4335 1032 4402 quae
1045 4307 1161 4382 adhuc
1185 4324 1331 4381 manent
1350 4333 1431 4379 cum
1483 4301 1808 4374 sacramentorum.

440 4411 527 4498 fide,
558 4436 641 4484 nam
655 4415 742 4484 fides
756 4435 834 4482 non
849 4423 967 4480 manet
982 4412 1020 4479 in
1038 4407 1111 4496 his,
1139 4412 1200 4505 qui
1217 4426 1329 4481 ruunt
1344 4435 1431 4481 con·
1586 4406 1622 4475 2.
1657 4401 1911 4497 Sanctus-voco
1927 4402 1966 4473 in
1983 4399 2136 4477 haesita
2155 4409 2337 4478 credentes
2351 4403 2477 4477 Evan-

443 4526 497 4580 tra
513 4514 776 4591 conscientiam,
1483 4503 1575 4597 gelio
1590 4516 1624 4574 et
1639 4516 1782 4576 renatos
1802 4528 1867 4596 per
1879 4503 2052 4598 Spiritum
2069 4518 2249 4592 sanctum,
2273 4531 2358 4577 vere
2372 4509 2477 4599 invo·,

546 4612 605 4688 16.
636 4611 738 4685 Hera
753 4630 875 4688 contra
901 4610 1151 4683 conscientiam
1174 4611 1432 4706 obtemperavit
1484 4620 1601 4678 cantes
1618 4607 1737 4676 Deum
1759 4606 1889 4678 fiducia
1909 4607 2134 4692 mediatoris,
2171 4621 2207 4681 ει
2227 4604 2398 4709 habentes
2419 4611 2478 4679 in-

440 4712 614 4800 Diabolo,
654 4713 772 4788 Maria
800 4715 980 4807 negligens
1011 4713 1142 4804 filium,
1183 4740 1257 4786 non
1288 4715 1431 4786 admisit
1484 4722 1619 4780 coatam
1635 4707 1886 4784 obedientiam.
2256 4764 2259 4769 -
2468 4780 2474 4793 ,

442 4814 608 4888 delictum
624 4830 748 4888 contra
761 4817 1023 4890 conscientiam.
1587 4810 1623 4882 5.
1657 4807 1815 4898 Ecclesia
1831 4811 1971 4900 alligata
1987 4825 2039 4881 est
2054 4807 2357 4903 adEvangelium,
2381 4810 2478 4882 iuxta'

545 4915 606 4989 17.
645 4916 744 4990 Haec
776 4935 827 4993 est
854 4919 1002 5010 simplex
1028 4929 1063 4988 et
1082 4929 1249 5009 perpetua
1270 4915 1433 4986 doctrina
1483 4936 1605 4983 vocem
1622 4913 1754 4984 aeterni
1770 4913 1881 5002 patris
1902 4914 1946 4983 de
1960 4913 2077 4985 Filio:
2110 4910 2219 4984 Hunc
2234 4913 2375 4994 audite,
2401 4936 2477 4982 non

439 5007 620 5086 Ecclesiae
634 5015 724 5103 Dei,
748 5019 834 5091 iude
850 5044 963 5115 usquc
976 5020 1022 5091 ab
1036 5014 1169 5103 Adam,
1194 5018 1283 5088 sicut
1298 5015 1433 5086 Paulus
1483 5029 1535 5084 εει
1550 5014 1691 5103 alligata
1707 5015 1753 5082 ad
1766 5009 1984 5104 Episcopos‚
2015 5028 2076 5085 aut
2092 5012 2350 5084 successionem
2376 5014 2478 5085 ordi-

439 5115 598 5209 primum
617 5119 751 5190 dictum
768 5122 1015 5205 doudecim,
1045 5134 1085 5192 ut
1110 5121 1272 5191 ostendat
1292 5141 1329 5187 se
1350 5140 1433 5208 per·
1482 5115 1620 5183 nariam
1635 5110 1905 5202 Episcoporum.

439 5232 583 5308 petuam
591 5215 771 5292 Ecclesiae
785 5222 982 5293 doctrinam
998 5224 1044 5293 de
1060 5222 1197 5292 iusticia
1216 5242 1430 5313 proponere:
1586 5211 1625 5285 4.
1655 5209 1925 5306 CumEpiscopi
1941 5210 2389 5306 adversanturEvangelio,
2414 5240 2478 5285 co-

437 5315 599 5392 Credidit
622 5317 807 5394 Abraham
832 5321 929 5408 Deo,
961 5338 994 5396 ει
1018 5324 1231 5418 imputatum
1253 5335 1305 5391 est
1328 5320 1359 5389 ci
1384 5319 1429 5388 acl
1482 5313 1602 5405 gimur
1629 5315 1798 5385 mandato
1825 5311 1952 5385 divino
1979 5338 2042 5384 eos
2067 5316 2270 5412 relinquere
2307 5332 2476 5412 tauquam

438 5418 626 5499 iusticiam.
1483 5411 1725 5501 anathemata,
1772 5415 1869 5488 iuxta
1890 5416 2026 5486 dictum
2049 5415 2171 5488 Pauli:
2208 5417 2248 5491 si
2274 5421 2356 5514 quis
2375 5416 2475 5489 aliud

539 5524 598 5600 18.
643 5523 752 5613 Quod
778 5509 944 5597 monachi
975 5512 1252 5617 interpretantur
1278 5522 1428 5594 Paulum
1481 5514 1719 5608 Evangelium
1734 5519 1855 5602 decet,
1878 5512 2068 5591 anathema
2083 5519 2152 5604 sit,
2177 5521 2214 5590 id
2230 5533 2300 5604 est,
2325 5524 2478 5590 ducatur

436 5622 480 5692 de
503 5623 573 5696 fide
594 5628 764 5711 formata,
788 5653 863 5700 non
885 5623 952 5700 hoc
976 5628 1123 5712 volunt,
1153 5629 1222 5697 lide
1247 5624 1427 5698 iustificari
1481 5621 1708 5705 maledictus,
1732 5634 1767 5693 et
1782 5619 1905 5689 divino
1921 5620 2057 5691 iudicio
2078 5622 2238 5692 exclusus
2262 5644 2303 5689 ex
2317 5616 2476 5690 Ecclesia

434 5716 635 5817 hominem,
658 5733 720 5803 scd
744 5731 872 5807 volunt
891 5726 1077 5801 hominem
1101 5729 1228 5799 mereri
1250 5726 1428 5801 remissio·
1482 5746 1523 5793 ac
1546 5722 1725 5830 abiectus,
1747 5735 1782 5793 et
1805 5721 2017 5812 fugiendus,
2039 5719 2311 5809 necontagium
2332 5716 2472 5809 polluat

1555 3733 1742 3810 antithesi
1762 3758 1878 3808 verae
1895 3734 2087 3809 morenae
2107 3744 2147 3809 et
2167 3735 2401 3835 Pontificius.
