6025 6775
436 705 511 779 ros
1121 689 1767 774 1.crtrt01t1coucalt10N1s.
1982 755 1985 761 .
2389 728 2466 802 794

438 872 597 956 honutis
612 872 842 959 mulieribus,
867 884 901 943 et
915 867 1148 940 attrectabant
1165 866 1276 941 sinus.
1327 862 1424 937 Haec
1575 861 1690 939 Aiunt
1710 865 1801 940 'ante
1825 871 1936 944 aciem
1958 876 2136 949 terribiles
2164 877 2302 960 sonitus
2323 897 2463 975 audito,

435 996 518 1050 eum
560 978 652 1046 iuste
692 998 794 1065 aegre
832 975 964 1044 ferrent
1005 982 1106 1059 pater
1146 963 1339 1064 Amyntas,
1388 979 1423 1038 et
1475 989 1571 1053 esse,
1605 979 1639 1039 et
1670 969 1745 1050 visa
1774 988 1928 1065 spectra,
1963 1001 2054 1072 qnae
2079 976 2315 1063 Athenienses
2344 1015 2462 1086 postea

435 1080 533 1150 filius
554 1061 898 1160 Alexanderslilius
926 1083 1062 1162 patrem
1092 1064 1278 1154 hortatur,
1310 1081 1352 1141 ut
1380 1092 1423 1140 ex
1473 1068 1928 1165 dixeruntfuissespeciem
1951 1077 2087 1167 Panos,
2113 1088 2175 1179 qui
2193 1104 2365 1166 terrorem
2382 1115 2461 1173 tan.

435 1177 603 1250 convivio
619 1178 773 1247 discedat
786 1165 1018 1244 dormiturus.
1072 1168 1247 1259 Quicum
1268 1170 1423 1258 abiisset,
1474 1183 1549 1252 tum
1574 1169 1691 1243 Persis
1717 1175 1921 1263 incusserit,
1961 1194 2002 1253 ut
2035 1184 2209 1276 fugerent.
2274 1192 2366 1271 Inde
2392 1203 2461 1276 Pa-

434 1278 625 1351 simulabat
654 1274 868 1348 hilaritatem
899 1269 1123 1356 Alexander,
1157 1295 1197 1341 ac
1228 1272 1421 1366 aliquando
1473 1273 1546 1344 nici
1561 1285 1714 1347 terrores
1727 1292 1846 1370 postea
1860 1280 1946 1350 dicti
1965 1299 2066 1373 sunt,
2092 1291 2136 1359 de
2157 1293 2286 1365 subitis
2302 1318 2460 1379 conster-

433 1397 514 1475 post
539 1376 716 1462 hortatur,
748 1391 789 1449 nt
813 1375 1010 1447 concedant
1030 1372 1259 1458 mulieribus,
1291 1387 1332 1447 nt
1353 1375 1420 1444 ali-
1472 1374 1691 1449 nationibus.

434 1480 638 1576 quantisper
667 1491 834 1566 surgant,
874 1488 910 1546 et
936 1474 988 1544 ait
1016 1499 1099 1544 mox
1133 1474 1310 1545 redituras
1337 1499 1422 1546 esse.
1573 1474 1744 1570 Hippiam
1759 1477 1936 1555 Pisistrati
1960 1488 2073 1560 filium
2090 1492 2314 1569 intersectum
2329 1525 2403 1578 esse
2418 1510 2457 1580 in

433 1583 573 1670 Quibus
603 1581 759 1649 drmrssrs
781 1578 882 1650 rubet
904 1576 1146 1648 adolescentes
1171 1576 1312 1647 nobiles
1337 1576 1422 1648 toti·
1472 1600 1515 1646 eo
1532 1579 1666 1667 praelio
1682 1581 1841 1655 scribunt
1857 1581 1982 1659 Cicero
2002 1592 2049 1661 ad
2062 1589 2220 1667 Atticum
2237 1613 2274 1671 et
2287 1600 2457 1694 lustinus.

432 1684 513 1753 dem
545 1681 696 1752 induere
728 1702 851 1750 earum
881 1692 1014 1765 vestes,
1045 1689 1080 1750 et
1108 1677 1246 1767 gladios
1269 1699 1422 1764 sumere,
1473 1676 1518 1748 ln
1539 1676 1651 1749 Suida
1678 1706 1762 1753 vero
1790 1685 1937 1776 legitur,
1968 1693 2206 1790 undecunque
2234 1725 2275 1772 ea
2297 1715 2456 1784 narratio

430 1784 571 1856 abditos
591 1783 658 1868 sub
680 1782 857 1865 vestibus,
882 1792 1012 1852 etcum
1029 1776 1157 1849 Persae
1176 1802 1237 1850 eos
1256 1792 1422 1852 attrecta·
1472 1793 1614 1870 sumpta
1645 1794 1714 1862 est,
1754 1788 1940 1878 profligato
1973 1795 2128 1867 exercitu
2156 1797 2297 1876 Persico
2325 1809 2455 1902 fugisse

429 1898 530 1970 rent,
556 1885 653 1977 ipsos
676 1883 880 1954 confodere.
938 1878 1037 1951 Haec
1064 1882 1115 1951 ita
1142 1882 1356 1967 factasunt,
1386 1893 1422 1953 et
1469 1878 1642 1972 Hippiam
1656 1880 1895 1974 inLemnum,
1920 1905 1955 1963 et
1969 1894 2021 1965 ibi
2033 1898 2160 1969 morbo
2177 1904 2367 1981 extinctum
2381 1938 2455 1985 ωε

430 1986 596 2076 lasciviae
611 2010 651 2055 ac
665 1983 880 2075 petulantiae
893 2005 1027 2074 poenas
1039 1980 1163 2071 Legati
1183 1982 1294 2054 iustas
1311 1984 1420 2053 dede-
1470 1983 1566 2053 inter
1582 2003 1729 2074 magnos
1752 1985 1946 2075 cmciatus,
1970 2017 2051 2066 cum
2073 2000 2246 2077 amisisset
2262 2010 2394 2100 visum,
2419 2033 2454 2089 et

429 2101 527 2160 runt.
576 2086 730 2180 Fuitqne
754 2079 813 2156 hic
827 2083 1031 2155 Alexander
1052 2106 1207 2177 proavus
1222 2081 1420 2155 Alexandri
1469 2083 1584 2175 ruptis
1608 2084 1708 2154 venis
1735 2086 1877 2176 sanguis
1905 2095 2049 2184 copiose
2077 2121 2141 2189 per
2168 2109 2291 2178 oculos
2318 2113 2452 2189 flueret.

430 2188 570 2281 Magnp,
690 2200 697 2218 =
839 2231 844 2240 .
1360 2243 1365 2254 ,
1468 2183 1659 2258 Perierunt
1672 2206 1754 2275 ergo
1769 2188 1874 2260 ambo
1888 2192 1953 2262 filii
1975 2193 2151 2271 Pisistrati
2172 2211 2313 2299 tragicis
2337 2239 2452 2288 exem-

531 2288 727 2382 Aliquauto
743 2298 823 2379 post
841 2299 875 2358 et
892 2282 1058 2356 Ionicum
1076 2285 1211 2356 bellum
1228 2299 1418 2381 sequutum
1469 2285 1557 2378 plis,
1581 2286 1648 2360 etsi
1666 2283 1865 2380 Hipparchi
1887 2296 2095 2388 sapientiam
2117 2301 2239 2380 laudat
2257 2309 2379 2401 Plato,
2402 2321 2452 2391 ci-

376 2429 385 2440 ,
430 2408 491 2467 est.
555 2388 766 2460 Defecerant
793 2388 890 2457 enim
921 2382 1076 2457 aDario
1106 2383 1210 2457 lones
1235 2388 1274 2457 in
1296 2388 1419 2460 littore
1468 2401 1548 2459 tans
1564 2388 1796 2474 emeremus,
1819 2391 2007 2496 inscriptos
2023 2403 2146 2474 statuis
2162 2404 2451 2492 Mercurialibus:

431 2493 555 2575 Asiae,
581 2505 615 2561 ct
629 2490 862 2562 incenderant
876 2486 1019 2571 Sardis,
1044 2511 1114 2580 qua
1129 2488 1168 2556 in
1183 2512 1222 2559 re
1237 2489 1416 2561 etauxilia
1466 2493 1598 2584 μνῆμα
1628 2482 1713 2562 τόδ’
1744 2485 1952 2589 ἱππάρχους
1985 2497 2103 2595 dreiga
2129 2501 2257 2583 δίκαια
2286 2526 2452 2611 φρονῶν,

432 2588 705 2663 Atheniensium
722 2587 932 2662 habuerant.
978 2587 1063 2659 Fuit
1076 2602 1194 2659 autem
1207 2591 1417 2661 delectionis
1470 2590 1575 2663 ltem:
1601 2596 1733 2684 μνῆμα
1747 2586 1831 2665 τόδ’
1853 2593 2060 2694 ὶππάρχουε
2085 2602 2138 2701 μὴ
2155 2606 2266 2705 φίλον
2280 2615 2452 2699 ἐξαπατα.

429 2694 639 2787 praccipuus
653 2714 775 2763 suasor
791 2689 956 2775 latiaeus,
981 2690 1045 2783 qui
1061 2713 1142 2759 cum
1159 2705 1250 2762 esset
1272 2691 1311 2760 in
1329 2689 1417 2762 Per·
1570 2691 1748 2764 Miltiadis
1770 2718 1853 2766 vero
1869 2698 2034 2774 interitus
2059 2713 2257 2800 exemplum
2275 2735 2331 2793 ear
2342 2726 2452 2796 usian.

430 2796 518 2866 siam
538 2810 703 2878 vocatus,
726 2792 778 2863 ibi
793 2790 966 2863 intellexit
981 2789 1129 2861 Darium
1147 2793 1238 2863 velle
1255 2789 1361 2863 lonas
1378 2793 1418 2862 in
1467 2806 1523 2864 tae
1546 2795 1812 2883 ingratitudinis
1834 2792 2034 2876 hominum.
2085 2805 2176 2880 Cum
2200 2820 2296 2890 enim
2318 2828 2455 2912 praeei-

428 2893 651 2968 Pboenicum
672 2895 851 2983 regionem
872 2894 1079 2977 transferre,
1112 2908 1147 2965 et
1158 2889 1357 2963 Phoenices
1378 2894 1417 2962 in
1467 2918 1536 2985 pue
1558 2895 1669 2986 ipsius
1692 2896 1841 2968 consilio
1861 2916 1896 2972 et
1915 2903 2124 2977 fortitudine
2137 2908 2299 2988 Persicus
2320 2928 2452 2997 exerci-

432 2996 572 3070 loniam
587 2996 771 3069 collocare.
822 2990 871 3065 Ut
885 2993 995 3082 igitur
1008 3007 1085 3064 tuto
1099 2994 1311 3084 significaret
1325 2990 1418 3065 hanc
1467 3009 1525 3067 tus
1543 2994 1750 3088 profligatus
1771 3012 1880 3084 esset,
1905 3026 2056 3099 cumque
2076 3007 2251 3085 Lemnum
2268 3022 2453 3099 adiecisset

429 3123 504 3172 rem
519 3122 602 3169 suae
616 3097 723 3187 genti,
745 3091 814 3165 hoc
830 3095 980 3166 consilio
994 3118 1080 3166 usus
1093 3109 1161 3167 est:
1183 3095 1417 3168 Nuncioradi
1467 3097 1512 3167 ad
1536 3091 1676 3168 Atticae
1699 3096 1852 3169 civitatis
1876 3102 2069 3197 imperium
2094 3126 2214 3202 postea
2239 3120 2452 3200 infoeliciter

430 3200 576 3293 capillos
592 3199 715 3290 capitis
730 3197 852 3281 iussit,
877 3197 1008 3267 deinde
1024 3197 1161 3283 literas,
1187 3222 1274 3291 quas
1291 3199 1417 3283 voluit,
1468 3210 1602 3272 tentata
1619 3221 1722 3290 pace,
1747 3200 1793 3269 db
1814 3199 1948 3276 invidis
1965 3226 2145 3285 accusatus
2166 3230 2234 3305 est,
2259 3237 2293 3294 et
2310 3228 2452 3317 publice

432 3303 598 3383 incussit,
631 3299 870 3392 significantes
885 3295 1134 3389 Aristagorae,
1157 3296 1352 3394 Capitaneo
1369 3300 1418 3392 ,in
1468 3301 1676 3389 damnatus,
1708 3311 1750 3371 ut
1769 3300 2028 3400 quinquaginta
2049 3314 2198 3408 talenta,
2223 3322 2261 3393 id
2285 3341 2355 3411 est,
2385 3333 2452 3402 tri.

428 3403 535 3485 Asia,
565 3417 607 3476 ut
628 3404 763 3474 bellum
784 3413 952 3475 moveret.
1011 3398 1174 3494 Cumque
1199 3425 1324 3474 rursus
1338 3425 1417 3473 cre·
1466 3403 1565 3492 ginta
1580 3401 1693 3473 millia
1710 3420 1958 3479 coronatomm
1974 3417 2151 3505 penderet
2202 3418 2257 3495 Ac
2271 3429 2451 3504 ductusin

430 3508 565 3576 visseru
595 3504 737 3598 capilli,
771 3501 883 3573 mittit
906 3526 988 3573 eum
1017 3505 1061 3573 ad
1087 3503 1352 3593 Aristagoram,
1382 3516 1419 3574 et
1468 3527 1664 3585 carcerem,
1689 3503 1741 3574 ibi
1755 3505 1939 3600 aliquanto
1955 3529 2210 3606 postmortuus
2224 3524 2288 3600 est'.

431 3606 532 3678 iubet
553 3606 630 3677 radi
654 3604 801 3698 capillos
822 3602 967 3695 capitis,
1000 3616 1035 3673 et
1053 3604 1164 3694 aspici
1187 3618 1304 3694 capnt.
1355 3602 1416 3674 ln·
1568 3602 1753 3677 Postremo
1776 3609 1820 3676 de
1838 3609 1947 3683 Dario
1970 3616 2043 3688 lilio
2065 3617 2241 3717 Histaspis
2257 3625 2326 3705 hoc
2348 3638 2451 3709 addo.

430 3707 571 3778 tellecta
592 3705 702 3795 igitur
721 3705 870 3778 consilio
891 3704 1004 3777 movit
1027 3705 1161 3775 bellum
1183 3704 1419 3796 Aristagoras,
1468 3702 1538 3775 Hic
1570 3704 1701 3777 Darius
1731 3708 1825 3779 lilius
1854 3708 2029 3808 Histaspis
2054 3737 2105 3795 est
2132 3728 2281 3803 maritus
2308 3733 2451 3827 Esther,

433 3811 494 3880 sed
510 3829 678 3903 oppressa
691 3806 864 3879 seditione
874 3829 1002 3897 magna
1016 3831 1098 3878 cum
1115 3806 1320 3879 difficultate
1332 3804 1419 3878 Ari·
1468 3829 1574 3900 quam
1609 3804 1759 3881 historia
1790 3834 1887 3885 sacra
1915 3821 2078 3895 nominat
2104 3822 2313 3923 Assveruro‚
2352 3842 2451 3913 cuius

430 3925 587 4002 stagoras
611 3909 815 3982 interfectus
843 3922 912 3995 est,
947 3922 983 3980 et
1004 3923 1125 4002 postea
1149 3908 1298 3981 lstiaeus
1321 3909 1419 3980 cruci
1467 3923 1627 4001 tempore
1643 3912 1786 4004 quantis
1802 3913 1841 3983 in
1862 3919 2028 4008 periculis
2045 3941 2079 3998 et
2091 3929 2243 4002 miseriis
2257 3938 2365 4012 luerit
2380 3940 2452 4013 Ec-

430 4015 567 4085 asfirus.
1468 4011 1574 4081 clcsia
1596 4013 1821 4100 cogitandum
1845 4030 1908 4091 est.
1958 4019 2049 4092 Naro
2071 4043 2105 4100 et
2127 4031 2167 4099 in
2182 4030 2311 4108 ludaea
2335 4038 2451 4114 adhuc

414 4090 419 4101 ’
530 4112 621 4187 Erat
636 4108 704 4185 hoc
720 4113 973 4204 temporeexul
989 4115 1084 4204 apud
1101 4108 1251 4185 Darium
1264 4108 1419 4203 Hippias
1469 4125 1545 4182 erat
1568 4111 1735 4227 impedita
1766 4114 1961 4189 aedificatio
1990 4129 2130 4217 templi,
2162 4145 2195 4202 et
2218 4132 2358 4210 Haman
2388 4170 2452 4235 per

431 4216 607 4291 Pisistrati
623 4217 736 4299 lilius,
763 4214 826 4307 qui
839 4209 991 4285 Athenis
1007 4215 1233 4310 tyrannidem
1249 4225 1419 4286 tenuerat.
1469 4211 1681 4282 calumniam
1697 4226 1944 4303 impetraverat
1960 4224 2113 4298 edictum
2131 4234 2175 4302 de
2191 4248 2263 4308 tota
2276 4256 2379 4329 gente
2391 4246 2451 4315 lu·
2538 4273 2541 4279 ·

431 4311 482 4389 Et
494 4344 575 4391 cum
590 4309 935 4407 iraterHipparchus
950 4317 1154 4387 interiectus
1169 4329 1259 4385 esset
1271 4329 1418 4405 propter
1470 4316 1638 4383 dacorum
1655 4313 1816 4387 delenda.
1869 4316 1938 4390 Sed
1954 4325 2165 4403 mirabiliter
2184 4337 2284 4411 Deus
2300 4349 2453 4432 protexit

435 4415 623 4503 libidines,
653 4434 689 4492 et
715 4428 838 4512 postea
857 4410 1009 4505 Hippias
1036 4417 1222 4485 saeviciam
1253 4415 1293 4483 in
1324 4415 1419 4486 cives
1470 4411 1665 4485 Ecclesiam
1691 4418 1872 4507 patefactis
1895 4424 2082 4500 calumniis
2108 4448 2143 4505 et
2165 4440 2354 4514 sceleribus
2378 4446 2452 4518 Ha·

437 4531 626 4602 exerceret,
657 4522 780 4611 pulsus
805 4529 857 4588 est
876 4510 1040 4590 Athenis.
1098 4516 1280 4588 Proiectus
1311 4517 1421 4607 igitur
1470 4541 1564 4586 man.
1597 4514 1736 4587 Nomen
1745 4514 1876 4591 Esther
1885 4523 2056 4615 significat
2069 4534 2324 4613 absconditam.
2361 4547 2451 4618 For·

436 4617 481 4687 ad
500 4616 646 4687 Darium
666 4624 791 4711 petivit
813 4644 850 4691 se
866 4617 905 4688 in
923 4618 1072 4710 patriam
1096 4620 1230 4690 reduci.
1282 4615 1338 4689 Eo
1354 4643 1420 4690 au·
1470 4619 1569 4689 tussis
1584 4618 1633 4688 sic
1652 4620 1834 4695 nominata
1851 4638 1922 4711 est,
1944 4630 2026 4722 quia
2041 4659 2114 4705 non
2128 4643 2262 4729 prodiit
2276 4647 2315 4714 in
2332 4652 2453 4738 publi-

436 4733 506 4789 tem
538 4717 675 4789 facilius
703 4721 903 4813 impetravit
930 4719 1141 4805 exereitum,
1179 4722 1262 4815 quia
1287 4719 1419 4792 Darius
1470 4745 1573 4805 cum,
1605 4743 1650 4789 ne
1680 4722 1814 4793 formae
1839 4738 2060 4804 struerentur
2079 4738 2250 4829 insidiae,
2284 4762 2347 4819 aut
2367 4753 2450 4845 quia

437 4823 548 4891 iratus
563 4832 638 4889 erat
652 4816 929 4897 Atheniensibus
944 4837 1089 4914 propter
1105 4823 1305 4894 societatem
1321 4820 1419 4892 loni·
1470 4819 1628 4893 Ecclesia
1647 4837 1723 4894 tum
1746 4826 1884 4898 duriter
1904 4856 2068 4925 oppressa
2083 4841 2161 4915 fuit
2211 4842 2320 4935 Apud
2335 4848 2450 4924 Hero-

437 4943 525 4993 cam.
561 4918 698 5008 -Quare
711 4922 807 4993 misit
818 4924 948 4997 Darius
963 4938 1104 4995 centnm
1118 4925 1231 4995 millia
1248 4925 1420 5016 peditum,
1470 4926 1593 4994 dotum
1618 4924 1727 4996 altere
1749 4928 1904 5001 coniunx
1920 4929 2019 5005 Darii
2039 4944 2224 5034 praecipue
2239 4950 2366 5024 dilecta
2384 4979 2450 5025 no·

435 5036 470 5093 et
497 5023 545 5092 10
569 5024 683 5092 millia
706 5024 886 5117 equitnm,
912 5028 976 5123 qui
999 5051 1079 5097 cum
1104 5030 1149 5095 ab
1164 5022 1318 5098 Athenis
1344 5048 1420 5094 non
1471 5026 1628 5095 minatur
1661 5023 1862 5114 Artistona,
1902 5039 1999 5126 qrrod
2034 5041 2177 5113 videtur
2208 5072 2281 5120 esse
2319 5080 2448 5127 nornen

434 5123 517 5215 plus
530 5126 671 5194 duobus
686 5126 816 5197 nostris
829 5126 1027 5201 miliaribus
1042 5128 1419 5200 abessentdeliberatio
1470 5120 1618 5209 Esther,
1650 5125 1741 5197 sicut
1761 5151 1892 5200 nomen
1916 5133 2015 5208 Vasti
2036 5154 2086 5212 est
2110 5141 2249 5231 Atussa.

436 5237 513 5295 erat
536 5226 576 5296 in
600 5227 707 5312 urbe,
739 5250 786 5297 an
807 5226 944 5299 obsidio
962 5233 1146 5303 toleranda
1161 5243 1251 5301 esset
1266 5230 1304 5298 in
1320 5230 1420 5313 urbe,
1573 5220 1678 5295 Philo
1703 5220 1887 5301 historiam
1908 5232 2030 5309 ludith
2049 5245 2152 5316 etiam
2172 5250 2278 5327 refert
2294 5257 2337 5324 ad
2362 5272 2450 5327 rem.

436 5350 483 5396 an
500 5327 743 5399 dimicandum
758 5327 833 5403 acie
848 5351 927 5397 curn
942 5324 1111 5407 hostibus.
1163 5331 1295 5404 Suadet
1312 5331 1421 5421 igitur
1472 5348 1538 5418 pus
1552 5325 1653 5397 Darii
1668 5325 1733 5398 filii
1749 5328 1942 5426 Histapsis,
1966 5353 2000 5410 et
2017 5361 2137 5418 narrat
2151 5344 2247 5425 hunc
2263 5354 2450 5448 Arplrach-

436 5426 641 5515 Miltiades,
678 5443 720 5502 ut
748 5429 953 5512 dimicetur,
989 5436 1051 5524 qui
1079 5435 1270 5507 exercitum
1300 5435 1420 5504 decem
1472 5431 1534 5498 sad
1553 5451 1615 5499 sen
1628 5426 1791 5502 Arbacen
1806 5434 1913 5508 luisse
1924 5435 2148 5538 Assyriorum
2165 5454 2289 5526 ducem
2305 5482 2345 5528 eo
2362 5472 2451 5529 tern-

436 5532 591 5603 millium
623 5533 756 5607 civium
789 5545 825 5603 et
853 5529 951 5600 mille
987 5528 1185 5613 Plateenses
1215 5535 1353 5617 educit,
1387 5546 1422 5605 et
1471 5554 1577 5623 pore,
1602 5556 1674 5623 quo
1695 5556 1716 5603 a
1738 5529 1833 5630 Cyro
1854 5538 2016 5630 absente,
2042 5572 2121 5621 cum
2146 5552 2331 5650 a'l’omyri
2352 5582 2453 5630 exer·
2553 5588 2558 5603 ·

437 5654 566 5721 magno
583 5634 719 5728 impetu
733 5636 879 5721 adortus
896 5628 1034 5718 hostes,
1057 5657 1098 5704 ac
1109 5639 1232 5710 multis
1250 5635 1368 5709 Persis
1382 5634 1421 5705 in
1473 5633 1563 5703 citus
1584 5633 1659 5703 eius
1680 5637 1877 5709 trucidatus
1896 5659 2001 5732 esset,
2027 5665 2062 5723 et
2077 5648 2246 5724 Chaldaei
2263 5670 2298 5727 et
2313 5655 2452 5757 Assyrii

436 5732 551 5823 prima
567 5736 641 5806 acie
656 5736 854 5822 trucidatis,
876 5733 1049 5829 reliquam
1064 5737 1423 5813 molucrum-Pee-
1472 5734 1689 5807 delecissent.
1738 5734 1817 5809 Etsi
1839 5754 1954 5815 autem
1976 5749 2021 5818 de
2036 5762 2192 5842 tempore
2205 5749 2373 5835 historiae
2394 5763 2452 5837 lu-

437 5833 682 5927 eicamfugere
696 5841 799 5930 cogit,
1474 5832 1554 5909 dith
1575 5835 1755 5931 disputare
1775 5841 1905 5929 nolim,
1936 5862 2054 5919 tamen
2073 5852 2232 5927 existimo
2257 5883 2332 5931 eam
2353 5884 2452 5940 ante.

491 5938 670 6008 blaternas.
693 5946 797 6013 Orrn.
816 5926 898 6011 Vae.
911 5943 992 6010 ΧΗ.
1863 5939 1909 6015 51
