6025 6775
431 556 507 628 883
822 546 981 627 nect.
1014 550 1087 627 DE
1121 550 1439 629 CHARITUM
1473 547 2049 632 aertLLA'rtouttttJS.
2382 561 2460 636 ast

432 726 517 794 alias
532 721 788 807 misericordia,
807 724 895 795 alias
909 716 1078 796 ἐπιείκεια
1092 726 1309 796 nominatur.
1337 722 1418 795 Non
1440 725 1446 780 l
1468 720 1687 793 contrarium
1718 724 1896 796 decretum
1927 726 2104 813 iecerunt,
2136 727 2236 798 nulla
2264 745 2305 801 ut
2329 731 2458 803 domus

430 825 535 896 debet
549 821 664 896 lulius
678 819 734 895 M.
748 823 920 896 Marcello
943 820 1035 898 hosti
1055 827 1226 896 acerrimo
1242 826 1416 896 reductio-
1468 825 1519 893 eis
1548 822 1666 893 clausa
1693 838 1793 900 essct.
1848 822 1993 916 Collega
2023 840 2058 897 et
2085 829 2201 901 allinit
2228 846 2303 902 erat
2324 828 2457 903 Licinii

431 949 514 996 nem
543 926 583 994 in
614 927 787 1018 patriam,
817 927 877 996 sed
896 923 1052 1017 Reipub.
1082 928 1188 998 debet
1211 949 1419 998 conservare
1468 922 1740 1010 Constantinus,
1782 927 1842 995 sed
1878 927 2004 1016 ingens
2036 929 2168 998 bellum
2199 928 2457 1004 Constantinus

429 1028 566 1097 multos
588 1022 755 1098 honestos
776 1028 878 1100 cives.
931 1024 1103 1118 Intelligit
1125 1042 1242 1099 autem
1262 1024 1418 1097 humano
1469 1028 1635 1096 adversus
1651 1026 1818 1117 collegam
1842 1030 2014 1118 suscepit,
2038 1043 2077 1099 ut
2097 1028 2272 1102 Ecclesias
2293 1046 2328 1104 ct
2350 1035 2457 1103 nobi-

430 1129 525 1199 ratio
548 1123 613 1197 has
632 1130 740 1217 leges,
765 1128 927 1197 ordinem
950 1130 1113 1200 divinum
1136 1154 1227 1215 esse,
1253 1143 1287 1199 et
1301 1126 1416 1198 Deum
1469 1128 1622 1197 tissimus
1641 1126 1736 1196 cives
1757 1141 1879 1197 contra
1897 1130 2063 1200 iniustam
2087 1132 2269 1202 saevitiam
2284 1146 2454 1219 tueretur,

432 1227 490 1298 his
504 1221 627 1300 officiis
639 1229 707 1298 coli
720 1229 822 1312 velle,
846 1229 928 1300 ideo
943 1230 1034 1319 leges
1049 1232 1139 1322 ipsas
1155 1227 1301 1301 honesta
1316 1254 1417 1322 prae·
1469 1253 1541 1322 quo
1562 1227 1601 1296 in
1619 1227 1714 1298 bello
1729 1227 1961 1299 Marcellinus
1978 1246 2100 1302 narrat
2117 1232 2257 1302 auxiliis
2273 1226 2463 1305 Francicis

433 1331 618 1423 cipientes,
643 1329 764 1419 figuris
785 1332 1006 1422 picturarum
1029 1345 1091 1403 aut
1114 1348 1307 1405 statuarum
1324 1332 1417 1403 anti·
1469 1329 1655 1419 praecipue
1669 1324 1942 1400 Constantinum
1969 1334 2131 1402 adiutum
2152 1355 2237 1404 esse.
2276 1325 2452 1429 ¹Denique

433 1432 549 1525 quitas
572 1432 746 1511 ostendit,
778 1446 820 1503 ut
842 1433 996 1502 solemus
1021 1456 1086 1523 pro
1109 1446 1259 1529 tyranno
1282 1431 1418 1503 Draco·
1468 1444 1552 1501 nota
1581 1430 1701 1518 regula
1730 1444 1800 1512 est,
1834 1432 2102 1502 coniunctiones
2130 1445 2164 1504 et
2194 1434 2365 1505 amicitias
2389 1439 2452 1504 de·

430 1553 511 1600 nem
534 1529 698 1621 pingere,
727 1533 790 1602 sed
810 1546 947 1605 remota
970 1535 1158 1605 numinum
1181 1535 1417 1627 adpellatione
1468 1533 1551 1603 bere
1573 1553 1694 1601 causas
1709 1526 1875 1602 honestas
1891 1528 2030 1604 habere.
2081 1534 2186 1604 Absit
2197 1547 2313 1605 autem
2327 1531 2451 1627 sophi-

429 1631 634 1722 allegoriam
653 1656 868 1704 enarremus.
952 1723 955 1730 Ι
1468 1634 1571 1716 stica,
1597 1656 1661 1701 nec
1682 1645 1745 1704 aut
1767 1634 1807 1702 in
1828 1634 2052 1721 foederibus,
2078 1647 2139 1704 aut
2160 1635 2198 1704 in
2212 1634 2452 1706 distractioni-

533 1760 641 1852 Quod
666 1761 766 1834 lovis,
783 1765 877 1836 filiae
899 1765 1260 1853 dstunwffiharipes,
1282 1767 1416 1858 signffi,
1468 1735 1535 1805 bus
1562 1733 1670 1802 falsae
1694 1756 1816 1803 causae
1841 1747 2106 1825 praetercantur,
2137 1747 2177 1805 ut
2198 1750 2280 1805 sunt
2302 1737 2450 1807 usitatae

430 1877 547 1937 catum
571 1879 642 1947 est,
666 1852 778 1955 Leges
799 1868 844 1936 de
868 1867 1004 1939 iusticia
1029 1884 1064 1940 et
1078 1870 1307 1940 beneficentia
1322 1868 1416 1938 divi·
1467 1832 1618 1902 immae*
1675 1857 1715 1902 ³⁰
1742 1835 1946 1924 plectunlus
1975 1830 2138 1904 h⁰¹¹¹l¹¹⁰⁵
2168 1831 2213 1906 ⁰¹3
2241 1831 2303 1907 διὰ
2335 1831 2450 1915 πθδῦς

434 1988 497 2037 nas
521 1989 603 2037 esse.
663 1965 781 2037 Mater
803 1964 1010 2065 Eurynome
1034 1984 1107 2062 est,
1141 1973 1224 2064 quia
1248 1970 1415 2041 beneficia

431 2071 476 2138 ad
496 2068 628 2140 multos
649 2068 882 2158 perveniunt,
915 2073 1113 2166 etquidem
1136 2087 1246 2143 totam
1270 2073 1416 2142 societa-

431 2184 501 2242 tem
524 2164 716 2240 humanam
740 2186 959 2243 conservant.
1010 2171 1177 2245 Parentes
1196 2175 1296 2244 alunt
1311 2173 1415 2241 sobo·

427 2271 518 2357 lem,
552 2269 646 2339 cives
674 2274 938 2345 communicant
962 2297 1017 2344 res
1038 2275 1249 2346 necessarias
1273 2287 1416 2343 contra-

431 2373 559 2454 ctibus,
582 2385 615 2442 et
628 2370 738 2442 multa
755 2388 932 2465 praestant
944 2376 1058 2445 cilicia
1073 2400 1146 2444 uon
1162 2374 1290 2447 dehita.
1339 2370 1415 2462 Alii

431 2487 565 2565 patrem
605 2473 835 2547 nominarunt
864 2477 984 2548 Solem
1023 2488 1057 2545 et
1092 2489 1240 2546 matrem
1270 2473 1415 2566 Aeglen,

1468 1927 1671 2027 ἁμάρτημα
1702 1931 1742 2003 ἐν
1766 1930 1915 2029 χορείᾳ,
1964 1938 2058 2029 quod
2091 1950 2209 2005 tamen
2238 1938 2449 2009 ostenditur.

1468 2035 1554 2105 ldeo
1577 2046 1693 2103 autern
1716 2037 1830 2104 nudae
1853 2037 1963 2126 pictae
1980 2051 2064 2106 sunt
2079 2033 2259 2117 Charites,
2285 2051 2325 2109 ut
2339 2040 2451 2107 simu-

1466 2137 1551 2206 latio
1573 2133 1689 2203 0mnis
1712 2135 1803 2206 absit
1824 2135 1917 2209 inter
1938 2137 2070 2206 amicos
2093 2151 2127 2208 et
2147 2138 2277 2223 socios,
2309 2153 2343 2210 et
2366 2161 2448 2207 vero

1466 2237 1619 2322 candore
1646 2233 1869 2323 animorum,
1902 2238 2068 2307 beneficia
2092 2252 2125 2308 et
2148 2239 2260 2309 officia
2285 2253 2450 2331 petantur

1465 2352 1499 2409 et
1513 2338 1727 2411 tribuantur.
2493 2335 2501 2344 “

1566 2433 1724 2510 Pertinet
1736 2439 1781 2508 ad
1796 2462 1916 2509 causas
1931 2435 2093 2510 honestas
2108 2454 2141 2510 et
2155 2435 2258 2525 haec,
2282 2465 2328 2510 ne
2342 2443 2450 2511 bene-

1464 2541 1603 2611 ficentia
1625 2541 1669 2609 sit
1691 2540 1893 2612 inordinata
1916 2566 2034 2612 rerum
2052 2542 2233 2632 dissipatio
2251 2555 2311 2611 aut
2326 2544 2449 2632 profu-

1464 2645 1534 2725 sio,
1565 2654 1605 2712 ut
1629 2665 1758 2711 coenae
1779 2637 1931 2713 Antonii
1952 2656 1987 2714 et
2007 2640 2226 2736 Cleopatrae.
2283 2639 2448 2734 Denique

626 2811 634 2828 ‚
842 2807 852 2823 ,
1032 2810 1041 2827 ,
1464 2744 1533 2813 late
1547 2738 1633 2813 haec
1650 2743 1809 2813 doctrina
1828 2757 1941 2835 patet,
1965 2756 2005 2813 ut
2021 2745 2122 2815 facile
2139 2769 2180 2815 ex
2197 2743 2390 2837 praeceptis
2405 2744 2449 2812 de

531 2806 684 2880 Nomina
699 2831 783 2877 vero
798 2821 925 2880 usitata
934 2805 1119 2882 Charrtum
1129 2806 1215 2880 haec
1225 2822 1307 2881 sunt
1320 2809 1414 2899 apud
1466 2843 1475 2861 ·

429 2909 627 2982 Hesiodum
648 2922 684 2979 et
704 2907 920 2998 Pindarum,
953 2910 1098 3002 Aglaia,
1123 2907 1361 3002 E1¹Ph1⁰⁵y¹¹e
1382 2921 1415 2976 ⁰¹
1465 2843 2243 3027 lusuciie‘githdghdhlr'tdddshlitdhldgihddihsdum
2257 2947 2370 3039 prima
2391 2947 2448 3011 in-

432 2576 528 2668 quod
557 2572 663 2645 vitam
692 2575 835 2648 soveaut
859 2591 893 2647 et
915 2590 1043 2646 ornent
1064 2576 1202 2649 iusticia
1226 2591 1260 2649 et
1282 2575 1415 2650 benefi-

433 2676 558 2746 centia.

430 3007 572 3083 Thalia·
617 3008 1302 3134 [1:¹⁶⁸⁸⁰5m³l²¹²fi³ll⁰⁸¹¹⁰m⁸¹³¹¹²¹fn
1344 3007 1415 3078 ιδ’
1464 3058 1518 3115 ter
1531 3037 1691 3113 Charites
1706 3036 1843 3127 Aglaia.
1894 3043 2055 3111 Secunda
2066 3041 2303 3139 Euphrosyne
2317 3043 2446 3112 volun-

428 3114 654 3225 t⁸d³0¹¹j⁰¹¹¹²
680 3111 766 3182 ⁶⁰²⁸
793 3126 933 3230 {²⁰¹⁰OE
964 3129 1175 3233 Plststfflnfs
1208 3137 1291 3205 ‘lma
1315 3136 1414 3180 ‘⁰¹¹¹‘
1463 3144 1547 3217 tatis
1566 3144 1604 3211 in
1627 3141 1732 3210 dante
1754 3152 1789 3209 et
1808 3140 2001 3231 accipiente
2015 3143 2266 3231 ingenuitatem
2282 3143 2449 3234 postulat,

390 3296 394 3302 .
428 3223 673 3299 ΡΜΜΨΠΕῙῃ
703 3236 829 3281 metm
856 3228 891 3284 ²²
921 3238 1047 3304 plima
1079 3218 1156 3286 ‘¹³¹¹
1186 3214 1350 3283 ¹²²⁰⁰f¹⁰¹¹
1381 3224 1414 3281 ‘¹
1463 3259 1505 3316 ut
1532 3245 1678 3313 dicitur:
1711 3240 1871 3311 Hilarem
1900 3242 2060 3311 datorem
2092 3243 2209 3331 diligit
2229 3242 2340 3313 Deus.
2398 3238 2448 3311 Et

430 3308 588 3377 ‘eddim
606 3309 754 3426 ,fimet
778 3312 977 3399 ‘ignificm
992 3314 1195 3432 J⁰d¹¹⁰¹¹¹¹¹h
1247 3312 1318 3383 sed
1333 3334 1414 3381 ‘¹¹¹¹‘
1463 3359 1597 3417 veteres
1617 3342 1747 3412 Gracci
1766 3343 1948 3414 dixerunt:
1980 3337 2160 3438 Χαρίτων
2187 3338 2233 3417 de'
2259 3369 2298 3416 τε
2320 3340 2448 3436 θυμὸς

429 3423 501 3477 tres
518 3423 763 3496 nominantur,
787 3426 1026 3502 compensatio
1042 3428 1136 3484 mter
1151 3416 1253 3501 duos,
1280 3426 1313 3483 et
1328 3414 1414 3481 ube-
1463 3447 1622 3540 ἄριστος.
1673 3443 1959 3529 ὃθῃεωεῶὴ,
1985 3443 2135 3515 Fabium
2151 3447 2326 3539 quendam
2340 3448 2450 3514 bene,

428 3507 505 3624 rior
525 3509 565 3576 5¹¹
587 3511 758 3581 “serim
779 3514 929 3601 filatim
952 3514 1178 3632 ⁵3b¹¹lfif³¹¹¹¹0
1231 3512 1275 3583 ¹¹¹
1298 3514 1415 3632 ¹¹‚0mi‘
1464 3548 1582 3618 bcium
1605 3547 1650 3614 ab
1671 3540 1818 3616 homine
1838 3546 1930 3615 duro
1945 3568 2065 3636 aspere
2080 3548 2219 3630 datum,
2244 3547 2448 3616 nominasse

428 3609 536 3677 nibus
560 3610 691 3680 multae
706 3627 790 3684 stant
807 3617 1171 3687 commonefactrones.
1224 3613 1350 3703 Aglara
1364 3627 1416 3686 cst
1464 3672 1590 3743 panem
1605 3646 1822 3739 lapidosum,
1845 3645 1951 3740 qm,
1967 3646 2136 3716 esurienti
2153 3647 2309 3741 accipere
2323 3647 2368 3717 sit
2384 3670 2449 3715 ne·

426 3705 672 3828 pulcimssw!
720 3709 881 3828 mmm?
897 3714 994 3782 ‘nim
1009 3716 1151 3806 μύω)
1179 3716 1296 3802 idm’
1322 3716 1414 3787 ium
1462 3749 1670 3832 cessarium,
1690 3747 1869 3818 vescendo
1891 3760 2009 3817 tamen
2032 3749 2227 3819 insuavem.
2277 3745 2391 3839 Saepe
2412 3759 2448 3816 et

429 3811 562 3895 ‘'meu'’
578 3822 628 3879 Ἦ
658 3824 770 3883 ¹⁰⁸¹³⁰
799 3825 1004 3883 ‘mmmm
1031 3837 1154 3885 ‘³¹¹⁵oe
1175 3839 1248 3885 ‘⁵⁵⁸
1270 3817 1423 3912 debemf
1463 3874 1561 3923 mora
1590 3848 1777 3922 utilitatem
1808 3847 2020 3941 corrumpit,
2056 3862 2097 3919 ut
2126 3849 2271 3918 dicitur:
2311 3845 2448 3930 Gratia,

429 3907 643 3983 Prohibetur
670 3934 753 4001 ergo
781 3913 953 3984 scelerum
983 3916 1150 3999 societas,
1181 3930 1222 3986 ut
1242 3917 1412 4006 scriptum
1463 3976 1552 4047 quae
1572 3952 1671 4022 mg,
1686 3964 1756 4033 ω,
1779 3950 1916 4039 ingrata
1931 3964 1995 4023 eat,
2046 3943 2093 4019 Et
2106 3949 2168 4042 qui
2182 3949 2334 4042 superbe
2347 3950 2445 4025 daut,

428 4011 1200 4132 ²⁸²².N⁰⁰fi⁸⁸⁰⁶3⁰⁸i¹i²f¹⁰m¹⁰‘telem
1249 4013 1412 4135 Eufmi'
1462 4057 1568 4141 longa
1595 4050 1834 4143 expectatione
1860 4051 2037 4136 cruciant,
2066 4062 2106 4121 ut
2136 4051 2176 4119 in
2202 4052 2293 4122 aulis
2313 4048 2448 4121 Seneca

430 4114 478 4184 ¹⁸⁸
497 4138 536 4181 ¹¹¹
558 4115 693 4205 ¹‘g¹b⁰⁸
715 4110 975 4206 pf⁰h¹b¹¹¹⁰¹¹⁰⁸
991 4118 1123 4186 “mna‘'
1138 4131 1240 4202 Μ’
1265 4134 1412 4191 ⁸⁰⁰¹‘¹³'
1462 4155 1537 4225 beri
1554 4153 1659 4233 dicit,
1684 4151 1746 4219 ubi
1761 4151 1829 4229 ait,
1853 4148 2003 4219 iniurias
2016 4151 2223 4243 praecipites
2238 4173 2322 4231 esse,
2349 4151 2447 4218 lenta

428 4227 480 4285 ¹⁸⁸
510 4229 544 4285 ‘²
572 4229 670 4306 ΡΜιδ
703 4241 778 4333 ¹¹⁰¹}
807 4218 936 4287 dflbm
952 4242 1042 4335 ,⁰⁵⁵⁶
1066 4220 1235 4289 “dmm
1260 4219 1413 4294 limum·
1462 4253 1641 4324 beneficia.
1693 4249 1765 4318 Nec
1788 4260 1926 4318 tantum
1949 4250 1987 4317 in
2014 4252 2121 4322 dante
2142 4250 2255 4322 virtus
2271 4265 2343 4334 est,
2368 4249 2446 4316 sino

430 4313 515 4433 ¹⁴¹²?
528 4315 802 4436 Periclfflijflfl
837 4319 964 4412 eappa
979 4316 1121 4435 ,βωμοῦ
1142 4316 1249 4438 φίλῑζέ
1271 4317 1412 4440 imm:
1462 4352 1645 4446 superbia,
1678 4350 1754 4419 sinc
1774 4349 2005 4434 contumelia,
2029 4350 2108 4420 sine
2128 4352 2325 4443 captatione
2347 4351 2446 4429 dare,

426 4413 533 4488 Etru
551 4416 666 4501 Mimo
687 4420 821 4490 dictum
844 4432 910 4489 est:
944 4417 1006 4491 Bis
1028 4435 1145 4512 peccat
1166 4447 1228 4514 qur
1255 4437 1413 4512 peccanti
1462 4457 1522 4525 ,ed
1546 4453 1693 4524 compe„
1712 4464 1748 4521 εἰ
1770 4450 1994 4539 pempesfive,
2018 4465 2059 4523 ut
2079 4451 2231 4541 intffltgi
2244 4449 2446 4543 possituro-

428 4519 636 4615 ⁹b⁸⁰q¹¹i¹¹¹¹¹
654 4520 907 4593 ³⁸⁶⁰¹⁰¹⁰⁰d⁸¹·
1461 4554 1538 4626 veri
1571 4576 1652 4622 cum
1689 4549 1900 4640 cogitatione
1927 4546 2165 4623 humanarum
2195 4551 2448 4632 calamitatum,

529 4649 672 4742 Collega
702 4653 847 4742 triginta
863 4653 1109 4746 ‘tyrannorum
1143 4648 1293 4727 Athenis
1314 4653 1413 4729 Tbe-
1461 4652 1703 4725 misericordia
1725 4664 1761 4723 et
1781 4650 1915 4721 sincera
1937 4653 2196 4726 benevolentia.
2247 4649 2318 4724 Sed
2340 4651 2446 4721 etiam

427 4772 589 4823 ramenes
614 4753 702 4837 suit,
733 4769 766 4825 et
797 4754 951 4847 quidem·
964 4769 1072 4824 autor
1089 4755 1166 4825 eius
1187 4770 1316 4841 statos,
1349 4762 1412 4852 qrsi
1460 4759 1506 4828 ab
1529 4754 1725 4846 accipiente
1744 4751 1863 4822 absint
1883 4754 2034 4824 avaricia
2057 4768 2092 4826 et
2114 4751 2285 4833 insidiae,
2317 4746 2448 4822 habeat

428 4852 535 4921 initio
557 4856 668 4941 patria
690 4857 905 4925 necessarius
923 4852 1007 4925 luit.
1062 4854 1133 4926 Sed
1156 4860 1413 4950 cnm-collegae
1461 4855 1627 4928 honestas
1648 4875 1769 4924 causas
1790 4852 1933 4945 petitio,
1959 4876 2022 4924 nec
2039 4855 2085 4925 sit
2101 4853 2226 4925 similis
2240 4852 2447 4924 stellionum

430 4945 588 5020 honestis
605 4954 743 5025 civibus
762 4958 871 5026 vitam
894 4948 933 5027 eti
948 4955 1351 5048 iamtltatesesiperent,
1375 4977 1412 5034 et
1460 4954 1676 5050 imposturis.
1726 4951 1837 5025 Recte
1862 4952 2048 5040 Tiberius,
2071 4954 2306 5025 astutissimus
2329 4974 2447 5034 mnes,

428 5049 523 5120 filias
544 5050 714 5140 virgines,
744 5056 784 5125 in
805 5058 907 5130 atriis·
926 5049 1051 5128 cruore
1074 5064 1412 5147 patrummadenti-
1460 5081 1541 5130 com
1565 5055 1670 5126 multi
1691 5060 1854 5143 peterent
1871 5055 1918 5124 ab
1940 5055 2017 5145 ipso
2041 5069 2080 5127 ut
2104 5055 2256 5125 solveret
2277 5076 2335 5124 aes
2357 5053 2448 5124 alle-

428 5154 516 5238 bos,
542 5151 670 5224 saltare
689 5158 802 5227 nudas
817 5168 998 5249 cogerent,
1024 5158 1201 5228 adversari
1217 5160 1268 5229 eis
1284 5162 1411 5251 coepit,
1460 5180 1567 5242 uum,
1599 5154 1697 5248 quod
1714 5152 1794 5246 'ipsi
1812 5152 2014 5237 debebant,
2045 5155 2147 5225 iussit
2178 5176 2237 5225 eos
2260 5155 2299 5224 in
2320 5167 2446 5224 senatu

428 5268 468 5326 et·
482 5253 577 5325 mori
600 5255 744 5340 maluit,
767 5272 872 5350 quam
897 5259 1064 5331 iniustam
1087 5259 1329 5331 crudelitatem
1345 5265 1412 5332 ad·
1459 5254 1739 5338 caumedioere,
1761 5266 1984 5325 certantum
2007 5253 2098 5323 aeris
2118 5255 2229 5327 alieni
2248 5253 2446 5328 contraxis-

428 5354 563 5429 iuvare.
633 5354 805 5428 Fecerant
832 5356 1009 5429 decretum
1039 5356 1331 5448 Lacedaemonii,
1363 5388 1411 5434 ne
1458 5372 1548 5432 sent.
1598 5352 1676 5428 Hac
1688 5353 1800 5425 veluti
1818 5374 1966 5425 sensura
1980 5354 2154 5427 deterruit
2166 5356 2276 5445 alios,
2296 5380 2342 5427 ue
2356 5350 2444 5424 haec

428 5456 510 5550 quis
524 5451 807 5527 Atheniensibus
827 5458 988 5527 errdibus
1012 5454 1410 5552 hospitium-praeberet
1457 5450 1757 5550 πλεονεκτήματα
1774 5455 1820 5525 ab
1835 5450 2052 5547 Imperatore
2064 5469 2234 5548 peterent.

428 5558 632 5644 gerentibus
646 5582 743 5628 arma
758 5549 805 5628 ad
821 5562 1095 5646 recupemndam
1111 5561 1271 5652 patriam.
1310 5561 1411 5635 The·
1560 5558 1658 5650 Quid
1681 5554 1843 5630 usitatius
1863 5570 1915 5629 est
1930 5556 2129 5649 perlidiosis
2143 5557 2284 5640 amicis,
2311 5552 2372 5646 qui
2389 5555 2445 5621 ls-

428 5658 514 5771 bapi
549 5682 752 5753 quanqua-
783 5658 1144 5731 Lacedaemoniorum
1177 5665 1267 5734 socii
1287 5681 1411 5754 serant,
1458 5659 1681 5733 miliaritates
1694 5656 1905 5753 ‘aliquorum
1929 5659 2126 5753 adpetunt,
2157 5657 2269 5727 velut
2290 5654 2445 5723 aboen-
