6025 6775
487 693 560 769 sav
726 676 935 760 serum
961 674 1039 751 ru.
1064 670 1182 747 uun.
1209 668 1275 744 an
1300 664 1430 740 ntsr.
1455 663 1601 740 eaor.
1627 664 1695 739 ur
1717 633 2261 760 essuos.'srucraur1a;
2425 673 2501 745 ass

486 861 680 938 exercitum
701 856 747 926 ab
763 848 908 940 Alpium
929 842 1091 914 faucibus
1111 841 1343 935 pepulerunt,
1369 850 1406 908 et
1423 839 1469 907 ad
1522 833 1659 921 Mario,
1684 837 1889 927 praecipuos
1912 841 2009 911 viros
2022 840 2207 914 Romanae
2231 839 2425 912 nobilitatis
2443 842 2502 910 in-

488 964 641 1038 Athesin
655 947 1100 1027 flumeucastralecerunt.
1149 941 1230 1012 Huc
1245 962 1394 1033 propere
1409 961 1471 1008 ve·
1522 937 1671 1006 terfecit:
1699 934 1886 1008 Octavium
1912 938 2126 1027 Consulem,
2150 939 2346 1012 Antonium
2368 937 2503 1011 Orato-

489 1071 594 1137 niens
608 1058 765 1135 Marius,
789 1063 824 1119 et
846 1045 1036 1116 exercitum
1048 1039 1168 1113 Catuli
1193 1066 1273 1111 cum
1295 1064 1360 1112 suo
1384 1063 1472 1110 con·
1524 1060 1619 1122 rem,
1643 1036 1790 1107 Lucium
1807 1051 1841 1108 et
1852 1035 1977 1109 Caium
1987 1036 2153 1111 Caesares
2168 1045 2312 1127 fratres,
2338 1039 2500 1112 Catulum

492 1171 658 1252 iungens,
698 1148 891 1223 trucidavit
923 1158 1065 1215 centum
1097 1142 1329 1235 quadraginta
1359 1140 1473 1209 millia
1525 1151 1560 1207 ct
1577 1138 1708 1207 multos
1724 1137 1822 1206 alios.

491 1264 739 1338 Cimbrorum,
764 1263 800 1320 et
820 1246 1015 1335 sexaginta,
1039 1244 1097 1311 die
1116 1241 1281 1312 vicesimo
1300 1265 1396 1311 nono
1414 1239 1474 1310 lu-
1628 1235 1720 1307 Cum
1749 1233 1866 1305 Cinna
1893 1237 2016 1307 urbem
2046 1240 2243 1323 obsideret,
2282 1243 2355 1311 duo
2381 1244 2508 1312 fratres

492 1367 545 1435 tii.
601 1358 768 1429 Liberata
796 1350 904 1437 igitur
936 1343 1037 1414 ltalia
1063 1341 1252 1414 Cimbricis
1280 1342 1475 1412 terroribus
1525 1339 1617 1409 alter
1632 1361 1673 1406 ex
1687 1333 1823 1407 Cinnae
1840 1336 2009 1419 exercitu,
2034 1336 2119 1409 alter
2133 1363 2174 1408 ex
2188 1343 2387 1425 contrario,
2413 1342 2508 1411 inter

490 1462 633 1534 Marius
667 1469 703 1526 et
727 1450 875 1524 Catulus
902 1443 1055 1517 Romam
1091 1446 1135 1513 ad
1167 1438 1391 1535 triumphum
1418 1465 1476 1510 re·
1528 1461 1601 1509 sese
1624 1437 1858 1520 dimicarunt,
1882 1459 1962 1504 cum
1984 1450 2107 1506 neuter
2126 1440 2272 1509 alterum
2293 1452 2510 1529 agnosceret.

493 1566 650 1634 dierunt.
1528 1537 1653 1610 Postea
1683 1537 1796 1608 victor
1818 1536 1974 1626 spolians
1996 1536 2234 1619 interfectum,
2265 1541 2410 1628 agnovit
2433 1542 2513 1609 sra-

590 1651 593 1658 '
896 1649 898 1656 '
1530 1654 1637 1725 trem,
1660 1650 1694 1707 et
1708 1661 1794 1728 rogo
1808 1650 1965 1706 extructo
1978 1659 2052 1708 sese
2065 1637 2265 1728 impositum
2279 1640 2415 1729 corpori
2430 1640 2514 1709 fra·

1529 1741 1594 1814 tris
1629 1739 1812 1813 transfixit.
1870 1733 1974 1809 Talia
2002 1751 2086 1809 sunt
2112 1737 2311 1833 spectacula·
2330 1739 2512 1808 bellorum

1530 1841 1700 1911 civilium.

1631 1937 1770 2009 Marius
1801 1950 1900 2030 pater
1931 1936 2093 2027 proximo
2125 1961 2220 2007 anno
2248 1951 2326 2029 post
2356 1938 2516 2007 reditum

600 2051 780 2121 Adversus
803 2058 963 2115 externos
983 2035 1101 2108 hostes
1120 2058 1268 2124 magnae
1290 2058 1346 2105 res
1367 2048 1481 2125 gestae
1533 2038 1818 2133 septuagenarius
1832 2051 1868 2107 et
1883 2033 2005 2107 errans
2018 2052 2137 2109 mente
2155 2052 2313 2108 mortuus
2329 2051 2388 2107 est.

500 2166 583 2227 sunt
605 2172 719 2243 usque
740 2149 785 2217 ad
807 2146 912 2213 linem
928 2140 1015 2210 belli
1029 2135 1212 2209 Cimbrici.
1260 2134 1482 2225 Iamqueve·
1633 2136 1772 2210 Deinde
1800 2136 1917 2208 Cinna
1943 2150 1977 2207 et
2006 2134 2124 2207 Carbo
2154 2162 2229 2208 sese
2255 2139 2332 2206 sine
2361 2134 2519 2205 comitiis

500 2260 555 2325 lut
577 2239 678 2344 parto
699 2271 836 2318 summo
852 2241 1002 2334 imperio
1019 2252 1096 2307 orta
1113 2250 1195 2305 sunt
1210 2236 1302 2303 bella
1316 2234 1481 2304 intestina
1533 2237 1706 2311 Consules
1731 2238 1953 2312 crearuntiu
1974 2238 2171 2311 biennium.
2223 2238 2384 2329 Cumque
2396 2232 2518 2304 Cinna

501 2359 595 2423 inter
612 2348 794 2422 Romanos
817 2359 851 2415 et
872 2342 984 2412 socios
999 2337 1156 2418 ltalicos,
1181 2351 1216 2405 et
1237 2336 1365 2404 deinde
1389 2335 1483 2404 inter
1533 2353 1693 2411 metuens
1707 2336 1825 2430 Syllae
1846 2337 2019 2421 reditum,
2044 2339 2087 2407 ad
2110 2363 2214 2432 quern
2238 2337 2386 2430 plurimi
2407 2333 2518 2404 nobi·

500 2449 685 2525 Romanos
708 2450 821 2539 ipsos,
854 2462 943 2533 quae
963 2440 1108 2506 suerunt
1128 2435 1231 2524 plena
1255 2434 1483 2505 crudelitatis.
1534 2440 1585 2510 les
1602 2439 1672 2510 viri
1689 2439 1937 2527 confugerant,
1963 2437 2127 2507 adversus
2141 2463 2221 2509 eum
2236 2442 2409 2508 ducturus
2425 2447 2518 2505 esset

501 2552 597 2622 Haec
626 2548 784 2636 exempla
809 2540 1018 2620 ostendunt,
1052 2534 1199 2625 imperia
1221 2558 1295 2602 nou
1315 2528 1484 2603 humanis
1535 2540 1746 2622 exercitum,
1785 2539 1916 2609 milites
1948 2538 2108 2607 nolentes
2135 2539 2272 2628 ingredi
2298 2557 2408 2604 naves
2435 2557 2518 2604 eum

502 2648 661 2723 consiliis
681 2642 834 2726 servari,
858 2639 919 2709 sed
938 2639 1050 2705 donec
1068 2633 1217 2720 durant,
1243 2633 1374 2703 servari
1390 2634 1484 2703 divi·
1535 2639 1798 2714 interfecerunt.
1849 2637 1902 2708 lta
1924 2661 2054 2728 poenas
2077 2639 2174 2709 dedit
2189 2661 2271 2708 suae
2290 2635 2519 2719 crudelitatis,

503 2754 619 2834 nitus,
651 2761 685 2817 et
714 2760 831 2816 tamen
860 2741 994 2809 interea
1022 2730 1213 2804 horribiles
1236 2756 1368 2825 poenas
1387 2757 1485 2805 acce·
1536 2764 1616 2810 curn
1655 2737 1761 2807 initio
1797 2740 1965 2827 collegam
2006 2736 2196 2808 Consulem
2233 2734 2442 2818 Octavium,
2483 2748 2521 2803 et

503 2856 604 2933 dere,
628 2870 694 2916 nec
714 2857 851 2916 tanturn
871 2840 960 2907 iram
975 2834 1044 2907 Dei
1061 2836 1228 2905 adversus
1244 2847 1381 2924 peccata
1399 2859 1486 2905 con·
1537 2841 1667 2910 deinde
1697 2839 1974 2911 innumerabiles
2004 2833 2211 2930 praecipuos
2239 2837 2338 2920 viros,
2363 2846 2519 2906 curasset

504 2950 610 3042 spici,
635 2947 697 3017 sed
717 2941 785 3014 hoc
810 2960 969 3034 quoque,
994 2935 1091 3028 quod
1112 2935 1206 3003 inter
1227 2947 1344 3005 tantos
1358 2936 1486 3006 fluctus
1537 2940 1699 3012 interfici.

504 3054 578 3143 ipse
600 3060 718 3118 tamen
740 3053 853 3113 servet
868 3036 1015 3129 imperia
1031 3037 1143 3105 donec
1159 3035 1299 3105 durant.
1351 3031 1487 3106 Omnia
1640 3040 1725 3111 Post
1747 3039 1889 3109 tertium
1914 3062 2046 3108 annum
2068 3035 2166 3136 Sylla
2191 3039 2285 3111 redit
2305 3035 2519 3122 iu'ltaliam,

503 3148 721 3225 harcheiis,
752 3141 911 3224 Sociale,
944 3136 1129 3232 syllanum
1153 3148 1187 3203 ⁸1
1209 3133 1408 3219 lulianum,
1433 3136 1487 3205 ls-
1538 3142 1626 3212 iacta
1650 3163 1734 3231 pace
1756 3159 1836 3207 cum
1861 3134 2090 3223 Mithridate,
2115 3140 2156 3213 L.
2176 3139 2344 3232 Scipione
2366 3152 2399 3208 et
2419 3137 2520 3207 Nor-

504 3253 612 3321 niena
634 3246 781 3318 fuerunt
803 3241 952 3319 civium,
978 3236 1155 3308 nobilium
1171 3247 1205 3304 et
1219 3233 1348 3326 plebis,
1372 3238 1486 3328 qualis
1538 3243 1631 3311 hano
1647 3237 1751 3309 Coss:
1777 3240 1909 3308 ducens
1932 3239 2078 3327 triginta
2098 3241 2210 3309 millia
2225 3241 2381 3311 militum
2397 3250 2520 3309 contra

505 3343 820 3437 nonalialegitur.¹
1539 3342 1627 3412 duos
1649 3336 1860 3412 Consulares
1887 3340 2078 3426 exercitus,
2108 3340 2147 3409 in
2177 3341 2306 3434 quibus
2327 3353 2429 3410 erant
2453 3341 2522 3409 du·

607 3448 762 3520 Caeteris
791 3457 908 3515 autem
938 3438 1098 3524 omissis,
1129 3460 1239 3531 pauca
1269 3439 1313 3507 de
1340 3435 1487 3532 Syllano
1539 3455 1640 3512 centa
1669 3439 1792 3509 millia.
1857 3435 1928 3511 Sed
1953 3439 1995 3511 L.
2016 3439 2192 3532 Scipionis
2220 3441 2393 3512 exercitus
2424 3441 2519 3510 ultro

506 3548 604 3620 bello
627 3549 760 3631 dicam,
785 3559 826 3614 ut
845 3546 998 3615 duorum
1013 3542 1143 3609 ducum
1155 3551 1322 3622 naturae,
1348 3539 1489 3628 magni·
1540 3545 1583 3612 ad
1600 3541 1735 3635 Syllam
1749 3539 1902 3611 transiit.
1952 3539 2115 3610 Norbani
2132 3543 2321 3614 exercitum
2337 3541 2411 3611 acie
2427 3540 2524 3623 vicit,

507 3652 596 3722 tudo
618 3669 738 3716 rerum
759 3657 933 3731 gestarum
956 3654 991 3710 et
1012 3639 1103 3710 vicia
1116 3640 1393 3710 considerentur.
1445 3637 1486 3709 ln
1540 3641 1722 3714 trucidatis
1744 3654 1877 3732 septem
1897 3640 2066 3712 millibus.
2117 3639 2186 3712 Hic
2198 3641 2391 3713 Norbanus
2404 3653 2523 3733 postea

508 3744 645 3821 Murio
666 3745 728 3840 qui
750 3742 915 3814 Cimbros
936 3742 1088 3822 vicerat,
1117 3740 1309 3821 calliditas,
1335 3740 1488 3810 erudeli·
1541 3744 1578 3811 in
1593 3738 1765 3814 Rhodum
1789 3741 1926 3829 fugiens
1951 3764 2031 3809 cum
2053 3739 2187 3835 aSylla
2210 3746 2459 3836 deposceretur
2478 3741 2524 3809 ad

508 3866 561 3923 tas
584 3862 619 3920 et
634 3847 780 3919 ambitio
798 3839 1013 3934 iugensfuit.
1064 3835 1162 3905 Haec
1176 3861 1274 3907 caeca
1288 3839 1434 3909 ambitio
1449 3840 1488 3908 in
1541 3841 1774 3933 supplicium,
1807 3841 1848 3910 in
1878 3841 1956 3910 soro
1978 3836 2126 3912 Rhodio
2155 3844 2225 3914 sibi
2256 3856 2405 3913 mortem
2435 3862 2526 3909 con-

509 3975 590 4024 senc
625 3971 728 4021 causa
762 3947 832 4017 fuit
865 3953 985 4036 postea
1019 3936 1213 4009 saevissimi
1244 3937 1330 4007 belli
1363 3937 1489 4009 civilis.
1539 3943 1653 4014 scivit.

496 4040 599 4126 'Cum
619 4049 717 4145 Sylla
740 4049 813 4116 dux
833 4057 956 4115 eontra
974 4035 1220 4110 Mithridatem
1241 4037 1367 4108 missus
1390 4051 1489 4124 esset,
1587 4114 1590 4119 ,
1640 4028 1768 4110 Carbo
1789 4040 1879 4130 sugit
1896 4042 1935 4111 in
1954 4040 2135 4129 Siciliam,
2160 4037 2221 4112 tibi
2241 4061 2261 4107 a
2284 4036 2385 4105 Gneo
2407 4031 2524 4104 Pom-

507 4153 652 4244 impulit
673 4147 811 4219 Marius
831 4141 1030 4234 Sulpicium
1054 4138 1259 4210 Tribunum
1286 4139 1416 4229 plebis,
1447 4152 1490 4209 ut
1540 4143 1621 4236 peio
1636 4154 1758 4233 captus
1774 4155 1809 4212 et
1824 4143 2028 4213 interfectus
2044 4156 2107 4215 est.

508 4255 621 4343 legem
634 4251 742 4320 ferret
756 4250 800 4317 de
815 4242 1013 4314 revocando
1029 4237 1145 4332 Sylla,
1168 4250 1203 4306 et
1220 4239 1390 4310 mittendo
1405 4238 1489 4311 Ma·
1642 4243 1784 4313 Deinde
1814 4255 1849 4311 et
1868 4239 2008 4312 Marius
2033 4243 2127 4313 filius
2146 4238 2216 4310 acie
2238 4235 2352 4305 victus
2379 4248 2452 4316 est,
2475 4230 2524 4306 'ae

507 4355 563 4426 rio
591 4353 637 4424 ad
664 4349 858 4440 gerendum
888 4338 1021 4411 bellum
1050 4331 1344 4413 Mithridaticum.
1394 4338 1490 4411 Huic
1542 4341 1802 4437 scripsitSylla,
1824 4363 1860 4412 se
1874 4355 2013 4413 tantum
2026 4341 2153 4432 viginti
2166 4336 2296 4408 milites
2308 4335 2349 4404 in
2364 4358 2406 4407 eo
2421 4358 2523 4426 prae·

507 4454 575 4546 legi
591 4476 673 4525 cum
688 4446 822 4521 Consul
832 4442 877 4532 Q.
886 4437 1076 4528 Pompeius
1090 4437 1351 4525 adversaretur,
1376 4441 1489 4510 filium
1541 4444 1591 4513 lio
1620 4444 1794 4527 amisisse,
1823 4439 1981 4513 hostium
2013 4467 2096 4513 vero
2126 4437 2253 4528 viginti
2281 4435 2397 4505 millia
2424 4457 2523 4506 caesa

505 4555 672 4626 Consulis
685 4570 853 4637 generum
863 4540 982 4636 Syllae
995 4534 1319 4627 occiditSulpicius.
1371 4538 1489 4611 Tanto
1542 4565 1635 4623 esse,
1659 4557 1694 4614 et
1716 4556 1794 4613 octo
1818 4543 1931 4614 millia
1951 4556 2063 4633 capta.
2112 4538 2251 4611 Marius
2272 4536 2367 4607 filius
2390 4534 2524 4605 cumin

507 4655 608 4723 urbis
628 4653 785 4723 tumultu
805 4643 945 4732 cognito
970 4638 1068 4732 Sylla
1091 4636 1297 4728 priusquam
1320 4639 1358 4707 in
1376 4637 1490 4711 Grae-
1543 4643 1715 4733 oppidum
1735 4641 1901 4714 Preneste
1928 4643 2087 4733 fugisset,
2122 4652 2158 4709 et
2178 4638 2427 4709 circumsessus
2450 4656 2525 4704 non

509 4751 599 4823 ciam
620 4751 821 4836 navigaret,
851 4742 1005 4812 Romam
1028 4761 1108 4806 cum
1132 4735 1285 4805 exercitu
1306 4739 1431 4825 rediit,
1456 4753 1491 4811 et
1542 4755 1659 4834 posset
1672 4737 1842 4832 elllrgere,
1868 4743 1937 4815 sibi
1953 4754 2101 4812 mortem
2118 4737 2302 4812 conscivit.

508 4849 686 4922 damnatis
699 4844 819 4914 Mario
841 4854 876 4911 et
892 4836 1049 4929 Sulpicio
1064 4833 1294 4925 Reipublicae
1315 4841 1491 4931 tranquil·
1645 4840 1738 4915 Cum
1757 4844 1973 4915 adversarios
1987 4839 2088 4935 Sylla
2111 4842 2205 4911 iutra
2225 4837 2409 4909 biennium
2431 4846 2528 4906 aress

508 4952 643 5020 litatem
666 4946 837 5028 restituit,
862 4937 1061 5031 Sulpicium
1078 4932 1283 5008 Tribunum
1305 4935 1491 5013 interfecit.
1544 4942 1802 5029 dituvicisset,
1828 4943 1977 5016 Senatus
1999 4942 2228 5014 comitiorum
2251 4960 2353 5010 causa
2369 4933 2527 5006 luterre·

509 5049 647 5122 Marius
663 5049 752 5118 clam
768 5045 858 5135 sugit
872 5042 911 5112 iu
928 5033 1133 5131 Aphricam
1543 5064 1622 5133 gem
1642 5044 1774 5116 creavit
1792 5042 1835 5116 L.
1859 5043 2039 5115 Valerium
2052 5042 2236 5125 Flaccum,
2262 5040 2325 5132 qui
2345 5037 2460 5126 legem
2481 5035 2527 5103 ad

609 5144 748 5217 Deinde
770 5145 867 5239 Sylla
897 5143 1073 5234 proiectus
1097 5147 1220 5214 contra
1242 5132 1492 5212 Mithridatem
1543 5145 1715 5237 populum
1736 5145 1836 5231 tulit,
1860 5142 1980 5238 Syllae
1994 5145 2107 5215 videri
2124 5139 2357 5234 eRepublica
2373 5157 2444 5206 esse
2457 5130 2526 5203 Di·

508 5246 729 5341 recuperavit
744 5243 931 5314 Graeciam
946 5255 980 5310 et
994 5242 1081 5309 alias
1094 5239 1296 5329 provincias
1312 5235 1492 5312 aMithri·
1544 5258 1710 5317 ctaturem
1725 5245 1813 5329 dici,
1838 5245 1901 5338 qui
1913 5238 2432 5337 perturbatamRempublicam
2445 5255 2529 5304 rur·

507 5358 589 5425 date
603 5357 799 5431 occupatas.
1545 5368 1604 5416 sus
1629 5346 1828 5429 ordinaret,
1860 5345 1905 5414 de
1929 5367 1999 5439 qua
2022 5346 2097 5436 lege
2117 5343 2241 5417 Cicero
2265 5336 2385 5433 inquit
2406 5346 2530 5406 contra

609 5447 750 5519 interea
772 5439 910 5512 Romae
939 5458 1019 5506 cum
1040 5430 1156 5507 Cinna
1187 5458 1299 5508 novus
1320 5443 1493 5515 tumultus
1544 5440 1711 5518 Rullum:
1744 5442 1921 5517 Omnium
1947 5446 2066 5535 legum
2091 5442 2351 5537 iniquissimam
2372 5432 2531 5507 dissimi-

506 5560 682 5624 moveret,
713 5555 753 5614 ut
774 5535 907 5610 Italicis
931 5535 1008 5603 iura
1033 5533 1191 5623 suffragii
1212 5536 1328 5626 daret,
1357 5539 1494 5614 Consul
1543 5544 1735 5636 limamque
1755 5545 1840 5634 legis
1860 5569 1934 5618 esse
1953 5547 2110 5618 arbitror
2125 5567 2222 5628 eam,
2248 5560 2354 5635 quam
2368 5535 2412 5611 L.
2427 5534 2532 5606 Flso-

507 5649 680 5722 Octavius
711 5666 793 5716 eum
824 5637 914 5708 urbe
945 5634 1089 5727 expulit.
1147 5631 1279 5709 Nactus
1302 5644 1493 5712 exercitum
1545 5664 1606 5712 cus
1621 5640 1778 5714 luterrex
1800 5647 1845 5717 de
1859 5645 1958 5741 Sylla
1977 5647 2078 5735 tulit,
2102 5659 2142 5718 ut
2163 5643 2284 5715 omnia
2299 5657 2532 5735 quaecunque

505 5747 621 5821 Cinna
646 5743 821 5822 rediitad
848 5738 992 5823 urbem,
1025 5748 1060 5808 et
1082 5748 1244 5820 revocato
1268 5761 1311 5809 ex
1336 5736 1494 5834 Apbrics
1546 5740 1607 5811 ille
1622 5740 1775 5827 lecisset,
1800 5761 1915 5820 essent
1931 5761 2020 5820 rata.

525 1810 593 1879 De
626 1802 746 1876 dello
780 1795 952 1869 sociali
985 1798 1030 1861 et
1060 1787 1201 1859 tettts
1235 1785 1453 1859 ciuilibus

677 1908 784 1994 post
807 1893 1091 1967 Cimbricum
1117 1888 1295 1960 bellum.
