6025 6775
419 717 467 795 ῃ
560 689 566 702 “
962 695 1122 774 DECIa
1159 696 1234 775 DE
1267 688 1661 793 REVERENTIA
1691 694 1908 775 LEGUM.
2400 724 2445 795 13

518 884 617 956 Hm
632 877 750 951 grissia
772 871 980 965 spectacula,
1005 884 1043 943 et
1063 890 1187 943 eorum
1207 892 1349 960 causas,
1371 886 1408 946 et
1560 863 1644 939 Dixi
1666 880 1784 940 autem
1806 870 1849 939 de
1872 877 2209 952 commonefactioue
2231 888 2343 958 multo
2363 889 2445 960 bre.

418 989 612 1063 conciones
648 978 782 1048 divinas
809 972 977 1061 cogitate,
1009 993 1073 1041 vos
1105 973 1311 1065 praesertim
1344 975 1407 1069 qui
1458 968 1551 1056 vius,
1576 992 1683 1063 quam
1697 968 1836 1044 vellem.
1886 971 1957 1043 Sed
1973 977 2227 1076 vobisquoque
2242 1002 2345 1062 notae
2361 1005 2445 1064 suut

418 1088 628 1183 principum
649 1075 798 1149 consiliis
818 1073 968 1144 affuturi
990 1073 1090 1159 estis,
1117 1087 1151 1146 et
1173 1075 1293 1147 timete
1309 1074 1406 1172 ‘iram
1459 1065 1527 1141 hae
1541 1071 1729 1154 conciones
1743 1069 1903 1158 divinae,
1927 1097 2014 1168 quas
2032 1101 2134 1172 saepe
2147 1087 2337 1176 repetimus
2361 1115 2444 1182 pro-

419 1190 517 1273 Dei,
541 1198 574 1254 et
587 1192 710 1250 vestras
726 1188 760 1245 et
774 1174 935 1266 publicas
953 1197 1094 1265 poenas.
1458 1184 1537 1262 pter
1562 1173 1779 1243 voluntatem
1795 1167 1884 1256 Dei,
1908 1187 1943 1243 et
1965 1200 2059 1249 nuuc
2080 1197 2223 1274 propter
2246 1192 2443 1277 angustiam

531 1281 573 1355 Ut
591 1289 709 1350 autem
732 1275 806 1346 siut
826 1274 966 1344 foelicia
983 1275 1131 1345 consilia
1146 1276 1248 1347 vobis
1272 1292 1306 1349 et
1319 1277 1408 1351 Rei·
1458 1273 1627 1365 temporis
1638 1273 1788 1343 'brevior
1802 1295 1891 1346 sum.
1923 1273 2029 1348 Scitis
2045 1295 2160 1351 autem
2178 1301 2277 1359 vetus
2293 1291 2441 1363 dictum:

426 1383 591 1479 publicae,
612 1374 676 1448 has
689 1378 779 1447 duas
792 1375 940 1445 virtutes
953 1375 992 1443 in
1007 1377 1140 1446 curiam
1156 1378 1285 1449 adferri
1301 1403 1407 1472 opor·
1457 1373 1613 1445 Labores
1628 1396 1821 1464 congruere
1840 1372 2059 1463 iunioribus,
2085 1384 2220 1455 mediae
2237 1393 2340 1462 aetati
2356 1417 2443 1463 con·

425 1500 481 1559 tet.
529 1479 691 1552 Primum
713 1476 913 1547 doctrinam
932 1477 1104 1565 integram
1127 1479 1244 1568 legum
1265 1481 1406 1552 divina·
1458 1475 1555 1557 silla,
1587 1498 1706 1572 preces
1730 1498 1813 1543 vero
1833 1474 1993 1561 tenlbuS,
2025 1504 2114 1571 quae
2140 1497 2256 1556 tamen
2273 1495 2442 1566 omnibus

418 1608 499 1658 mm
514 1597 548 1655 gg
563 1577 818 1662 humanarum,
843 1600 918 1647 non
939 1590 1076 1647 santum
1094 1581 1258 1650 umbram
1275 1584 1407 1653 dotari.
1456 1575 1675 1668 temporibus
1702 1589 1737 1646 et
1763 1576 1906 1646 cuilibet
1929 1579 2033 1647 aetati
2051 1588 2262 1659 necessariae
2275 1607 2377 1679 sunt,
2401 1610 2443 1667 ut

417 1708 485 1757 nae
505 1697 543 1755 et
562 1679 824 1771 garrulitatem,
854 1678 984 1748 deinde
1006 1692 1040 1748 et
1055 1680 1271 1769 agnitionem
1288 1705 1328 1753 ac
1345 1709 1407 1752 ve-
1456 1672 1632 1747 Dominus
1657 1675 1788 1769 inquit:
1815 1678 1963 1768 Semper
1983 1693 2098 1764 orate,
2118 1698 2152 1755 et
2170 1686 2246 1757 sine
2268 1715 2325 1760 me
2347 1692 2440 1765 nihil

415 1809 499 1857 mm
529 1784 691 1854 [imorem
712 1776 799 1866 Dei,
832 1779 895 1872 qui
923 1792 1044 1871 peetus
1071 1782 1257 1853 confirmet
1283 1795 1406 1854 contra
1456 1777 1601 1867 potestis
1616 1777 1741 1848 faeere.
1787 1774 1835 1868 ‚ln
1850 1776 1958 1849 fanllt
1979 1779 2161 1853 sudoribus
2186 1788 2320 1859 diaboli
2347 1808 2380 1865 el
2402 1796 2441 1863 ln

418 1900 554 1958 megum
580 1894 783 1976 potentum,
817 1893 941 1949 contra
970 1882 1246 1965 adsentationes,
1282 1898 1405 1955 conans
1455 1890 1553 1948 tanta
1570 1878 1809 1947 imbecillitate
1824 1872 1970 1948 humaui
1991 1884 2128 1972 generis
2142 1888 2370 1962 manifestum
2381 1911 2442 1981 est,

421 1985 624 2069 avaritiam,
648 1995 771 2054 contra
783 1981 1032 2065 ambitionem,
1059 1997 1094 2054 et
1108 1984 1217 2073 erigat
1236 1986 1406 2072 animum,
1455 2000 1530 2047 non
1554 1999 1655 2068 posse
1684 1976 1816 2047 servari
1838 1973 2050 2063 Ecclesiam,
2083 1985 2153 2054 nisi
2181 1983 2256 2058 Deo
2287 1992 2440 2070 iuvante.

418 2100 459 2158 ut
474 2086 566 2158 iusta
581 2084 668 2155 velit
686 2094 887 2152 constanter
908 2096 942 2152 et
957 2081 1093 2169 dicere,
1119 2098 1152 2155 et
1173 2110 1406 2176 propugnare,
1454 2075 1503 2149 El
1519 2078 1612 2147 filius
1626 2074 1692 2146 Del
1708 2077 1975 2149 clementissimo
1989 2084 2180 2172 promittit,
2206 2111 2243 2158 se
2257 2115 2333 2161 eam
2350 2118 2440 2164 sem-

417 2186 510 2258 sicut
525 2184 688 2256 leremias
703 2182 813 2252 nullis
831 2182 1023 2253 terroribus
1040 2197 1073 2253 et
1095 2187 1275 2277 suppliciis
1291 2188 1407 2274 lraugi
1456 2202 1519 2271 per
1541 2191 1759 2248 servaturum
1784 2201 1874 2258 ΜΘ,
1907 2178 1998 2250 tlcut
2024 2182 2157 2277 inquit:
2198 2185 2273 2279 Ego
2304 2215 2441 2288 semper

417 2301 549 2378 potest,
574 2298 615 2356 ut
627 2284 761 2355 bellum
776 2279 967 2354 Sedecbiae
981 2284 1053 2373 regi
1069 2290 1231 2370 suadeat,
1255 2298 1316 2356 aut
1329 2310 1408 2355 mo-
1455 2302 1517 2349 ero
1543 2279 1727 2349 vobiscum
1752 2301 1864 2372 usque
1888 2281 1933 2349 ad
1960 2288 2295 2360 consummationem
2323 2287 2441 2371 sec‘uli.

418 2402 496 2459 tum
529 2386 717 2480 approbet,
745 2406 824 2454 cum
855 2384 998 2477 quidem
1024 2386 1155 2476 species
1189 2386 1276 2455 iuris
1308 2400 1406 2457 tants
1459 2378 1532 2450 llac
1549 2405 1605 2449 me
1620 2380 1821 2450 dulcissima
1843 2381 2084 2454 consolatione
2100 2386 2139 2455 in
2162 2383 2228 2459 hac
2244 2410 2380 2465 senecta
2401 2397 2439 2466 in

418 2498 687 2580 praetexerctur,
710 2496 750 2555 ut
767 2484 868 2555 multi
884 2485 1057 2575 sapientes
1073 2499 1106 2554 et
1119 2487 1213 2555 docti
1230 2510 1268 2557 ea
1284 2511 1406 2557 move-
1455 2481 1565 2552 tantis
1579 2482 1848 2550 confusionibus
1864 2496 2032 2569 sustento,
2057 2499 2093 2557 ct
2106 2490 2238 2561 crebris
2252 2496 2441 2582 gemitibus

419 2601 562 2668 rentur,
587 2599 620 2657 et
636 2585 735 2679 quasi
750 2585 931 2654 classicum
956 2597 1138 2669 canerent,
1163 2609 1224 2657 seu
1245 2602 1282 2658 us
1299 2586 1406 2658 luen.
1456 2581 1758 2653 conservationem
1773 2578 1950 2653 Ecclesiae
1965 2598 2059 2674 peto.
2532 2662 2536 2672 ,

419 2711 501 2758 nem
519 2687 608 2757 nulli
631 2700 783 2759 terrores
799 2684 1028 2771 frangebant,
1052 2708 1121 2777 quo
1142 2688 1260 2758 minus
1274 2690 1406 2759 diceret
1558 2677 1636 2751 Oro
1652 2682 1762 2771 igitur
1774 2694 1849 2753 toto
1867 2697 2006 2772 pectore
2019 2682 2136 2761 Deum
2149 2705 2352 2783 aetornum,
2378 2723 2441 2790 pa-

419 2785 571 2858 Hcrodi:
594 2786 675 2857 Nou
692 2784 851 2855 licettibi
870 2779 999 2853 habere
1013 2785 1131 2859 fratris
1143 2813 1300 2866 uxorem.
1333 2788 1407 2859 Nec
1456 2795 1545 2852 trem
1565 2782 1714 2851 Domini
1731 2784 1843 2878 nostri
1860 2780 1939 2856 lesu
1955 2780 2100 2874 Christi,
2124 2795 2278 2864 crucifixi
2295 2822 2359 2889 pro
2375 2825 2441 2870 no-

417 2888 717 2977 desuutexempla
731 2879 1021 2959 interEthnicos.
1456 2883 1512 2952 bis
1538 2894 1571 2950 et
1590 2884 1803 2969 resuscitati,
1833 2884 1964 2955 fontem
1985 2889 2176 2978 sapientiae
2202 2911 2235 2966 et
2261 2903 2441 2969 custodem

516 2986 736 3079 Papinianus
764 2985 878 3056 iussus
908 2987 955 3056 ab
983 2984 1199 3076 Imperatore
1225 2986 1407 3074 Bassiano,
1456 2977 1635 3054 Ecclesiae
1655 3003 1758 3058 suae,
1783 2996 1824 3050 ut
1845 2985 2010 3075 deinceps
2023 3013 2165 3084 quoque
2181 3017 2320 3087 semper
2335 3000 2372 3068 iu
2386 2997 2442 3070 his

414 3102 457 3160 ut
471 3089 674 3158 defenderet
689 3085 928 3178 parricidium,
946 3091 1043 3181 quod
1059 3089 1134 3180 ipse
1149 3087 1339 3160 Bassianus
1353 3091 1407 3160 se.
1454 3081 1660 3172 regionibus
1689 3078 1832 3168 colligat
1858 3082 1926 3149 sibi
1953 3081 2146 3159 Ecclesiam
2176 3108 2375 3182 aeternam,
2408 3113 2444 3170 et

416 3201 530 3267 cerat,
563 3185 747 3252 interfecto
775 3187 904 3266 fratre,
936 3183 1139 3277 quanquam
1172 3190 1303 3259 sciebat
1336 3190 1407 3258 sibi
1456 3197 1570 3253 servet
1585 3183 1624 3250 in
1638 3206 1678 3250 ea
1693 3176 1847 3267 hospitia
1861 3172 2049 3263 Ecclesiae,
2075 3198 2109 3252 et
2121 3190 2319 3259 doctrinam
2334 3218 2444 3284 suam,

416 3283 643 3376 pereundum
667 3299 761 3362 esse,
783 3281 960 3349 recusavit
981 3294 1099 3351 tamen
1123 3284 1262 3354 sceleris
1283 3288 1407 3355 delen·
1457 3294 1493 3352 et
1523 3277 1616 3349 hanc
1648 3279 1760 3369 ipsam
1791 3276 1909 3364 legum
1940 3280 2166 3368 sapientiam,
2198 3300 2232 3357 et
2258 3285 2443 3368 honestam

415 3384 555 3453 sionem
573 3375 766 3469 suscipere,
795 3391 969 3471 acpostea
984 3403 1112 3469 magno
1130 3380 1251 3451 animo
1270 3384 1408 3475 suppli·
1457 3378 1701 3470 disciplinam,
1733 3388 1768 3446 et
1797 3387 1934 3446 nostras
1963 3377 2114 3454 familias
2146 3401 2322 3480 protegat,
2357 3396 2444 3488 ipse,

416 3483 514 3556 cium
534 3477 693 3572 pertulit.
740 3475 861 3549 Cassio
884 3478 1050 3565 Longino
1063 3479 1157 3545 Nero
1180 3481 1303 3548 effodit
1319 3503 1407 3551 ocu·
1456 3499 1537 3545 cum
1562 3475 1706 3569 quidem
1730 3497 1786 3546 res
1806 3479 1987 3560 ostendat,
2021 3505 2089 3555 nos
2117 3510 2191 3556 non
2220 3483 2350 3565 habere
2372 3492 2443 3568 hu·

414 3586 486 3653 los.
536 3578 815 3650 Meminimuset
831 3587 952 3642 nostra
968 3586 1091 3656 aetate,
1115 3595 1244 3663 paucos
1259 3578 1405 3671 quidem
1455 3598 1561 3669 mana
1576 3577 1761 3668 praesidia.
1804 3575 1925 3666 Quare
1939 3594 2106 3674 tanquam
2123 3588 2273 3679 orphani
2290 3596 2443 3685 petimus

417 3702 570 3779 quorum
592 3674 719 3746 similis
739 3674 808 3743 fuit
823 3672 1031 3745 constantia.
1081 3671 1150 3742 Sed
1172 3677 1263 3746 duos
1286 3691 1404 3749 tamen
1454 3687 1488 3745 et
1510 3690 1731 3768 expectamus
1751 3678 1920 3749 auxilium
1941 3678 2050 3754 aDeo
2070 3701 2167 3776 patre
2190 3689 2444 3787 orphanorum,
2469 3708 2478 3729 ⁰

417 3781 604 3855 nominare
625 3796 788 3867 musam,
812 3796 966 3867 quorum
978 3773 1068 3842 alter
1087 3769 1294 3849 charissimo
1313 3780 1405 3871 patri
1454 3776 1545 3847 sicut
1560 3777 1729 3869 scriptum
1744 3791 1811 3849 est:
1845 3773 2020 3871 Orphano
2035 3789 2143 3857 tueris
2157 3792 2307 3870 adiutor.

417 3907 497 3955 meo
512 3879 647 3952 amicus
665 3875 752 3955 fuit,
775 3872 970 3964 Gregorius
984 3871 1209 3965 Lamparter,
1232 3879 1323 3950 alter
1337 3904 1406 3949 no-
1556 3876 1661 3949 Nunc
1683 3893 1718 3950 te
1738 3873 1940 3949 charissime
1958 3883 2008 3952 lili
2029 3883 2179 3960 loannes
2194 3894 2376 3990 alloquor,
2401 3926 2442 3973 ac

419 3998 474 4057 tus
488 3994 539 4053 est
553 3981 593 4048 in
608 3972 790 4061 historiis,
814 3971 972 4046 Thomas
986 3973 1124 4045 Morus.
1455 3979 1609 4069 primurn
1626 3976 1702 4050 Deo
1715 3981 1845 4071 gratias
1859 4002 1937 4068 ago,
1963 3990 2058 4077 quod
2074 3983 2243 4063 hacteuus
2257 3996 2441 4087 ingenium

519 4080 593 4153 Nec
607 4079 816 4149 inusitatum
832 4090 882 4148 cst
897 4100 917 4145 a
934 4075 1093 4169 tyrannis
1108 4077 1270 4146 devorari
1286 4078 1406 4148 fideles
1455 4090 1490 4147 et
1503 4079 1618 4149 studia
1633 4093 1693 4150 tua
1715 4081 1936 4170 gubernavit.
1988 4084 2070 4160 Scio
2085 4091 2180 4163 enim
2199 4107 2234 4164 te
2248 4097 2364 4171 fontes
2377 4103 2443 4173 do-

419 4183 633 4265 mouitores,
656 4192 696 4250 ut
711 4178 768 4247 leo
782 4176 823 4249 in
838 4177 968 4248 fabulis
980 4179 1127 4246 devorat
1142 4200 1272 4269 equum
1286 4193 1320 4248 et
1336 4179 1406 4248 asi·
1455 4179 1589 4247 ctrinae
1609 4179 1697 4248 iuris
1719 4193 1813 4250 recte
1833 4181 2014 4265 didicisse,
2040 4203 2076 4260 et
2097 4204 2131 4262 te
2151 4218 2232 4264 vere
2254 4220 2441 4289 agnoscere

419 4309 507 4358 num
528 4285 670 4374 ignaros
691 4277 955 4350 adsentationis.
1005 4272 1141 4347 Obruit
1158 4279 1319 4367 ingentes
1338 4280 1406 4350 ista
1456 4291 1489 4348 et
1513 4279 1677 4348 invocare
1704 4277 1838 4365 Deum,
1870 4293 1906 4349 et
1934 4306 2052 4356 amare
2077 4291 2264 4370 iusticiam.
2321 4298 2442 4388 Quare

420 4385 574 4479 procella
595 4381 709 4465 viros,
733 4391 774 4450 ut
788 4378 907 4449 virum
932 4376 1104 4468 optimum
1119 4376 1231 4464 Abel,
1255 4392 1289 4450 et
1303 4381 1406 4450 dein·
1456 4403 1536 4449 cum
1566 4400 1700 4469 sperem
1731 4395 1811 4451 tuos
1838 4378 1977 4453 labores
2005 4391 2049 4457 ad
2080 4395 2381 4469 conservationem
2405 4417 2441 4474 et

419 4478 715 4579 cepsProphetas,
739 4494 774 4552 et
788 4473 1290 4565 interEthnicosPalamedeu,
1307 4476 1406 4551 The-
1455 4480 1743 4570 propagationem
1765 4482 1964 4569 doctrinae,
1995 4501 2030 4558 et
2055 4491 2099 4560 ad
2122 4490 2355 4586 Reipublicae
2375 4525 2441 4593 gu.

419 4587 633 4669 mistoclem‚
658 4578 936 4670 Theramenem,
969 4575 1170 4659 Demaden,
1196 4577 1406 4652 Demosthe-
1457 4580 1699 4650 bernatiouem
1715 4583 2027 4674 profuturosesse,
2051 4594 2199 4680 gaudeo,
2225 4619 2265 4666 ac
2281 4615 2377 4692 opto,
2400 4618 2440 4676 ut

420 4712 515 4772 nem,
535 4683 698 4768 Aratum,
722 4680 945 4763 Ciceronem,
970 4692 1004 4750 et
1018 4679 1294 4752 innumerabiles
1307 4683 1406 4756 alios.
1456 4681 1560 4751 multi
1582 4681 1655 4752 sint
1676 4684 1720 4752 ad
1745 4685 1985 4775 posteritatem
2006 4696 2167 4764 custodes
2188 4719 2291 4769 verae
2305 4703 2441 4774 doctri-

421 4786 482 4859 Aa
496 4784 583 4859 haec
603 4785 759 4879 pericula
775 4783 890 4875 parati
910 4781 1039 4865 simus,
1065 4793 1101 4852 et
1116 4781 1266 4853 sciamus
1282 4783 1408 4854 diabo-
1458 4806 1524 4851 nae
1538 4782 1673 4852 fideles:
1696 4798 1800 4878 teque
1816 4779 2003 4874 adhortor,
2028 4806 2068 4864 ut
2089 4793 2128 4863 in
2143 4797 2309 4872 omnibus
2323 4807 2441 4876 consi-

425 4887 502 4955 lum
523 4889 707 4980 praecipue
732 4884 896 4955 insidiari
925 4882 1221 4970 gubernatoribus
1240 4886 1408 4955 consilio-
1456 4883 1515 4952 liis
1528 4884 1598 4953 tuis
1611 4906 1738 4956 ornare
1753 4887 1900 4975 gloriam
1913 4886 2000 4975 Dei,
2024 4905 2059 4964 et
2081 4894 2201 4968 iuvare
2217 4923 2440 4978 communem

395 4992 399 5001 '
423 5006 529 5068 rum,
559 5001 595 5057 et
613 5002 771 5078 petamus
791 5009 813 5055 a
833 4985 908 5056 lilio
925 4980 1012 5062 Dei,
1038 4983 1101 5076 qui
1117 4998 1168 5055 est
1184 4987 1301 5074 magui
1322 5009 1409 5055 con·
1456 4985 1603 5054 salutem
1625 4980 1810 5056 hominum
1832 4990 1990 5075 studeas,
2014 5007 2049 5066 et
2064 4990 2181 5069 Deum
2199 5023 2283 5087 oro,
2306 5004 2441 5079 fontem

423 5085 499 5158 silii
518 5085 680 5172 angelus,
702 5088 908 5179 sapientiam
926 5098 960 5155 et
978 5085 1245 5175 protectionem.
1458 5085 1667 5176 sapientiae,
1691 5100 1733 5157 ut
1754 5099 1867 5159 totum
1889 5089 1981 5160 vitae
2002 5105 2083 5165 tuae
2096 5120 2237 5168 cursum
2260 5104 2442 5192 gubernet.

528 5183 608 5255 Has
621 5188 966 5258 commonefactiones
981 5206 1082 5277 saepe
1098 5209 1163 5256 nos
1178 5199 1334 5278 repetere
1347 5210 1410 5258 ne-
1458 5181 1635 5275 Coniugio
1667 5187 1770 5257 etiam
1802 5202 1864 5259 tuo
1895 5212 2036 5280 precor,
2076 5209 2117 5267 ut
2148 5195 2245 5272 Deus
2275 5200 2443 5281 castitatis

426 5310 519 5359 cesse
536 5299 607 5366 est,
635 5281 823 5375 quialieus
837 5289 1008 5357 immensa
1023 5287 1181 5357 bonitate
1196 5289 1275 5358 vult
1292 5284 1330 5358 in
1352 5312 1411 5379 ge-
1460 5308 1599 5371 amans,
1624 5300 1659 5357 te
1681 5300 1715 5358 et
1737 5311 1901 5382 sponsam
1924 5307 2038 5382 regat,
2064 5310 2098 5367 et
2114 5300 2238 5389 faciat,
2262 5319 2305 5377 ut
2318 5312 2444 5382 coniu-

426 5411 511 5458 nere
534 5382 697 5457 humano
718 5404 839 5467 souare
860 5412 942 5459 suae
964 5387 1155 5478 sapientiae
1172 5411 1315 5475 vocem,
1337 5391 1411 5461 sive
1460 5386 1557 5476 glum
1587 5401 1741 5460 vestrum
1775 5392 1820 5462 sll
1845 5392 1998 5463 seusium
2032 5410 2067 5467 el
2096 5401 2216 5474 foelix·
2244 5404 2445 5499 .Gogitabis

428 5486 553 5571 multi,
578 5488 652 5556 sive
674 5482 780 5575 pauci
801 5485 884 5556 liant
897 5489 1072 5560 meliores.
1123 5485 1172 5559 Et
1187 5503 1305 5561 tamen
1321 5514 1413 5562 sem-
1462 5488 1569 5558 etiam
1600 5489 1742 5562 intuens
1772 5488 1957 5565 honestam
1989 5519 2154 5588 sponsam
2186 5515 2300 5593 tuam,
2335 5511 2443 5578 filiam

430 5611 495 5677 per
521 5588 676 5681 aliquam
696 5581 892 5656 Ecclesiam
920 5588 1012 5657 lilius
1033 5585 1101 5658 Dei
1122 5590 1160 5658 in
1192 5612 1319 5680 genere
1343 5589 1413 5665 hu·
1461 5612 1577 5658 meam
1591 5585 1851 5680 charissimam,
1874 5590 1969 5666 hunc
1983 5613 2138 5672 vestrum
2156 5625 2331 5690 amorem,
2354 5609 2445 5678 ima-

434 5708 539 5757 mauu
561 5699 684 5759 uma
740 5681 862 5758 Erunt
879 5686 988 5778 igitur
1003 5689 1134 5785 aliqui,
1164 5692 1225 5797 qui
1245 5690 1321 5766 Deo
1347 5697 1413 5768 ob-
1463 5691 1582 5782 ginem
1604 5715 1677 5764 esse
1697 5695 1827 5767 amoris
1843 5697 1883 5766 in
1903 5697 1977 5768 lilio
1991 5696 2059 5770 Dei
2079 5726 2158 5793 erga
2172 5699 2363 5775 humanam
2380 5731 2446 5780 na-

436 5789 687 5874 tempessbunt.
1311 5820 1314 5825 ·
1462 5805 1593 5881 turam,
1617 5818 1725 5890 quam
1739 5798 1946 5892 adsumpsit,
1969 5812 2099 5890 storga
2113 5799 2316 5874 Ecdesism
2368 5807 2447 5882 Hoc

492 5885 660 5958 massas.
685 5890 787 5962 Orsa.
812 5887 991 5959 Vonxll.
1482 5982 1486 5987 .
1913 5902 1941 5971 2
