6025 6775
1123 535 1151 580 le..

380 742 453 816 „3
602 685 630 806 j
1070 708 1098 778 1.
1149 695 1442 782 cunontcou
1467 675 1712 775 canionis.
2011 651 2015 658 ’
2332 718 2406 790 su

382 874 584 949 Phocenses
599 887 633 945 et
648 872 842 946 Locrenses
855 872 1089 945 dirimeretur.
1142 870 1266 941 Postea
1283 894 1362 940 cum
1416 867 1516 959 plum
1539 867 1697 938 vicinum
1719 865 1906 960 fugissent,
1937 872 2040 951 iussit
2060 877 2158 967 parci
2181 882 2333 973 templo,
2366 888 2398 963 ἐι
2635 905 2662 1002 ιδ

384 978 417 1049 T
421 975 551 1048 hebani
568 975 740 1045 auxilium
760 986 936 1067 peterent,
963 968 1213 1065 Thrasybulus
1229 994 1366 1040 memor
1417 968 1549 1039 dimitti
1580 970 1778 1040 incolumes
1807 994 1948 1059 omnes,
1989 977 2052 1069 qui
2081 1002 2123 1048 eo
2155 984 2397 1073 confugerant.
2620 1029 2669 1124 ἦ,

383 1078 548 1150 beneficii
566 1071 818 1145 Thebanorum
839 1095 963 1141 suasor
985 1086 1056 1156 est,
1081 1086 1122 1141 ut
1143 1072 1364 1162 iuvarentur,
1416 1065 1597 1140 Concessit
1615 1084 1649 1141 et
1663 1065 1846 1143 Thebanis
1869 1077 2069 1164 petentibus
2092 1082 2261 1153 cadavera
2285 1088 2403 1178 inte'r.¹
2670 1091 2684 1124 ⁴

384 1195 420 1252 et
437 1181 609 1249 accedunt
626 1178 752 1246 auxilia
767 1175 916 1243 aliarum
934 1173 1129 1245 civitatum.
1174 1169 1364 1241 ltarursus
1414 1169 1588 1240 lectorum
1605 1173 1650 1240 ad
1669 1174 1896 1261 sepulturam.
1939 1174 2041 1250 Adeo
2059 1204 2132 1251 non
2147 1182 2295 1259 indulsit
2310 1193 2394 1280 irae,
2506 1185 2509 1194 ’
2674 1157 2690 1200 ³

384 1284 424 1350 in
435 1278 585 1349 Graecia
603 1300 643 1345 ex
659 1276 727 1345 levi
742 1275 986 1363 eausa-ingens
1004 1272 1155 1356 bellum,
1175 1285 1209 1342 et
1224 1270 1363 1340 exitiale
1418 1294 1621 1363 quanquam
1638 1272 1843 1346 vulneratus
1861 1290 1947 1346 erat.

381 1377 687 1455 Lacedaemoniis,
713 1388 831 1445 ortum
855 1386 917 1444 εει.
970 1371 1080 1443 Duxit
1101 1383 1240 1463 partem
1264 1394 1362 1441 erer-
1516 1370 1592 1442 lam
1615 1395 1699 1442 vero
1719 1374 1756 1442 in
1773 1371 1859 1445 Asia
1883 1376 2114 1453 inclinatione
2134 1384 2393 1463 iactaLaconi-

382 1484 473 1552 citus
487 1476 649 1549 Laconici
665 1474 858 1569 Lysander.
910 1471 944 1543 Is
960 1474 999 1542 in
1014 1468 1360 1564 oppugnationeHa·
1414 1492 1474 1538 cae
1492 1473 1690 1561 potentiae,
1723 1477 1829 1548 rediit
1850 1470 2009 1550 Athenas
2030 1478 2176 1571 Conon,
2206 1503 2239 1560 et
2259 1496 2392 1581 patriae

381 1578 791 1667 liarti,1erumpentibus
804 1570 987 1645 Thebanis
1002 1588 1097 1644 extra
1114 1574 1298 1665 oppidum,
1322 1573 1362 1641 in
1414 1569 1553 1639 donans
1585 1573 1842 1663 quinquaginta
1877 1579 2027 1666 talenta,
2066 1584 2103 1653 id
2133 1600 2203 1674 est,
2245 1593 2389 1682 triginta

381 1703 496 1774 pugna
517 1678 723 1747 interfectus
750 1689 813 1747 est.
872 1673 943 1745 Hie
963 1676 1077 1745 exitus
1100 1688 1151 1745 εει
1173 1673 1362 1769 Lysandri,
1412 1671 1524 1741 millia
1540 1684 1808 1760 coronatorum,
1833 1702 1954 1750 muros
1977 1706 2016 1752 ea
2038 1688 2187 1775 pecunia
2210 1692 2304 1763 refici
2328 1722 2390 1768 cu.

382 1782 443 1875 qui
459 1774 619 1851 Athenas
641 1789 819 1869 coeperat,
844 1777 944 1847 cuius
958 1776 1089 1847 virtute
1104 1774 1270 1866 Spartani
1292 1775 1361 1843 im·
1412 1772 1522 1851 ravit,
1559 1770 1786 1864 aLysandro
1807 1798 1957 1855 eversos.
2021 1781 2075 1856 lta
2095 1780 2335 1886 Thrasybuli
2356 1815 2390 1871 et

379 1882 480 1973 perio
503 1880 607 1971 potiti
627 1880 778 1949 fuerant.
842 1875 914 1948 Sed
937 1877 1140 1968 superbiam
1164 1898 1278 1967 poena
1306 1898 1361 1945 se·
1411 1864 1576 1945 Cononis
1599 1874 1729 1946 virtute
1751 1874 1921 1966 paulatim
1934 1875 2096 1956 Athenae
2119 1911 2240 1963 rursus
2259 1913 2419 1971 erectae¹

381 1996 491 2076 quute
507 1994 570 2054 est.
622 1979 927 2063 Scribiturenim,
955 1974 1037 2048 huie
1061 1976 1358 2068 primoomnium
1410 1985 1504 2043 sunt.
1564 1971 1638 2046 Nec
1665 1974 1779 2045 multo
1810 1989 1890 2066 post
1915 1982 2069 2052 reditum
2092 1984 2269 2075 Cononis,
2310 2007 2393 2069 cum·

385 2081 607 2153 Graecorum
625 2081 766 2150 divinos
780 2074 934 2148 honores
949 2074 1090 2149 habitos
1103 2100 1187 2148 esse.
1408 2072 1681 2156 Lacedaemonii
1721 2076 1864 2147 classem
1908 2098 2130 2176 repararent,
2181 2094 2309 2166 missus
2340 2115 2390 2172 εει

484 2179 597 2252 Erant
617 2195 733 2250 autem
750 2196 820 2252 tam
844 2179 926 2247 laeti
950 2199 1128 2250 successus
1144 2176 1298 2266 Agesilai
1320 2176 1359 2245 in
1383 2259 1386 2278 .
1411 2171 1658 2267 Thrasybulus
1675 2178 1718 2244 ad
1736 2176 1979 2268 impediendos
1988 2181 2303 2278 Lacedaemonios,
2328 2203 2391 2292 qui

380 2280 486 2367 Asia,
511 2297 553 2354 ut
568 2284 755 2374 procedere
771 2282 809 2349 in
827 2303 974 2368 regnum
983 2278 1164 2348 Persicum
1179 2278 1358 2367 cogitaret.
1382 2281 1388 2392 ff
1409 2271 1620 2368 Byzantium
1637 2277 1789 2366 recepit,
1817 2290 1851 2347 et
1869 2301 1924 2347 res
1939 2283 2068 2354 multas
2085 2287 2258 2362 foeliciter
2273 2301 2388 2383 gessit.

380 2382 451 2454 Sed
470 2382 634 2474 Spartani
659 2393 834 2452 crescente
851 2381 1008 2471 potentia
1024 2376 1281 2449 Thebanorum
1302 2403 1358 2448 re·
1410 2373 1481 2445 Sed
1505 2400 1585 2445 cum
1611 2380 1656 2446 ad
1672 2372 1879 2467 Aspendum
1902 2382 2034 2452 milites
2055 2386 2131 2456 eius
2154 2396 2313 2483 populati
2334 2423 2388 2469 es-

381 2496 511 2553 vocant
534 2506 632 2568 eum,
655 2484 758 2552 missa
782 2480 935 2574 Scytala.
984 2478 1054 2550 Hic
1074 2493 1172 2551 tanta
1192 2480 1259 2549 fuit
1279 2502 1358 2548 mo·
1409 2490 1487 2547 sent
1507 2498 1627 2565 agros,
1665 2479 1839 2568 Aspendii
1870 2481 1998 2553 irritati
2028 2500 2135 2557 noctu
2165 2513 2391 2587 erumpentes

380 2585 494 2653 destia
510 2578 680 2672 Agesilai,
703 2597 744 2654 ut
765 2581 886 2651 relicta
903 2555 1056 2651 maxinia
1078 2602 1139 2678 spe
1160 2579 1357 2674 occupandi
1408 2578 1527 2648 subito
1547 2578 1704 2647 tumultu
1729 2592 1764 2649 et
1785 2574 2051 2673 Thrasybulum
2074 2588 2112 2655 iu
2137 2611 2201 2663 suo
2225 2602 2389 2687 tentorio,

378 2682 559 2754 Persicum
585 2683 793 2775 imperium,
832 2706 914 2751 mox
946 2681 985 2750 in
1019 2681 1168 2773 patriam
1201 2681 1357 2761 redierit,
1409 2690 1443 2746 et
1461 2678 1591 2747 milites
1606 2678 1742 2770 aliquot
1756 2679 2018 2754 interfecerunt.
2059 2682 2166 2759 Hunc
2182 2695 2300 2779 brevi,
2326 2703 2388 2770 sed

379 2781 469 2855 haee
497 2785 669 2854 modestia
692 2785 731 2852 in
754 2796 851 2853 tanta
874 2782 1029 2871 potentia
1050 2781 1100 2851 ita
1121 2782 1356 2873 praedicatur,
1407 2772 1655 2846 honestissimo
1679 2780 1882 2850 testimonio
1904 2798 2008 2853 ornat
2030 2784 2231 2876 Xenophon
2256 2797 2318 2867 tib.
2333 2799 2386 2869 4,;

381 2898 425 2956 ut
454 2880 558 2976 longe
591 2885 759 2953 omuibus
792 2883 903 2974 ipsius
938 2882 1095 2953 victoriis
1128 2883 1356 2986 anteieratqr.
1411 2870 1676 2972 Θρασύβουλος
1696 2876 1847 2976 μέντοι
1865 2874 1968 2971 μάλα
1984 2879 2109 2958 δοκῶν
2125 2885 2222 2987 ἀνὴρ
2239 2892 2387 2993 ἀγαθὸς

379 2984 497 3056 Tanta
513 2999 630 3056 autem
647 2985 716 3055 fuit
736 2985 779 3053 de
801 2985 876 3053 eius
900 2984 1058 3068 iusticia,
1091 2983 1302 3055 fortitudine
1323 2994 1358 3051 et
1408 2974 1521 3063 εἶναι,
1554 2974 1673 3058 οὕτως
1694 2974 1934 3072 declinandae.

380 3087 553 3156 modestia
581 3085 723 3178 opinio,
760 3097 801 3154 ut
821 3083 1092 3155 Lacedaemonii
1117 3107 1294 3155 summum
1324 3082 1358 3153 ei
1512 3076 1560 3150 Ut
1591 3092 1707 3149 autem
1725 3078 1997 3158 Lacedaemonii
2026 3110 2148 3161 rursus
2176 3113 2386 3172 crescentem

378 3187 570 3280 imperium
599 3199 633 3256 et
661 3185 850 3256 exercitum
880 3185 921 3257 in
955 3199 1068 3270 terra,
1107 3197 1142 3255 et
1171 3186 1296 3257 classes
1317 3184 1357 3253 in
1408 3180 1602 3272 potentiam
1619 3175 1888 3251 Atheniensium
1912 3198 1948 3255 et
1966 3186 2189 3263 resectionem
2204 3221 2388 3273 murorum

378 3287 491 3372 mari,
517 3280 850 3357 commendaverint.
901 3283 949 3355 Et
964 3282 1358 3379 scribitTheopompus,
1409 3281 1642 3372 impedirent,
1673 3294 1836 3351 accusant
1858 3281 2014 3355 Atticam
2036 3290 2231 3378 civitatem,
2266 3314 2299 3371 et
2322 3327 2388 3373 no-

375 3389 486 3460 luisse
501 3414 579 3460 cum
595 3411 772 3459 summum
788 3388 905 3457 virum
922 3411 1005 3457 suae
1019 3389 1152 3463 aetatis.
1409 3381 1572 3454 minatim
1586 3377 1779 3489 Cononem
1793 3385 1888 3474 apud
1901 3384 2106 3461 Tiribazum
2130 3397 2255 3468 ducem
2271 3400 2389 3474 Persi-

481 3487 573 3559 Cum
587 3505 703 3561 autem
717 3491 755 3559 in
773 3486 857 3560 Asia
876 3488 1032 3559 triennio
1048 3490 1188 3573 luisset,
1213 3501 1248 3558 ει
1262 3485 1359 3556 mul·
1410 3507 1510 3567 cum,
1553 3505 1595 3551 ac
1623 3494 1788 3568 monent,
1826 3487 2060 3576 periculosam
2089 3495 2165 3564 fore
2192 3506 2401 3589 potentiam

378 3596 435 3663 ta's
457 3590 563 3659 urbes
585 3586 701 3659 Persis
726 3605 881 3682 ereptas,
922 3589 1071 3682 imperio
1092 3588 1271 3660 Laconico
1295 3588 1360 3656 ad·
1409 3579 1685 3656 Atheniensium
1704 3607 1812 3675 reguo
1830 3584 1989 3672 Persico,
2022 3599 2225 3678 praesertim
2250 3626 2330 3673 cum
2352 3620 2388 3678 et

378 3692 537 3771 iecisset,
579 3703 614 3760 et
637 3690 740 3760 sociis
767 3691 857 3762 iuste
881 3704 916 3762 et
936 3692 1116 3762 moderate
1142 3690 1359 3782 imperasset,
1409 3681 1741 3772 EvagoramPersae
1756 3700 1962 3765 metuerent.
1994 3688 2147 3766 Mittunt
2160 3699 2387 3789 igiturAthe-
2466 3718 2468 3723 '

378 3792 563 3862 discedens
580 3791 723 3883 reliquit
738 3792 793 3860 sui
807 3791 1015 3877 dissimiles,
1040 3815 1166 3863 avaros
1186 3805 1220 3862 ει
1233 3792 1360 3860 crude·
1384 3840 1386 3847 .
1410 3809 1477 3879 nae
1489 3786 1638 3876 Legatos
1652 3787 1696 3857 ad
1712 3785 1918 3858 Tiribazum
1932 3793 2154 3881 placandum.
2208 3799 2251 3869 ln
2275 3799 2328 3874 his
2353 3823 2387 3879 et

378 3895 433 3962 les
454 3890 673 3982 Harmostas.
731 3888 844 3962 Classi
862 3906 979 3964 autem
1002 3895 1213 3986 praefecerat
1233 3889 1359 3962 Pisau·
1410 3884 1634 3959 Cononfuit.
1684 3886 1792 3957 Hunc
1808 3887 1993 3962 Tiribazus
2009 3910 2132 3966 contra
2153 3898 2209 3970 ius
2229 3907 2385 3990 gentium

381 3997 487 4063 drum
505 3994 624 4064 uxoris
645 3993 802 4066 fratrem.
1411 4002 1550 4079 captum
1567 3989 1605 4059 in
1616 3986 1772 4057 Persian]
1787 3988 1900 4069 ducit,
1925 3992 1987 4058 ubi
2001 3991 2040 4060 in
2055 4018 2191 4070 carcere
2206 4023 2266 4072 seu
2284 4028 2386 4075 neca-

484 4090 571 4166 Erat
592 4120 633 4166 eo
660 4109 819 4188 tempore
841 4080 992 4176 Conon,
1028 4095 1109 4165 exul
1129 4088 1360 4167 Atheniensis
1411 4103 1468 4158 tus
1491 4104 1562 4168 est,
1590 4111 1649 4157 seu
1667 4086 1802 4155 morbis
1825 4087 2009 4161 extinctus.
2060 4090 2254 4171 Accusator
2270 4120 2386 4176 autem

379 4191 678 4288 apquvagoram
695 4220 814 4287 regem
831 4194 960 4290 Cypri,
986 4195 1144 4289 quicum
1161 4210 1240 4267 octo
1257 4195 1361 4266 navi·
1410 4186 1766 4273 fueratAntalcidas,
1790 4184 1985 4278 Spartanus
2003 4190 2149 4282 legatus.
2202 4200 2235 4270 ls
2259 4205 2386 4277 deinde

380 4298 451 4365 bus
466 4294 599 4381 fugerat
616 4321 789 4389 expugna
811 4298 855 4364 ad
872 4296 990 4384 Aegos
1005 4293 1183 4366 Potamos.
1233 4293 1304 4364 Hie
1326 4307 1361 4363 et
1411 4313 1526 4379 arege
1540 4286 1701 4373 Persico,
1726 4288 1810 4380 quia
1823 4288 1918 4359 bello
1929 4285 2102 4366 Thebano
2116 4295 2388 4377 Lacedaemonii

382 4391 566 4480 Evagorae
587 4408 619 4463 ει
642 4399 730 4485 regis
744 4395 880 4469 Persici
901 4394 1049 4487 pecunia
1072 4408 1109 4465 et
1129 4395 1279 4466 navibus
1301 4394 1361 4463 in·
1412 4391 1564 4482 impares
1578 4402 1697 4475 erant,
1723 4388 1926 4481 impetravit
1948 4393 2120 4483 edictum,
2145 4423 2216 4491 qno
2240 4426 2302 4473 rex
2323 4431 2387 4498 pa.

381 4504 554 4576 structus,
593 4495 745 4566 mittitur
774 4512 897 4570 contra
924 4494 1240 4583 Lacedaemonios,
1278 4519 1359 4566 eum
1412 4516 1486 4562 cem
1500 4489 1647 4562 Graecis
1663 4488 1829 4561 omnibus
1840 4491 2009 4582 imperat,
2037 4512 2070 4569 ει
2082 4499 2215 4570 bellum
2232 4505 2389 4579 minatur

381 4594 509 4665 Persae
526 4593 684 4664 viderent
702 4598 851 4670 nimium
866 4621 1020 4670 crescere
1039 4598 1232 4688 potentiam
1246 4596 1361 4668 Laco·
1383 4542 1389 4704 Ι
1411 4593 1475 4677 iis,
1502 4594 1651 4685 quinon
1668 4591 2039 4683 sintobtemperaturi.
2088 4599 2142 4671 Ac
2164 4600 2270 4674 simul
2286 4631 2388 4679 man.

381 4697 500 4766 nicam
524 4694 562 4762 in
583 4692 679 4765 Asia.
744 4694 813 4767 Hie
832 4696 958 4772 Conon
990 4722 1117 4788 magno
1150 4698 1285 4791 praelio
1315 4701 1358 4768 ad
1412 4695 1473 4764 dat
1495 4689 1697 4774 Thebanis,
1728 4705 1769 4764 ut
1786 4716 1883 4764 arma
1905 4694 2100 4786 deponant,
2131 4714 2165 4772 ει
2187 4703 2389 4780 civitatibus

355 4793 537 4869 ·Cnidum
569 4796 654 4867 vicit
682 4794 892 4871 Laconicam
921 4803 1083 4887 classem,
1122 4813 1158 4871 et
1188 4798 1362 4869 interiecit
1412 4794 1598 4887 pristinam
1622 4794 1821 4866 libertatem
1842 4796 2004 4871 reddant.
2062 4796 2157 4888 Quia
2179 4827 2262 4881 vero
2278 4805 2388 4880 Lace-

380 4892 609 4969 Pisandrum.
679 4894 757 4968 Hac
792 4897 890 4968 clade
921 4916 1060 4995 accepta
1089 4898 1361 4974 Lacedaemonii
1412 4897 1682 4967 daemoniorum
1699 4894 1848 4965 consilio
1863 4890 1949 4966 haec
1969 4919 2036 4988 pax
2058 4900 2243 4991 impetrata
2265 4908 2390 4997 luerat,

344 4994 508 5069 ’'rursus
536 4997 645 5066 maris
673 4998 862 5090 imperium
890 5003 1102 5091 amiserunt,
1134 5017 1169 5074 et
1192 5000 1361 5095 paulatim
1413 5011 1448 5068 et
1463 4992 1580 5065 adhuc
1597 5016 1723 5085 magna
1740 5007 1815 5063 erat
1831 4994 1989 5083 ipsorum
2005 5000 2389 5100 potentia,‘etAgesi-

380 5088 568 5168 hivitatum
585 5098 733 5169 deiectio
748 5112 895 5192 sequuta
912 5114 975 5172 est.
1146 5154 1149 5159 <
1412 5097 1460 5165 lai
1484 5096 1670 5186 praecipua
1693 5092 1880 5178 autoritas,
1918 5092 2190 5172 Lacedaemonii
2211 5127 2249 5178 se
2269 5124 2390 5183 osten·

390 5248 395 5257 ,
486 5193 583 5265 Haec
601 5198 717 5268 clades
735 5199 948 5269 denunciata
973 5206 1024 5272 es't
1034 5202 1197 5296 Agesilao
1222 5202 1260 5270 in
1285 5200 1362 5292 ipso
1415 5200 1544 5266 derunt
1564 5196 1640 5265 fore
1661 5189 1769 5264 huius
1793 5192 1900 5264 edicti
1921 5196 2010 5286 regii
2037 5200 2254 5294 defensores,
2295 5216 2391 5304 quod

381 5294 523 5380 reditu,
550 5309 584 5367 et
600 5299 644 5368 ad
659 5295 752 5370 hanc
767 5300 834 5369 alia
849 5300 966 5369 clades
980 5306 1129 5380 accessit.
1160 5302 1251 5376 Cum
1269 5301 1362 5371 enim
1415 5297 1545 5367 celebri
1578 5294 1813 5387 appellatione
1843 5296 2051 5369 nominatur
2074 5298 2147 5373 Pax
2171 5304 2391 5387 Antalcidae.

353 5396 428 5463 -in
449 5390 633 5468 Boeotiam
658 5400 698 5469 in
723 5403 798 5494 ipsa
818 5399 913 5471 Solis
938 5399 1059 5491 eclipsi
1080 5406 1295 5493 pervenisset
1319 5403 1363 5470 ad
1417 5396 1541 5469 lurant
1555 5397 1664 5487 igitur
1679 5392 1834 5467 Graecae
1850 5396 2008 5468 civitates
2023 5425 2166 5499 omnes,
2200 5430 2236 5479 se
2254 5414 2391 5482 obtem·

385 5495 511 5566 urbem
526 5496 744 5587 Coroneam,
769 5525 849 5572 cum
866 5496 1048 5570 Thebanis
1064 5511 1098 5569 et
1117 5498 1238 5574 eor'um
1261 5503 1365 5575 sociis
1415 5511 1599 5591 peraturas
1622 5521 1704 5568 esse.
1771 5495 1840 5568 Sed
1861 5510 1975 5569 astute
1994 5496 2265 5579 Lacedaemonii
2286 5506 2391 5580 huius

372 5595 560 5667 dimicans
585 5603 792 5676 vulneratus
813 5615 874 5675 est.
934 5597 989 5673 Ac
1010 5599 1132 5671 scribit
1155 5601 1366 5695 Xenophon,
1416 5602 1511 5692 pacis
1526 5611 1819 5690 praetextusnam
1839 5600 2031 5689 potentiam
2048 5628 2168 5676 rursus
2186 5611 2392 5680 confirmare

363 5708 457 5766 tam
475 5721 556 5767 acre
569 5703 740 5789 praelium
754 5705 880 5790 fuisse,
905 5716 946 5774 ut
967 5703 1109 5774 nullum
1130 5721 1194 5769 suo
1209 5714 1366 5793 tempore
1418 5701 1642 5772 conatisunt.
1695 5693 1881 5790 Occuparet
1901 5701 2026 5771 fraude
2043 5701 2232 5774 Cadmeam
2251 5705 2393 5779 Theba-

374 5794 496 5869 !uerit
512 5799 639 5877 acrius.
689 5799 745 5875 Ex
768 5830 809 5878 eo
831 5805 964 5897 praelio
988 5825 1067 5876 cum
1090 5800 1196 5873 multi
1218 5800 1258 5868 in
1278 5814 1367 5871 tem·
1390 5785 1498 5899 irum
1516 5808 1642 5875 arcem.
1694 5797 1765 5934 1qu
1769 5813 1810 5934 :t
1833 5801 1999 5892 coniuges
2014 5816 2047 5873 ει
2061 5805 2149 5875 filias
2165 5802 2394 5889 honestorum
