6025 6775
494 751 544 827 09
1065 739 1226 815 nucu.
1258 738 1333 813 uu
1367 736 1634 826 sturnus,
1666 739 1953 850 untncteu.
2467 754 2517 823 ιο

495 944 587 995 mur.
627 917 860 990 Manifestum
877 924 1059 1010 astantem
1081 912 1358 984 illustrissimum
1374 911 1481 981 Prin·
1534 913 1681 980 mendas
1707 926 1740 981 et
1773 915 1815 979 ad
1847 917 2072 1004 expellendos
2097 917 2309 999 Saracenos,
2350 923 2515 1010 praefecit

494 1026 610 1117 cipem
629 1016 882 1099 Anhaltinum,
908 1015 1067 1107 quinon
1089 1015 1203 1086 solum
1220 1016 1358 1105 generis
1375 1015 1481 1084 nobi·
1532 1014 1704 1084 exercitui
1717 1015 1901 1084 Albertum
1920 1034 2153 1107 cognomento
2169 1019 2316 1105 Ursum,
2338 1036 2461 1091 natum
2479 1024 2516 1091 in

498 1128 618 1207 litate,
642 1125 698 1190 sed
715 1120 815 1189 etiam
830 1115 1052 1199 eruditione,
1077 1118 1247 1208 sapientia
1268 1116 1480 1188 etomnibus
1531 1115 1666 1185 familia
1689 1111 1868 1184 Comitum
1893 1118 1936 1185 de
1954 1117 2146 1191 Ballenstet
2169 1137 2202 1191 et
2224 1124 2393 1205 Ascania,
2420 1125 2516 1194 scitis

501 1224 687 1296 virtutibus
700 1218 882 1297 excelluit,
907 1217 1114 1309 gravissimo
1130 1218 1265 1288 iudicio
1280 1218 1479 1288 doctrinam
1532 1231 1648 1286 autem
1668 1214 1854 1285 Ascaniam
1871 1241 1983 1286 arcem
2000 1234 2035 1289 et
2056 1224 2226 1313 oppidum
2243 1248 2316 1293 esse
2339 1249 2423 1311 non·
2434 1251 2516 1315 pro·

506 1337 677 1399 sonantem
696 1322 734 1389 in
748 1317 916 1391 Ecclesiis
932 1319 1061 1390 nostris
1082 1319 1282 1409 amplexum
1299 1344 1391 1405 esse,
1415 1343 1480 1389 nec
1533 1319 1590 1387 cnl
1607 1319 1652 1387 ab
1667 1316 1930 1389 Halberstadio.
1971 1317 2089 1390 Huius
2106 1324 2242 1394 Alberti
2258 1325 2403 1394 Ascanii
2420 1341 2515 1396 tanta

502 1439 613 1519 postea
628 1423 795 1492 abiecisse
817 1446 996 1515 unquam,
1022 1423 1160 1492 tametsi
1183 1435 1326 1513 propter
1344 1421 1480 1491 confes-
1530 1420 1599 1490 fuit
1620 1419 1791 1509 sapientia
1818 1432 1851 1488 et
1866 1421 1995 1500 virtus,
2020 1438 2060 1491 ιιι
2075 1424 2114 1491 in
2133 1424 2231 1495 ltalia
2255 1429 2381 1516 partim
2398 1430 2515 1497 consi-

497 1529 628 1598 sionem
641 1525 781 1614 magnis
797 1523 939 1593 iniuriis
952 1537 986 1593 et
1001 1524 1226 1593 contumeliis
1242 1524 1478 1593 adficiebatur.
1533 1522 1581 1590 lio
1590 1572 1602 1605 ,
1630 1521 1757 1611 partim
1775 1523 1979 1611 praeliando
1997 1536 2030 1592 et
2046 1526 2257 1597 domesticos
2276 1531 2446 1598 tumultus
2461 1553 2516 1598 se-

498 1626 544 1700 Ut
565 1627 673 1717 igitur
697 1627 857 1697 etmulti
879 1627 974 1716 apud
996 1638 1131 1695 exteros
1154 1638 1188 1695 et
1210 1625 1340 1716 posteri
1357 1624 1481 1713 sciant,
1533 1623 1686 1700 daverit,
1712 1638 1747 1692 et
1760 1622 1954 1693 Saracenos
1974 1627 2191 1714 represserit.
2235 1627 2361 1698 Postea
2375 1647 2513 1702 secutus

493 1730 609 1823 qualis
637 1726 695 1799 vir
719 1723 780 1796 hic
802 1729 984 1798 doctrinae
1010 1727 1107 1796 testis
1139 1726 1264 1806 luerit,
1298 1723 1480 1796 historiam

493 1832 569 1901 eius
587 1831 754 1902 recitabo.

596 1961 668 2033 Nec
691 1962 847 2032 alienum
872 1976 922 2032 est
938 1958 1003 2032 hoc
1019 1976 1264 2051 argumentum
1282 1962 1327 2028 ab
1343 1957 1407 2029 hac
1422 1984 1481 2027 re-

494 2065 734 2138 nunciatione.
786 2062 875 2133 Nam
897 2078 929 2131 et
947 2059 1031 2132 hnic
1051 2064 1118 2155 ipsi
1135 2065 1191 2132 cui
1214 2065 1342 2152 gradus
1357 2063 1479 2130 decer-

493 2168 611 2251 nitur,
638 2180 674 2237 et
695 2165 799 2235 nobis
820 2166 986 2235 omnibus
1005 2155 1092 2235 utile
1118 2179 1169 2235 est
1192 2161 1260 2234 hoc
1282 2162 1478 2252 exemplum

494 2269 645 2352 intueri,
671 2268 753 2361 quia
772 2290 909 2359 semper
932 2270 1072 2357 prodest
1096 2262 1273 2336 Ecclesiae
1296 2260 1479 2331 historiam

495 2386 531 2443 et
547 2370 727 2441 doctrinae
741 2393 867 2458 genera
890 2370 1132 2451 considerare,
1158 2382 1194 2461 et
1219 2366 1359 2454 piorum
1384 2362 1479 2433 testi-

493 2472 625 2542 moniis
648 2472 859 2542 confirmari.
911 2470 1051 2542 Deinde
1073 2484 1106 2537 et
1130 2468 1323 2556 praesentia
1353 2463 1416 2537 Dei
1440 2466 1478 2532 in

494 2569 652 2644 Ecclesia
676 2575 895 2663 agnoscenda
914 2587 983 2654 est,
1007 2586 1040 2640 et
1062 2569 1192 2657 gratiae
1211 2569 1363 2657 agendae
1383 2579 1479 2648 sunt,

494 2677 591 2769 quod
606 2677 665 2745 dat
686 2676 823 2769 aliquos
839 2675 1009 2742 salutares
1023 2668 1193 2740 Doctores
1215 2684 1248 2739 et
1265 2669 1480 2760 guberuato-

494 2801 569 2860 res,
599 2793 632 2848 et
653 2778 874 2847 accendenda
902 2787 955 2842 est
976 2773 1172 2856 invocatio,
1203 2784 1243 2841 ut
1260 2771 1426 2861 deinceps
1445 2782 1481 2837 et

493 2878 596 2948 nobis
613 2880 723 2959 adsit,
749 2891 782 2946 et
806 2887 902 2964 regat
919 2876 1120 2944 docentium
1137 2887 1170 2943 et
1188 2872 1398 2941 discentium
1417 2893 1479 2961 pe-

492 2994 600 3054 ctora.
641 2978 804 3071 Denique
820 2977 1081 3047 commonefieri
1097 3000 1162 3044 nos
1177 2977 1337 3065 prodest,
1362 2985 1401 3040 ut
1415 2995 1479 3040 sno

492 3084 642 3174 quisque
663 3082 740 3150 loco
760 3080 921 3150 imitetur
948 3075 1053 3149 huius
1069 3076 1245 3167 Principis
1260 3073 1479 3165 diligentiam

495 3184 535 3248 in
549 3182 779 3270 inquisitione
796 3181 975 3261 veritatis,
1001 3182 1040 3246 in
1057 3178 1294 3259 invocatione,
1321 3181 1359 3243 in
1375 3173 1480 3242 casti-

496 3292 567 3347 tate
583 3291 616 3346 et
631 3276 791 3344 omnium
809 3278 979 3344 virtutum
994 3276 1129 3343 olliciis.

591 3407 742 3499 Propter
755 3404 817 3477 has
833 3431 954 3477 causas
970 3407 1042 3476 scio
1058 3407 1162 3474 bonis
1179 3405 1344 3474 omnibus
1360 3417 1395 3473 et
1410 3403 1483 3473 uti-

492 3514 563 3581 lem
579 3522 614 3579 et
628 3523 762 3599 gratam
779 3511 854 3578 lore
870 3505 961 3577 hanc
978 3506 1366 3586 commemorationem,
1392 3528 1482 3594 quae

493 3628 612 3684 tamen
628 3612 740 3680 multo
758 3606 825 3678 erit
842 3610 984 3675 brevior
1001 3619 1036 3672 et
1054 3603 1211 3683 tenuior,
1236 3626 1341 3693 qnam
1358 3615 1480 3690 postn-

491 3716 544 3785 lat
569 3711 775 3801 magnitudo
800 3731 939 3790 rernm,
965 3707 1009 3772 de
1032 3705 1161 3796 quibus
1183 3702 1372 3771 dicendum
1393 3715 1479 3775 erat.

494 3814 566 3888 Sed
579 3813 674 3883 scitis
695 3812 794 3881 nulla
812 3809 921 3878 ullius
940 3819 1119 3876 creaturae
1142 3804 1303 3873 oratione
1320 3804 1404 3873 satis
1419 3827 1480 3872 ex-

494 3917 580 4009 poni
596 3937 696 4005 posse
709 3913 871 3982 miranda
885 3907 955 3979 Dei
973 3931 1089 3999 opera,
1113 3901 1289 3974 Ecclesiae
1304 3906 1481 3994 gnberna-

495 4021 641 4102 tionem,
665 4016 847 4086 doctrinae
864 4009 1147 4101 amplitudinem,
1175 4007 1346 4076 virtutum
1363 4009 1480 4078 decus.

495 4106 596 4210 Quae
616 4119 712 4188 enim
736 4113 938 4211 eloquentia
962 4109 1170 4201 sapientiam
1194 4104 1262 4176 Dei
1286 4107 1369 4175 satis
1397 4107 1480 4175 illu-

494 4236 603 4293 strare
638 4219 772 4313 potest?
823 4214 1096 4306 Qualescunque
1126 4212 1249 4279 breves
1278 4231 1482 4278 commone-

494 4325 663 4395 factiones
686 4319 939 4414 proponimus,
972 4331 1012 4384 ιιι
1035 4315 1081 4383 ad
1104 4313 1197 4405 piam
1230 4310 1480 4398 cogitationem

494 4450 613 4497 rerum
628 4425 861 4494 maximarum
878 4417 1075 4486 invitentur
1087 4414 1216 4506 aliqui,
1244 4427 1374 4481 etcum
1391 4413 1481 4480 cele-

496 4533 638 4597 bramus
661 4508 755 4596 dona
782 4520 850 4591 Dei
874 4521 911 4587 in
935 4519 1020 4587 viris
1042 4516 1195 4606 niagnis,
1228 4514 1341 4584 Deum
1364 4513 1479 4604 ipsum

495 4629 604 4722 aspici
627 4629 790 4699 volumus
810 4639 844 4694 et
869 4622 944 4690 eins
968 4618 1196 4711 sapientiam,
1230 4615 1423 4684 bonitatem
1448 4627 1482 4683 et

496 4731 727 4823 praesentiam
745 4730 783 4796 in
799 4748 924 4814 genere
941 4716 1098 4790 hnmano
1116 4717 1274 4808 cogitari,
1300 4731 1338 4787 ut
1355 4716 1387 4784 ei
1400 4738 1480 4803 gra·

498 4835 565 4901 tiae
579 4846 742 4921 agantur:
768 4828 868 4900 Sicut
885 4825 940 4917 pie
957 4837 991 4893 et
1006 4822 1142 4893 erudite
1158 4819 1296 4909 scripsit
1311 4814 1369 4888 hic
1380 4815 1479 4887 Hen-

502 4933 593 5000 ricus
608 4928 789 5003 Sthenius:

607 5050 691 5131 Quos
704 5079 759 5138 ego
774 5077 843 5118 oum
861 5054 971 5127 laudo,
998 5057 1063 5112 leus
1080 5060 1190 5110 estote
1207 5044 1266 5108 Dei
1281 5059 1336 5109 est.

500 5164 549 5240 Ut
569 5181 687 5236 autem
709 5169 813 5235 exteri
832 5179 865 5236 et
887 5164 1016 5257 posteri
1038 5163 1169 5245 sciant,
1195 5183 1266 5253 qua
1291 5159 1328 5226 in
1347 5157 1481 5225 Iamilia

498 5283 601 5339 natus
618 5268 664 5337 sit
674 5264 836 5354 Princeps
853 5265 1049 5355 Georgius,
1077 5287 1186 5354 pauca
1203 5263 1246 5329 de
1263 5272 1431 5330 vetustate
1448 5273 1482 5327 et

498 5371 699 5445 celebritate
721 5365 873 5436 familiae
896 5368 1148 5436 modestissime
1173 5364 1308 5444 dicam,
1347 5376 1381 5431 et
1407 5385 1480 5427 non

496 5477 626 5565 fingam
642 5471 841 5540 fabulosam
858 5468 1037 5554 originem,
1061 5469 1121 5537 sed
1139 5465 1293 5535 recitabo
1309 5466 1481 5556 quaedam
1553 5485 1557 5495 ·

1532 1720 1724 1794 Lotharius
1746 1724 1784 1792 in
1803 1723 1904 1794 ltalia
1931 1727 2084 1816 expulsis
2101 1725 2302 1812 Saracenis,
2329 1756 2447 1820 pacem
2468 1733 2517 1799 le-

1533 1825 1650 1914 gibus,
1691 1826 1831 1894 indiciis
1865 1843 1899 1896 et
1933 1828 2118 1917 praesidiis
2151 1830 2327 1919 sapienter
2352 1834 2516 1901 munivit.

1532 1925 1623 1996 Cum
1640 1938 1757 1995 autem
1773 1940 1858 1996 tunc
1873 1941 1971 1997 vetus
1987 1931 2118 1998 familia
2137 1925 2385 2000 Marchiounm
2401 1931 2516 2002 Bran-

1533 2027 1833 2115 ‹lenburgensinm
1851 2026 2054 2098 Electorum
2080 2031 2229 2101 extincta
2253 2046 2362 2115 esset,
2382 2031 2516 2105 Lotha-

1533 2129 1607 2198 rius
1624 2126 1817 2221 Imperator
1833 2144 1969 2199 tantnm
1987 2132 2112 2202 tribuit
2125 2133 2246 2203 virtuti
2257 2130 2395 2204 Alberti
2409 2132 2518 2205 Asca·

1532 2231 1605 2312 nii,
1637 2243 1678 2299 ut
1708 2231 1740 2298 ei
1772 2225 1974 2299 Marchiam
2003 2246 2037 2302 et
2066 2229 2343 2323 pulcherrimum
2373 2233 2517 2328 ἀξίωμα

1531 2328 1735 2403 Electorum
1750 2334 1913 2407 traderet.
1955 2330 2027 2403 Nec
2041 2333 2139 2404 aliud
2154 2330 2445 2407 honorificentius
2462 2341 2517 2425 iu-
2542 2356 2548 2367 ‘

1532 2434 1663 2503 dicium
1689 2436 1732 2503 de
1751 2430 1898 2504 Alherto
1922 2437 1967 2504 ab
1987 2433 2218 2525 Imperatore,
2243 2439 2343 2508 cuins
2369 2441 2436 2510 Init
2458 2466 2517 2510 ex-

1532 2537 1663 2621 cellens
1683 2537 1872 2625 sapientia,
1908 2538 1983 2606 ficri
2007 2539 2138 2629 potuit,
2173 2565 2279 2633 qnam
2302 2544 2397 2632 quod
2420 2544 2517 2611 arisit

1532 2638 1608 2707 eius
1622 2638 1815 2728 potentiam
1832 2640 1968 2709 ditione
1989 2653 2103 2723 tanta,
2129 2655 2164 2712 et
2181 2643 2322 2713 ornavit
2337 2644 2518 2730 dignitate,

1532 2763 1602 2831 qua
1616 2762 1691 2808 nou
1707 2740 1774 2808 alia
1794 2735 1977 2831 pulchrior
1993 2756 2043 2811 est
2062 2743 2100 2811 in
2119 2766 2244 2833 genere
2261 2739 2430 2817 hnmano.

1633 2872 1728 2942 lluic
1744 2872 1892 2948 Alherto
1915 2875 2065 2950 Ascanio
2089 2882 2152 2949 filii
2174 2884 2318 2952 suerunt
2340 2908 2419 2951 cnm
2444 2885 2518 2965 alii,

1534 2989 1609 3046 tum
1633 2986 1668 3043 et
1688 2972 1892 3043 Bernardns
1914 2980 1976 3069 qni
2002 2982 2100 3050 duxit
2130 2984 2318 3051 exercitum
2343 2984 2518 3055 Friderici

1532 3075 1768 3146 Barbarossae
1786 3073 1823 3141 in
1841 3072 1952 3141 ltalia.
1984 3078 2073 3146 Cum
2089 3094 2206 3148 autem
2219 3076 2519 3154 HenricusGuel-

1532 3182 1589 3247 ius
1605 3189 1838 3264 cognomento
1855 3172 2048 3261 Superbus,
2072 3177 2152 3244 Dux
2169 3179 2341 3247 Saxoniae
2358 3197 2392 3250 et
2406 3183 2519 3252 Bava-

1534 3280 1627 3358 riae,
1652 3275 1901 3366 Imperatorem
1920 3274 1958 3341 in
1977 3271 2076 3344 ltalia
2092 3276 2258 3346 seditioso
2282 3282 2431 3351 consilio
2455 3287 2519 3355 de-

1534 3376 1716 3460 seruisset,
1742 3389 1775 3446 et
1798 3371 1879 3444 Dux
1899 3372 2074 3446 llenricus
2099 3392 2217 3469 postea
2241 3383 2456 3476 proscriptus
2482 3389 2520 3457 in

1537 3477 1702 3564 Angliam
1725 3475 1885 3564 fugisset,
1919 3477 2079 3548 intanto
2107 3476 2320 3551 Germaniae
2352 3488 2520 3576 periculo,

1534 3575 1770 3666 prudentiam,
1792 3575 1959 3646 virtutem
1975 3592 2010 3648 et
2024 3579 2128 3648 iidem
2145 3594 2278 3652 tantam
2295 3609 2369 3655 esse
2384 3588 2421 3656 in
2433 3586 2519 3659 Ber-

1535 3677 1646 3745 nardo
1664 3672 1818 3747 Ascanio
1835 3675 2038 3749 Fridcricns
2053 3681 2235 3765 iudicavit,
2259 3700 2299 3756 ut
2314 3687 2345 3755 ei
2364 3704 2399 3758 et
2414 3692 2521 3761 ditio-

1532 3801 1614 3846 nem
1631 3775 1841 3848 Saxonicam
1864 3783 1907 3848 ad
1923 3778 2066 3866 Albim,
2094 3798 2129 3854 et
2146 3810 2295 3878 quarum
2315 3811 2452 3862 summa
2468 3808 2521 3863 est
2562 3797 2565 3805 '

1533 3879 1685 3965 dignitas
1709 3894 1745 3951 et
1762 3882 1930 3952 autoritas
1945 3880 2118 3954 Ascaniac
2136 3902 2169 3956 et
2184 3883 2400 3959 Anhaltinae
2418 3895 2520 3962 Iami-

1534 3980 1621 4062 Iiae,
1653 4004 1741 4072 quas
1760 3983 1903 4074 quidem
1927 3986 2079 4076 amplius
2093 3987 2255 4059 ducentis
2269 3994 2373 4059 aunis
2394 4018 2519 4084 magna

1534 4105 1613 4152 cum
1630 4083 1741 4171 gloria
1757 4084 1915 4168 retinnit,
1941 4111 1981 4153 ac
1996 4090 2124 4176 posteri
2141 4091 2280 4160 Alberti
2299 4107 2331 4162 et
2346 4093 2520 4166 Bernardi

1534 4205 1661 4270 magna
1678 4183 1807 4252 virtute
1827 4185 2062 4257 defenderunt
2082 4185 2174 4259 hanc
2191 4189 2405 4263 Germaniae
2423 4221 2520 4265 oram

1534 4285 1702 4351 adversus
1716 4279 1883 4367 Henetus,
1909 4281 2097 4365 Bohemos,
2124 4290 2281 4362 Polonos
2299 4296 2521 4371 et'Iartaros.

1535 4381 1660 4477 Aliqui
1690 4384 1794 4454 etiam
1825 4385 1861 4453 in
1893 4386 2032 4482 Syriam
2056 4393 2233 4462 duxerunt
2257 4394 2428 4465 Friderici
2459 4399 2522 4470 Sc-

1535 4486 1643 4555 cundi
1660 4485 1842 4556 exercitus.

1635 4618 1779 4693 Certum
1802 4637 1852 4693 est
1869 4639 1985 4696 autem
2011 4631 2179 4699 continua
2203 4633 2293 4702 serie
2312 4635 2357 4702 ab
2374 4626 2521 4709 Alberto

1535 4720 1708 4827 Ascanio,
1742 4738 1777 4794 et
1801 4749 1820 4792 a
1846 4722 2031 4797 Bernardo
2054 4727 2154 4801 Duce
2175 4732 2357 4805 'Saxoniae
2381 4735 2523 4814 Alberti

1533 4824 1608 4892 filio
1624 4838 1721 4895 ortos
1747 4849 1819 4895 esse
1837 4828 2015 4921 principes
2032 4826 2267 4921 Anhaltinos,
2292 4841 2354 4932 qni
2370 4857 2522 4914 veterem

1535 4927 1683 5017 patriam
1707 4924 1775 4996 Dei
1798 4930 1967 4999 beneficio
1987 4926 2104 5005 adhuc
2127 4939 2316 5026 possident.
2372 4942 2524 5040 Fuitqne

1534 5041 1654 5097 nostra
1667 5029 1838 5096 memoria
1855 5033 2041 5122 praecipue
2056 5038 2171 5106 clarus
2190 5054 2292 5108 natus
2315 5044 2349 5110 in
2368 5069 2405 5114 ea
2423 5051 2524 5118 iami-

1536 5129 1582 5197 lia
1599 5124 1814 5219 liudolphus
1830 5125 2059 5219 Anhaltinus,
2085 5141 2148 5230 qui
2167 5140 2391 5232 Imperatoris
2408 5149 2524 5220 Maxi-

1535 5229 1674 5298 miliani
1694 5232 1864 5301 exercitus
1877 5234 1914 5301 in
1936 5233 2033 5305 ltalia
2051 5241 2162 5319 drrxit,
2188 5256 2222 5312 et
2236 5267 2336 5336 saepe
2354 5251 2525 5322 foeliciter

1535 5355 1616 5401 cnm
1633 5329 1778 5404 Venetis
1806 5349 1838 5405 et
1867 5332 1951 5405 Iulii
1973 5336 2154 5410 Pontificis
2172 5347 2281 5437 copiis
2298 5352 2487 5422 dimicavit.

1637 5463 1820 5536 Vetustam
1845 5470 2089 5558 nobilitatem,
2124 5491 2156 5547 et
2182 5504 2315 5554 nomen
2330 5488 2524 5558 vetustissi-

498 5574 676 5658 historica‚
700 5561 1482 5660 notaomnibus,quinonsnntignariGer-
1535 5591 1613 5636 mae
1628 5569 1764 5638 arciset
1780 5572 1934 5642 familiae
1951 5570 2123 5647 Ascaniae
2138 5580 2281 5653 indicat.
2328 5588 2525 5662 Tuisconas
2606 5626 2609 5631 ·

497 5682 716 5749 manicarum
750 5667 991 5742 historiarum.
1048 5667 1136 5739 Cum
1165 5665 1356 5739 Lotharius
1379 5665 1482 5749 Saxo,
1536 5669 1631 5738 enim
1646 5671 1691 5740 ab
1709 5667 1846 5741 Ascane
1863 5675 1985 5760 dictos,
2010 5679 2202 5750 multorum
2219 5686 2430 5774 scriptorum
2447 5697 2527 5785 opt.

501 5779 695 5870 Imperator
718 5776 856 5867 sapiens
877 5786 910 5842 et
933 5771 1196 5859 magnanimus,
1230 5770 1420 5839 exercitum
1444 5769 1482 5837 in
1535 5772 1597 5839 nio
1614 5786 1681 5855 est,
1707 5775 1768 5866 qni
1787 5777 1952 5845 vocabuli
1969 5778 2149 5850 vicinitate
2173 5801 2381 5870 mov-entur,
2407 5816 2447 5863 ac
2464 5799 2527 5867 de-

503 5881 638 5953 ltaliam
661 5879 832 5960 mitteret,
866 5877 908 5945 ad
936 5872 1120 5945 intestinas
1147 5872 1336 5942 seditiones
1360 5871 1509 5961 oppri-:
1536 5875 1646 5946 lector
1670 5876 1815 5945 nomine
1840 5873 2005 5960 Ascanio,
2039 5881 2121 5970 qnia
2151 5882 2291 5953 videtur
2313 5912 2332 5957 a
2356 5893 2527 5985 religione

1856 5969 1911 6046 5.
