6025 6775
319 384 457 394 m—-r-
473 386 494 387 j
527 384 561 392 w.

489 406 581 538 sss*
606 410 680 468 '⁵
817 415 820 419 ’
892 458 896 467 ·

494 636 603 706 stolae
617 627 685 700 hoc
706 626 839 700 dictum
865 637 1032 715 tanquam
1055 621 1203 709 insignis
1224 642 1361 710 gemma
1385 618 1475 688 emi-

495 750 566 814 net,
583 747 616 802 et
632 731 715 825 qnia
732 729 860 798 multas
874 724 1095 814 gravissimas
1111 721 1371 791 admonitiones
1388 744 1471 788 con-

496 838 585 904 tinet
600 832 885 901 commendantes
902 825 1081 893 doctrinae
1098 822 1266 902 studium,
1288 820 1476 908 diligenter

496 952 530 1005 et
550 954 652 1023 saepe
667 927 961 1001 considerandum
985 936 1054 1005 est,
1074 945 1139 989 nec
1163 933 1300 990 tantum
1322 921 1476 1008 diligen-

496 1039 582 1107 tiam
600 1038 639 1102 in
656 1027 871 1101 discentibus
886 1024 1072 1101 exuscitat,
1106 1024 1164 1089 sed
1189 1022 1295 1089 etiam
1316 1021 1477 1089 consola-

497 1153 556 1208 tur
572 1158 655 1215 nos,
682 1129 744 1222 qui
760 1137 903 1217 propter
926 1118 992 1190 hoc
1019 1123 1176 1191 studium
1199 1135 1232 1190 et
1256 1120 1478 1211 propagatio-

498 1260 577 1304 nem
606 1230 713 1301 huius
738 1224 917 1296 doctrinae
943 1246 1018 1291 non
1045 1223 1138 1291 leves
1164 1245 1348 1291 aerumnas
1373 1221 1479 1291 susti-

498 1356 631 1404 nemus.
965 1421 971 1432 ι

597 1465 757 1533 Primum
775 1456 929 1525 ostendit
944 1452 1076 1523 Paulus
1095 1455 1299 1521 mandatum
1316 1451 1479 1519 divinum

499 1591 583 1649 esse,
608 1576 649 1632 ut
662 1558 861 1629 doctrinam
877 1552 1011 1626 Christi
1025 1568 1119 1623 recte
1135 1553 1330 1634 discamus,
1356 1566 1390 1621 et
1406 1575 1480 1619 em-

498 1664 615 1757 phasis
632 1674 684 1729 est
701 1659 852 1747 insignis
867 1657 905 1724 in
919 1652 974 1725 his
989 1656 1124 1724 verbis:
1151 1652 1297 1723 Habitet
1312 1652 1351 1719 in
1367 1652 1479 1732 vobis,

497 1764 695 1857 etquidem
720 1760 917 1853 opulenter.
977 1755 1265 1825 Familiarissime
1287 1754 1365 1823 noti
1388 1763 1480 1834 sunt,

498 1867 559 1959 qui
584 1865 771 1933 nobiseum
793 1855 967 1930 habitant.
1026 1855 1185 1926 Sciamus
1211 1854 1314 1921 etiam
1337 1877 1418 1921 vere
1441 1853 1478 1919 in

498 1969 561 2034 illo
581 1978 721 2056 pectore
735 1961 851 2031 Deum
867 1960 981 2048 ipsum
998 1952 1174 2037 habitare,
1198 1953 1237 2020 in
1254 1976 1325 2044 quo
1348 1952 1480 2040 cogita-

497 2083 557 2136 tur
576 2065 757 2146 doctrina,
782 2061 822 2128 in
836 2058 1065 2129 conversione
1081 2057 1125 2123 ad
1141 2054 1266 2137 Deum,
1291 2068 1326 2122 et
1339 2054 1378 2121 in
1395 2075 1480 2122 con-

500 2167 674 2235 solatione
692 2177 726 2232 et
748 2160 990 2239 invocatione,
1016 2156 1106 2226 sicut
1127 2176 1286 2244 expresse
1301 2151 1479 2221 Dominus

500 2267 635 2356 inquit:
662 2263 702 2334 Si
718 2263 798 2354 quis
814 2257 931 2345 diligit
948 2280 1023 2335 me,
1050 2278 1247 2332 sermonem
1264 2278 1382 2322 meum
1406 2276 1480 2321 ser·

499 2367 617 2442 vabit,
644 2378 678 2431 et
694 2361 798 2431 Pater
815 2381 913 2429 meus
927 2357 1050 2444 diliget
1066 2380 1165 2435 eum,
1190 2368 1225 2423 et
1239 2355 1420 2423 veniemus
1435 2355 1480 2422 ad

501 2493 580 2535 eum
605 2480 640 2534 et
663 2461 881 2531 mansionem
907 2460 1001 2548 apud
1026 2481 1106 2525 eum
1121 2456 1300 2525 faciemus.
1336 2453 1482 2524 Placent

500 2570 608 2655 igitur
630 2565 724 2646 Deo,
755 2562 858 2629 lectio
882 2571 917 2629 et
939 2557 1103 2645 cogitatio
1127 2557 1326 2639 doctrinae,
1359 2568 1393 2625 et
1418 2577 1482 2645 per

500 2694 574 2736 eam
591 2664 686 2735 Deus
704 2675 755 2731 est
770 2661 909 2743 efficax,
935 2672 969 2728 et
987 2656 1120 2728 habitat
1140 2657 1179 2724 in
1196 2656 1310 2729 nobis.

600 2799 667 2869 Sed
684 2794 741 2865 hic
757 2789 991 2863 enthusiastae
1007 2792 1151 2884 quidam
1166 2789 1380 2858 reclamant:
1404 2784 1482 2858 Ab·

503 2908 566 2984 sit,
592 2898 780 2990 inquiunt,
801 2908 843 2964 ut
866 2893 1009 2962 lectioni
1032 2892 1230 2961 tribuamus
1247 2884 1340 2961 ,haec
1359 2889 1483 2959 incen-

502 3005 582 3084 dia,
608 3023 697 3090 quae
711 2996 853 3086 proprie
869 3018 888 3061 a
905 2993 1041 3083 Spiritu
1058 3004 1178 3060 sancto
1196 2991 1382 3074 oriuntur,
1409 2991 1483 3082 qui,

502 3108 580 3173 cum
599 3100 666 3190 ipsi
684 3099 771 3167 libet
787 3096 879 3186 rapit
893 3117 975 3163 suos
992 3094 1184 3184 quosdam,
1211 3093 1359 3179 scriptos
1376 3092 1414 3158 in
1429 3092 1483 3158 fa·

502 3204 636 3274 talibus
652 3198 796 3270 tabulis.
845 3194 1049 3266 Dolendum
1070 3206 1121 3263 εει
1143 3186 1480 3268 hancenthusiasti-

503 3328 578 3375 cam
594 3299 882 3390 imaginationem
897 3296 1092 3364 multorum
1108 3292 1222 3362 studia
1233 3291 1483 3380 languesacere,

503 3409 562 3480 sed
583 3425 648 3473 uos
663 3412 864 3471 constanter
880 3397 1081 3467 muniamus
1094 3416 1160 3462 uos
1175 3393 1365 3462 luculentis
1386 3395 1484 3463 testi·

503 3505 635 3576 moniis
654 3501 802 3583 divinis,
828 3522 917 3590 quae
933 3494 1135 3564 labefactari
1151 3494 1252 3561 nullo
1273 3496 1379 3562 modo
1403 3516 1485 3582 pos-

506 3617 599 3675 sunt.
651 3600 742 3670 Nota
757 3612 806 3668 εει
821 3622 887 3666 vox
902 3595 1019 3666 Pauli:
1045 3591 1278 3682 Evangelium
1294 3607 1345 3663 est
1361 3609 1484 3684 poten-

506 3708 555 3775 tia
575 3703 644 3774 Dei
661 3704 705 3771 ad
723 3701 870 3769 salutem
887 3697 986 3764 omni
1009 3695 1179 3764 credenti.
1232 3691 1336 3762 Item:
1364 3693 1486 3764 Evan-

504 3807 633 3895 gelium
650 3816 700 3872 est
716 3799 951 3869 ministerium
967 3796 1142 3886 Spiritus,
1167 3791 1250 3861 Non
1266 3788 1325 3863 hic
1341 3795 1485 3886 quidem

509 3908 615 3977 sentit
637 3903 813 3971 inclusum
837 3923 909 3968 esse
924 3896 1096 3986 Spiritum
1122 3907 1280 3963 sanctum
1306 3894 1346 3962 in
1367 3895 1487 3963 litera·

504 4031 584 4076 rum
609 4004 753 4091 figuras,
787 4002 847 4068 sed
876 3999 1029 4067 celebrat
1056 3997 1263 4063 immensam
1291 3995 1486 4065 bonitatem

504 4106 592 4187 Dei,
618 4103 678 4193 qui
700 4099 795 4171 huuc
813 4101 927 4192 ipsum
952 4099 1113 4168 ordinem
1139 4110 1172 4165 et
1192 4096 1318 4183 agendi
1343 4099 1488 4166 modum

505 4204 671 4277 instituit.

607 4337 700 4410 Sunt
717 4335 821 4403 etiam
837 4333 919 4416 alii,
945 4325 1032 4402 ethi
1047 4333 1203 4426 quidem,
1229 4333 1292 4426 qui
1308 4330 1489 4422 opinionis

505 4464 622 4514 errore
638 4439 705 4511 sibi
722 4435 884 4507 Atlantes
901 4433 1087 4515 videntur,
1112 4436 1197 4502 dum
1218 4457 1256 4502 se
1279 4434 1372 4503 solos
1395 4434 1489 4501 veri-

505 4546 587 4614 tatis
613 4525 894 4632 propugnatores
918 4556 990 4601 esse
1018 4533 1186 4605 iactitant.
1238 4531 1377 4627 Horum
1403 4533 1489 4599 sim-

506 4646 646 4733 pliciter
663 4644 732 4712 tale
748 4651 799 4706 εει
820 4658 982 4705 acumen:
1017 4629 1287 4702 Excludendum
1309 4645 1360 4700 est
1381 4633 1490 4699 meri-

507 4757 602 4823 tum,
623 4762 704 4828 ergo
728 4734 821 4805 nihil
840 4735 910 4803 loci
926 4730 1031 4804 habet
1044 4733 1161 4823 aliqua
1178 4731 1358 4817 diligentia
1381 4744 1415 4798 et
1430 4754 1490 4798 co-

508 4840 643 4926 gitatio.
696 4834 732 4907 O
747 4835 987 4904 detestandam
1012 4829 1208 4913 licentiam,
1235 4843 1271 4898 et
1292 4828 1489 4897 mirabilem

512 4938 687 5008 inscitiam
705 4933 911 5004 disserendi.
963 4932 1054 4998 Vere
1071 4942 1104 4999 et
1123 4928 1199 4998 sine
1224 4923 1412 5020 sophistica
1433 4953 1490 4998 re·

1056 449 1218 526 nucu
1253 444 1328 522 nu
1360 384 1547 521 orceo
1586 441 1830 520 cocoss.
1863 446 1941 522 111.

2429 401 2523 527 ss:
2557 474 2562 488 ·

1526 617 1633 688 Fides
1656 639 1697 686 ex
1719 616 1843 687 auditu
1865 630 1936 701 est,
1966 640 2032 687 nec
2057 619 2132 691 vult
2152 622 2312 694 auditum
2335 646 2408 695 esse
2426 626 2504 696 siue

1528 717 1751 808 cogitatione.
1807 715 1891 785 ldeo
1906 718 1945 784 in
1959 711 2028 787 hoc
2044 719 2159 806 dicto,
2186 726 2280 815 quod
2300 749 2396 795 nunc
2417 751 2502 818 pro-

1528 820 1727 909 posuimus,
1753 816 1853 886 iubet
1874 839 2074 887 sermonem
2099 816 2231 892 Christi
2254 824 2292 892 in
2313 827 2417 896 nobis
2435 823 2501 896 ha-

1528 921 1659 1001 bitare,
1684 918 1878 1008 etquidem
1895 940 1974 986 cum
1991 920 2091 988 omni
2108 922 2289 1012 sapientia.
2328 922 2423 995 Haec
2438 929 2501 996 ad-

1528 1019 1679 1088 monitio
1704 1018 1873 1089 inseritur
1895 1017 1939 1087 de
1961 1018 2162 1109 diligentia,
2190 1047 2280 1115 quae
2301 1018 2406 1095 habet
2429 1029 2499 1097 duo

1530 1135 1701 1203 extrema,
1730 1117 1908 1205 ignaviam
1931 1130 1966 1189 et
1986 1115 2212 1209 sophistieen.
2264 1122 2347 1193 Non
2369 1121 2503 1196 habitat

1530 1244 1644 1289 sermo
1659 1216 1727 1286 Dei
1742 1219 1780 1286 in
1798 1218 1998 1288 sacrificulis
2022 1220 2193 1305 indoctis,
2218 1224 2281 1314 qui
2305 1224 2426 1314 legunt
2446 1239 2505 1294 aut

1531 1333 1663 1389 canunt
1688 1319 1764 1386 sine
1787 1318 1976 1388 intellectu.
2041 1318 2094 1389 Ne
2119 1316 2255 1391 habitat
2279 1323 2318 1390 in
2339 1320 2506 1415 sophistis

1530 1416 1732 1503 haereticis,
1758 1432 1793 1489 ει
1805 1418 2145 1510 praestigiatoribus‚
2172 1423 2234 1514 qui
2255 1423 2361 1493 etiam
2382 1426 2506 1513 legunt

1531 1515 1790 1611 Prophetarum
1815 1532 1849 1589 et
1873 1516 2126 1609 Apostolorum
2145 1522 2276 1609 libros,
2301 1526 2361 1593 'sed
2382 1524 2508 1613 legunt

1531 1643 1591 1690 eos
1614 1620 1693 1690 sine
1715 1620 1900 1711 sapientia:
1924 1620 2040 1689 fontes
2059 1646 2134 1691 non
2153 1635 2245 1693 recte
2262 1624 2419 1710 discunt,
2443 1629 2505 1717 qui

1531 1735 1615 1790 sunt
1638 1722 1676 1788 in
1698 1720 1782 1810 ipsis
1807 1720 1907 1789 libris
1929 1717 2145 1810 propheticis
2167 1736 2200 1794 et
2223 1726 2439 1815 apostolicis,
2466 1742 2505 1795 ut

1529 1820 1690 1911 Papistae
1717 1843 1790 1888 non
1815 1820 2019 1891 discernunt
2039 1823 2152 1913 legem
2179 1837 2212 1894 et
2237 1827 2505 1917 promissionem

1529 1921 1680 2009 gratiae,
1714 1920 1830 1990 cultus
1853 1919 2025 1991 divinitus
2045 1925 2250 2010 mandatos,
2281 1939 2315 1997 et
2338 1929 2505 2018 supersti-

1530 2022 1645 2091 tiones
1676 2021 1721 2089 ab
1750 2015 1956 2089 hominibus
1988 2025 2212 2113 excogitatas:
2254 2022 2506 2117 Anabaptistae

1530 2121 1755 2191 confundunt
1771 2121 1968 2189 doctrinam
1983 2124 2026 2191 de
2049 2124 2189 2196 iusticia
2207 2139 2347 2198 aeterna
2367 2129 2404 2195 in
2428 2152 2507 2197 cor-

1532 2224 1595 2305 de,
1629 2234 1663 2290 et
1695 2222 1739 2289 de
1768 2220 1839 2290 vita
1861 2219 2015 2311 politica.
2076 2222 2236 2315 Fingunt
2261 2228 2506 2318 Evangelium,

1531 2319 1731 2393 barbariem
1746 2343 1834 2404 esse,
1858 2344 1946 2413 quae
1960 2324 2106 2394 damnet
2125 2327 2289 2395 ordinem
2312 2329 2508 2420 politicum.

1532 2419 1727 2492 Antinomi
1738 2443 1812 2489 non
1825 2419 2027 2492 discernunt
2039 2439 2310 2514 peccatacontra
2327 2430 2509 2499 conscien-

1532 2524 1619 2594 tiam
1635 2522 1679 2589 ab
1692 2519 1782 2591 aliis.
1833 2517 1935 2619 Talia
1957 2525 2111 2615 exempla
2133 2528 2320 2616 cogitanda
2343 2543 2447 2615 sunt,
2468 2544 2509 2598 ut

1532 2622 1795 2693 consideremus
1809 2642 1916 2712 quare
1931 2620 2085 2691 dicatur:
2105 2622 2249 2699 Habitet
2263 2630 2302 2696 in
2320 2632 2421 2700 vobis
2435 2654 2507 2699 ser·

1532 2747 1592 2794 mo
1607 2718 1675 2791 Dei
1689 2744 1768 2789 cum
1784 2720 1969 2811 sapientia.
2019 2720 2076 2792 Sit
2089 2747 2170 2794 vera
2189 2729 2370 2820 diligentia
2391 2732 2430 2800 in
2453 2731 2509 2798 di-

1534 2822 1681 2904 scendo,
1694 2833 1796 2893 ,recte
1813 2820 2077 2909 distinguantur
2093 2827 2248 2897 membra
2270 2832 2450 2902 doctrinae
2474 2843 2510 2899 et

1534 2923 1676 2995 collatio
1691 2921 1845 2992 illustret
1857 2922 2050 3007 veritatem,
2076 2948 2149 2994 non
2162 2926 2207 2996 sit
2223 2930 2376 3002 recitatio
2392 2932 2510 3001 ociosa

1532 3017 1778 3120 βαπολογία,
1806 3034 1839 3090 ει
1863 3023 2009 3125 omnipo
2039 3041 2288 3098 removeantur
2301 3026 2509 3121 sophisticae

1534 3123 1739 3217 praestigiae
1773 3121 1932 3191 omnium
1957 3119 2224 3201 haeretieorum.
2284 3128 2366 3199 Non
2395 3146 2510 3223 potest

1534 3238 1651 3295 autern
1665 3224 1840 3293 rect-itudo
1858 3223 1981 3292 iudicii
1998 3224 2144 3296 retineri
2160 3228 2236 3296 sine
2250 3254 2335 3299 cura
2345 3231 2516 3315 discendi,

1535 3339 1570 3396 et
1584 3325 1660 3394 sine
1676 3324 1898 3406 invocatione
1914 3321 1991 3395 Dei.
2043 3322 2162 3415 Quare
2177 3340 2211 3398 et
2227 3328 2368 3402 Psalmo
2383 3331 2444 3406 46.
2457 3333 2514 3402 di-

1536 3439 1630 3497 ctum
1645 3439 1712 3496 est:
1733 3423 1878 3495 Psallite
1893 3427 2078 3517 sapienter.
2128 3423 2181 3499 Ac
2196 3453 2299 3521 saepe
2314 3428 2405 3501 mihi
2419 3434 2514 3502 mul-

1536 3542 1682 3619 tumque
1713 3527 1882 3615 cogitanti
1913 3528 1956 3594 de
1990 3529 2123 3618 optima
2157 3532 2293 3602 ratione
2325 3535 2511 3604 discendae

1537 3624 1772 3717 Theologiae,
1799 3627 2017 3718 praeclarum
2040 3629 2153 3699 videri
2179 3634 2286 3715 solet,
2319 3638 2415 3727 quod
2439 3632 2515 3704 Lu'-

1537 3725 1678 3812 theros,
1698 3729 1798 3797 cuius
1813 3722 2041 3796 honorificam
2057 3731 2274 3802 mentionem
2290 3729 2357 3804 boc
2373 3737 2411 3804 in
2435 3736 2515 3806 loco

1537 3828 1613 3898 lieri
1626 3828 1758 3897 iustum
1774 3841 1844 3911 est,
1864 3841 1897 3897 et
1918 3828 2004 3897 alias
2025 3852 2128 3920 saepe
2152 3832 2240 3903 dixit
2260 3844 2294 3902 e't
2312 3834 2352 3902 in
2373 3837 2513 3925 praefa-
2570 3888 2573 3892 .

1539 3929 1637 3999 tione
1669 3927 1777 4019 primi
1809 3927 1917 3998 Tomi
1951 3927 2156 4002 Germanici
2191 3956 2335 4004 suorum
2362 3958 2511 4027 operum

1539 4030 1645 4121 paulo
1664 4029 1859 4099 accuratius
1879 4032 2054 4121 exposuit:
2082 4029 2316 4124 Theologiam
2336 4058 2452 4105 veram
2477 4048 2514 4104 et

1539 4131 1725 4200 salutarem
1741 4131 1854 4200 tribus
1872 4132 2116 4202 instrumentis
2129 4155 2245 4224 egere,
2269 4133 2516 4220 Meditatione,

1540 4255 1645 4325 quam
1663 4230 1793 4301 Paulus
1810 4227 1876 4301 hoe
1898 4232 1936 4299 in
1957 4234 2033 4301 loco
2056 4229 2260 4328 ἐνοίκησιν,
2285 4237 2372 4308 alibi
2390 4237 2516 4308 lectio-

1539 4356 1622 4401 nem
1636 4332 1812 4401 nomiuat:
1835 4331 2042 4404 Precatione
2057 4349 2090 4405 et
2105 4338 2319 4427 experientia
2331 4338 2518 4428 spirituali.

1540 4429 1594 4503 Ac
1615 4435 1658 4502 de
1677 4432 1877 4523 precatione
1894 4434 2024 4504 dicitur
2038 4434 2176 4507 Psalmo
2201 4437 2303 4511 119.:
2341 4439 2412 4510 Fac
2434 4463 2514 4509 cum

1541 4557 1642 4604 servo
1658 4546 1719 4602 tuo
1742 4535 1934 4603 secundum
1957 4536 2231 4608 misericordiam
2253 4550 2370 4623 tuam,
2403 4554 2438 4625 et
2462 4542 2518 4611 iu-

1541 4633 1765 4703 stificationes
1780 4648 1858 4704 tuas
1873 4636 1959 4706 doce
1974 4661 2040 4711 me.

1642 4731 1731 4802 Cum
1747 4733 1854 4823 igitur
1867 4750 1999 4808 certum
2015 4739 2078 4822 sit,
2101 4735 2177 4808 Deo
2193 4741 2329 4831 placere
2343 4736 2427 4810 haec
2441 4753 2517 4810 stu-

1541 4832 1598 4902 dia
1613 4848 1750 4919 nostra,
1776 4850 1809 4905 et
1825 4837 1936 4907 Deum
1952 4840 2069 4907 adesse
2089 4842 2297 4910 docentibus
2321 4853 2354 4909 et
2376 4841 2517 4911 discen-

1541 4935 1636 5004 tibus
1652 4949 1685 5005 et
1699 4937 1743 5006 ud
1765 4937 1920 5007 coelestis
1934 4936 2110 5010 Ecclesiae
2136 4943 2425 5012 consuetudinem
2449 4935 2517 5010 hac

509 5041 683 5130 spondeo:
716 5031 870 5107 Excludi
897 5030 1082 5115 meritum,
1118 5055 1193 5101 non
1219 5033 1316 5126 quod
1342 5032 1489 5100 omnino
1541 5036 1699 5105 doctrina
1732 5032 1894 5107 homines
1921 5040 2022 5124 duci,
2051 5042 2224 5120 leniamus
2253 5044 2358 5113 nobis
2386 5038 2517 5112 horum

508 5135 601 5208 nihil
621 5161 782 5228 agamus,
808 5135 867 5205 sed
886 5133 968 5228 quia
987 5157 1061 5202 non
1081 5134 1333 5204 satisfaciamus
1347 5132 1491 5221 legi„et
1541 5137 1737 5227 ingentium
1763 5139 1938 5209 bonorum
1965 5142 2176 5230 cogitatione
2205 5145 2346 5214 dolores
2367 5156 2517 5223 nostoos,

506 5239 630 5332 procul
647 5242 812 5310 absumus
829 5262 849 5309 a
865 5235 1092 5329 perfectione.
1139 5235 1279 5306 Deinde
1292 5235 1490 5306 excluditur
1541 5252 1577 5309 et
1598 5241 1734 5310 animos
1756 5243 1795 5309 in
1819 5236 1886 5309 hoc
1910 5262 2014 5312 cursu
2037 5245 2235 5314 studiorum
2257 5246 2518 5324 confirmemus,

506 5343 690 5425 meritum,
715 5355 755 5410 ut
770 5339 956 5427 promissio
972 5339 1018 5407 sit
1037 5339 1157 5420 firma,
1182 5353 1218 5408 et
1234 5351 1326 5407 certa
1343 5336 1388 5406 sit
1403 5361 1489 5406 cou—
1541 5365 1630 5432 quos
1653 5343 1796 5434 quidem
1822 5356 1861 5412 ut
1881 5356 1978 5432 regat
2001 5356 2035 5412 et
2056 5347 2238 5415 confirmet
2254 5346 2327 5437 ipse
2342 5344 2433 5414 lilios
2450 5339 2517 5412 Dei

507 5443 650 5526 solatio,
684 5452 717 5509 et
741 5439 815 5506 tilio
836 5436 902 5505 Dei
925 5460 1010 5507 suus
1033 5432 1147 5505 honos
1169 5438 1358 5508 tribuatur.
1418 5437 1489 5508 Sed
1540 5436 1665 5539 λόγος,
1692 5455 1764 5512 toto
1780 5465 1857 5510 eum
1875 5458 2014 5534 pectore
2031 5470 2105 5516 oro.
2158 5445 2250 5516 Dixi.

508 5543 592 5615 haec
616 5543 704 5614 alibi
722 5536 897 5630 copiosius
925 5536 1154 5626 explicantur.
1202 5534 1334 5606 Paulus
1355 5538 1488 5631 inquit:
1507 5558 1517 5637 p
