6025 6775
399 614 446 687 21
908 590 1069 671 DECL.
1100 590 1175 670 DE
1206 581 1554 693 ΙΙΠΕΝΙΤΑΤΕ
1589 588 1797 677 ΙιΕὓῦΜ
1830 601 1920 675 erc.¹
2143 665 2158 696 ,
2372 609 2423 679 22

399 778 484 875 quid
501 772 691 868 gloriosius
708 773 755 842 de
767 764 914 840 bomine
934 764 1007 836 dici
1028 778 1159 859 potest,
1184 789 1291 861 quam
1308 788 1382 838 esse
1426 733 1550 837 'larum
1581 763 1816 858 cupiditatum
1845 766 1917 838 sint
1944 770 2144 858 ministrae,
2176 788 2216 845 nt
2236 769 2419 867 Lycurgus

397 893 531 950 mentes
547 889 690 947 nostras
713 869 868 964 specula,
893 868 933 936 in
956 890 1046 960 quae
1064 868 1192 959 sparsit
1205 869 1382 955 Deusta·
1432 866 1603 938 concessit
1618 867 1810 950 adulteria,
1835 869 1866 936 si
1881 871 2020 941 adulter
2042 873 2217 965 paciscens
2240 898 2319 943 cum
2342 900 2435 946 ma-.

397 981 475 1054 dios
502 973 614 1048 huius
644 996 727 1043 suae
755 968 962 1061 sapientiae,
1007 969 1237 1042 monstrantis
1264 971 1382 1063 ipsum
1430 969 1518 1055 rito,
1542 968 1768 1059 permittente
1785 991 1847 1052 eo,
1871 972 2048 1043 frueretur
2062 974 2178 1044 aliena
2196 976 2375 1070 coniuge,

395 1078 541 1162 Deum,
567 1089 605 1145 et
621 1094 749 1143 summa
764 1069 803 1138 iu
819 1093 861 1139 eo
877 1070 991 1153 bona,
1015 1070 1149 1142 scilicet
1169 1067 1379 1164 sapientiam
1532 1067 1736 1168 Secundum
1766 1067 1921 1140 officium
1950 1085 2021 1163 est,
2053 1089 2094 1145 nt
2117 1071 2346 1165 Magistratus
2369 1077 2416 1150 sit

396 1195 433 1253 et
446 1173 649 1250 iusticiam?
669 1170 764 1260 Quid
781 1184 864 1241 sunt
879 1183 1014 1241 caetera
1026 1171 1138 1258 bona,
1163 1173 1281 1266 qualia
1299 1183 1382 1242 sunt
1431 1182 1596 1241 executor
1612 1170 1729 1260 legum
1745 1168 1973 1256 divinarum,
1997 1197 2038 1243 ac
2051 1197 2171 1246 severe
2187 1176 2314 1268 puniat
2328 1198 2416 1248 con-

396 1281 441 1349 in
458 1274 661 1369 pecudibus,
685 1271 775 1356 vita,
799 1270 931 1343 sanitas
945 1294 1153 1363 corporum,
1176 1286 1213 1344 et
1231 1272 1381 1363 agilitas,
1430 1283 1597 1343 tumaces.

400 1379 593 1467 voluptates
616 1372 655 1440 iu
681 1370 833 1464 pabulo,
856 1386 965 1465 potu,
990 1373 1208 1444 concubitu?
1263 1371 1382 1444 Fateri
1533 1369 1718 1457 Tertium,
1743 1382 1784 1440 ut
1803 1392 1883 1441 suas
1900 1372 2069 1464 quasdam
2084 1373 2176 1463 leges
2190 1376 2316 1461 addat,
2340 1401 2415 1447 non

403 1495 537 1548 necesse
554 1484 623 1555 est,
646 1472 762 1542 maius
777 1474 913 1564 bonum
928 1494 1002 1542 esse
1017 1472 1224 1564 sapientiam
1239 1485 1273 1543 et
1288 1474 1382 1542 inter
1431 1486 1628 1562 pugnantes
1649 1495 1729 1540 cum
1754 1471 1905 1555 divinis,
1938 1474 1999 1544 sed
2025 1495 2114 1565 quae
2135 1477 2416 1548 circumstantias

402 1597 518 1648 omnes
533 1572 661 1662 gradus
677 1573 870 1664 sapientiae
883 1596 1060 1644 summum
1076 1595 1167 1660 esse,
1191 1573 1381 1644 discrimen
1431 1572 1569 1664 aliquas
1582 1571 1698 1661 legum
1720 1572 1937 1662 generalium
1954 1573 2207 1655 determinent,
2238 1578 2416 1665 probabili

398 1672 626 1747 bonestorum
658 1687 694 1743 et
722 1675 898 1765 turpium,
937 1675 1032 1768 quod
1063 1674 1220 1745 ostendit
1243 1687 1278 1744 et
1307 1695 1381 1743 esse
1431 1673 1588 1757 ratione,
1613 1687 1646 1742 et
1662 1671 1734 1743 sint
1756 1673 1972 1743 adminicula
1992 1675 2110 1762 legum
2130 1674 2350 1762 divinarum,
2374 1692 2416 1748 ut

395 1776 535 1855 Deum,
567 1789 602 1844 et
625 1771 740 1866 qualis
762 1775 827 1860 sit,
852 1790 886 1847 et
906 1797 980 1845 esse
1000 1774 1178 1848 vindicem
1199 1775 1381 1848 scelerum.
1430 1768 1511 1841 cum
1526 1775 1656 1861 gradus
1672 1774 1927 1866 suppliciorum
1943 1776 2098 1849 ordinat.

395 1871 598 1967 Oportebat
610 1886 726 1943 autem
750 1897 815 1945 nos
838 1876 1019 1947 intuentes
1041 1877 1080 1945 in
1107 1877 1212 1946 nobis
1237 1871 1303 1947 bos
1322 1898 1381 1945 ra·
1533 1872 1731 1968 Quartum,
1754 1889 1796 1945 ut
1816 1876 1861 1946 sit
1874 1889 2040 1948 executor
2055 1898 2201 1946 suarum
2217 1875 2355 1965 legum,
2381 1889 2417 1947 et

396 1976 475 2046 dios
507 1974 700 2068 sapientiae
724 1970 812 2059 Dei,
849 1999 1037 2069 agnoscere
1068 1977 1310 2061 conditorem,
1346 1988 1382 2046 et
1431 1972 1557 2065 puniat
1570 1984 1803 2047 contumaces.

396 2098 514 2146 amare
529 2075 693 2146 ordinem
710 2076 754 2144 ab
769 2076 845 2167 ipso
860 2078 1033 2148 sancitum
1047 2091 1083 2149 et
1099 2100 1165 2147 nos
1182 2090 1382 2148 reverenter
1533 2070 1657 2166 ltaque
1679 2097 1759 2143 cum
1780 2072 1877 2145 Deus
1899 2076 1974 2167 ipse
1996 2078 2076 2145 sons
2106 2076 2152 2147 sit
2180 2075 2297 2165 legum
2318 2089 2353 2147 et
2373 2078 2419 2148 sit

397 2176 431 2245 ei
441 2176 636 2261 subiicere,
668 2188 703 2245 et
724 2176 818 2247 intra
837 2193 964 2264 metas,
997 2201 1084 2269 quas
1104 2181 1208 2250 nobis
1229 2178 1383 2267 circum·
1433 2188 1537 2244 autor
1551 2188 1586 2246 et
1599 2188 1826 2245 conservator
1841 2175 1976 2265 politici
1991 2177 2148 2260 ordinis,
2172 2177 2262 2247 sicut
2279 2178 2422 2269 sapien·

396 2277 517 2362 dedit,
541 2298 606 2346 nos
620 2271 816 2352 cohercere.
854 2278 924 2350 Sed
941 2273 1030 2369 proh
1049 2280 1152 2349 dolor
1164 2282 1263 2350 triste
1278 2276 1383 2347 dissi·
1433 2276 1482 2345 tia
1506 2273 1572 2344 Dei
1593 2277 1688 2367 apud
1707 2274 1936 2347 Salomonem
1957 2277 2089 2370 inquit:
2131 2275 2201 2346 Per
2231 2302 2288 2346 me
2320 2300 2419 2367 reges

396 2377 499 2447 dium
516 2392 568 2448 est
581 2378 814 2468 cupiditatum
830 2392 865 2451 et
880 2375 988 2450 huius
1006 2379 1093 2449 lucis
1115 2381 1154 2449 in
1177 2391 1294 2449 ruente
1313 2372 1382 2447 hu·
1433 2391 1600 2466 regnant,
1632 2389 1666 2446 et
1684 2376 1817 2447 indices
1841 2378 1933 2447 iusta
1952 2381 2166 2462 decernunt,
2192 2400 2419 2472 agnoscamus

396 2501 522 2561 mana,
545 2482 689 2548 etunde
705 2478 752 2549 sit
771 2494 889 2550 ortum
914 2476 982 2550 boc
999 2480 1206 2565 dissidium,
1228 2490 1263 2548 et
1279 2477 1383 2573 quale
1434 2492 1469 2548 et
1486 2478 1599 2568 ipsam
1621 2476 1972 2567 legumesapientiam
1994 2492 2030 2549 et
2045 2476 2318 2568 Magistratuum
2339 2501 2421 2568 gra·

362 2663 368 2674 Ι
397 2576 463 2662 sit,
485 2578 639 2648 ostendit
654 2580 816 2650 doctrina
832 2577 1021 2651 Ecclesiae.
1073 2577 1144 2650 Sed
1160 2594 1275 2651 tumen
1297 2579 1383 2650 reli·
1434 2581 1501 2648 dus
1516 2574 1756 2647 beneficiaDei
1771 2601 1861 2662 esse,
1887 2593 1920 2649 et
1932 2594 2132 2651 reverenter
2146 2602 2211 2649 nos
2226 2580 2418 2670 sapientiae

334 2707 338 2712 ·
399 2701 469 2770 qua
485 2679 589 2749 estin
606 2676 904 2751 naturahumana
928 2677 1197 2767 haselacensi,
1222 2693 1261 2751 ut
1284 2702 1385 2748 mens
1433 2676 1501 2750 Dei
1537 2692 1572 2749 et
1602 2677 1770 2767 legitimis
1799 2677 2065 2770 Magistratibus
2092 2678 2338 2764 subiiciamus,
2385 2693 2421 2749 et

396 2778 536 2848 frenare
555 2782 715 2851 membra
738 2780 867 2872 possit,
891 2793 932 2851 ut
953 2794 1093 2852 externa
1114 2781 1315 2854 obedientia
1338 2781 1384 2851 ad
1434 2779 1604 2863 sciamus,
1635 2781 1712 2849 sine
1732 2780 1806 2849 nlla
1828 2782 2048 2852 dubitatione
2070 2781 2326 2852 contumaciam
2353 2804 2422 2870 pu·
2522 2795 2528 2803 '

396 2876 509 2967 legem
523 2895 704 2969 congruat.
1162 2941 1164 2945 .
1436 2879 1530 2960 uiri,
1556 2878 1645 2948 sicut
1661 2880 1831 2949 Salomon
1846 2882 1980 2975 inquit:
2009 2882 2114 2951 Time
2128 2881 2342 2962 Dominum,
2369 2880 2421 2948 fili

496 2976 589 3050 Cum
604 2994 721 3050 autern
736 2980 820 3052 velit
828 2979 923 3053 Deus
936 2996 971 3053 et
984 2997 1103 3055 notam
1118 3007 1191 3054 esse
1205 2983 1244 3052 in
1257 3001 1387 3072 genere
1437 2979 1505 3062 mi,
1538 2990 1572 3047 et
1588 3000 1725 3065 regem,
1751 2992 1878 3046 etcum
1893 2982 2069 3049 seditiosis
2083 3006 2128 3050 ne
2142 2983 2250 3051 iacias
2267 2982 2421 3065 foedera,

397 3071 554 3150 humano
578 3075 671 3150 banc
693 3104 793 3153 suam
813 3083 1022 3175 sapientiam
1044 3101 1080 3157 et
1103 3086 1263 3156 iustitiae
1287 3080 1387 3152 ordi·
1437 3081 1520 3177 quia
1537 3077 1656 3149 subito
1672 3076 1790 3147 veniet
1805 3075 1968 3146 interitus
1984 3104 2118 3151 eorum.

396 3200 500 3263 nem,
525 3192 560 3246 et
575 3174 740 3249 homines
762 3183 796 3248 ei
815 3184 980 3265 obedire,
1005 3186 1167 3256 condidit
1180 3181 1387 3263 Ecclesiam,
1540 3177 1638 3247 Haec
1651 3201 1734 3246 vera
1751 3175 1865 3243 oratio
1888 3177 1933 3241 de
1952 3178 2068 3259 legum
2082 3190 2117 3241 et
2132 3175 2268 3261 politici
2286 3174 2423 3240 ordinis

395 3275 526 3365 inqua
543 3296 680 3361 semper
695 3297 815 3343 vocem
830 3280 948 3364 legum
968 3284 1207 3364 conservavit,
1238 3293 1272 3349 et
1287 3279 1389 3348 addi-
1439 3277 1611 3365 dignitate
1636 3276 1747 3365 saepes
1762 3275 1951 3363 repetenda
1974 3284 2042 3356 est,
2067 3286 2109 3343 ut
2133 3295 2213 3341 cum
2232 3272 2425 3362 cogitamus

395 3373 452 3445 dit
466 3370 647 3464 politicam
661 3373 957 3462 gubernationem
975 3390 1009 3447 et
1028 3378 1277 3467 Magistratus,
1300 3397 1390 3469 quos
1440 3377 1535 3465 leges
1550 3398 1625 3445 non
1639 3397 1713 3443 esse
1726 3373 1865 3442 vincula
1883 3367 2039 3442 humano
2054 3372 2202 3442 consilio
2224 3371 2426 3460 excogitata,

397 3472 566 3544 instruxit
589 3474 779 3545 autoritate
802 3489 834 3547 et
857 3476 986 3560 armis,
1018 3490 1058 3547 ut
1080 3479 1174 3563 leges
1195 3476 1234 3543 in
1255 3475 1389 3563 populo
1439 3498 1505 3542 nec
1518 3472 1680 3562 imperita
1701 3486 1838 3542 tantum
1861 3468 2017 3544 humana
2041 3474 2209 3543 violentia
2235 3473 2426 3543 constituta

397 3584 528 3645 sonent
547 3585 582 3643 et
603 3584 787 3659 tueantur,
817 3590 852 3645 et
878 3574 1029 3662 puniant
1053 3588 1289 3645 contumaces.
1337 3564 1389 3639 llt
1439 3593 1530 3656 esse,
1563 3572 1627 3641 sed
1649 3572 1743 3663 leges
1764 3596 1846 3643 vere
1869 3596 1941 3644 esse
1963 3575 2171 3664 sapientiam
2194 3571 2280 3658 Dei,
2313 3588 2347 3643 et
2368 3586 2425 3642 to-

400 3673 482 3766 quia
503 3673 562 3741 lex
590 3672 667 3742 sine
689 3672 893 3742 executione
913 3682 950 3740 et
972 3669 1049 3742 sine
1073 3671 1197 3764 poenis
1219 3671 1389 3741 adversus
1439 3685 1516 3743 tum
1542 3672 1704 3743 ordinem
1724 3673 1927 3765 politicum:
1964 3673 2208 3764 Magistratus,
2239 3673 2439 3765 praesidia,

401 3786 642 3853 contumaces,
667 3771 784 3841 inanis
800 3770 944 3842 'sonitus
967 3783 1040 3857 est,
1064 3797 1139 3842 non
1159 3771 1275 3842 solum
1291 3794 1405 3842 com·-
1440 3784 1654 3859 contractus,
1678 3773 1820 3860 iudicia,
1845 3798 1993 3866 poenas,
2018 3773 2122 3846 aDeo
2138 3775 2339 3846 institutum
2353 3794 2427 3843 esse

401 3872 582 3943 mendavit
610 3895 742 3965 poenas
771 3871 1058 3965 Magistratibus,
1093 3876 1155 3944 sed
1185 3873 1261 3966 ipss
1292 3870 1390 3943 Deus
1441 3888 1475 3945 et
1504 3874 1724 3961 conservari,
1765 3876 1961 3946 reverentia
1988 3875 2178 3950 inanimis
2202 3875 2370 3945 excitetur
2393 3886 2428 3943 et

401 3995 565 4066 praesens
579 3973 619 4042 in
634 3973 814 4066 imperiis,
838 3996 900 4045 sua
915 3972 1099 4060 vigilantia
1119 3987 1153 4045 et
1173 3972 1311 4043 iusticia
1333 3995 1391 4040 re·
1440 3975 1678 4049 confirmetur.
2207 3987 2209 3991 '

402 4070 509 4145 trahit
530 4083 649 4144 sontes
672 4076 717 4145 ad
737 4071 916 4146 horrenda
938 4074 1131 4165 supplicia,
1149 4074 1259 4143 immo
1273 4083 1309 4142 et
1323 4095 1391 4141 no·
1543 4073 1613 4145 Sed
1632 4075 1727 4146 dicat
1742 4075 1886 4168 aliquis:
1913 4074 2011 4166 Quid
2029 4074 2115 4149 haec
2128 4080 2244 4149 oratio
2261 4080 2305 4149 de
2315 4076 2428 4148 Deca-

402 4175 483 4244 stris
510 4174 721 4267 corporibus
750 4176 885 4248 indidit
913 4173 1154 4245 inevitabilem
1183 4172 1393 4256 carnificem,
1441 4175 1523 4263 logo
1537 4175 1621 4244 facit
1635 4176 1680 4243 ad
1695 4170 1780 4244 haec
1795 4176 1923 4267 scripta
1939 4176 2273 4250 iurisconsultorum
2281 4177 2428 4269 Ulpiani

403 4275 543 4349 dolores
556 4275 812 4367 conscientiae,
837 4276 899 4371 qni
915 4296 1037 4344 omnes
1048 4288 1167 4347 sontes
1179 4272 1392 4356 excruciant,
1442 4288 1503 4345 aut
1527 4268 1682 4359 Bartuli,
1712 4287 1776 4344 cnr
1798 4276 1923 4346 misces
1945 4277 2067 4349 divina
2084 4275 2275 4358 humanis,
2307 4292 2342 4347 et
2365 4300 2430 4345 cur

404 4387 444 4445 ut
460 4375 700 4467 conspiciatur
715 4377 906 4448 discrimen
920 4375 1014 4447 inter
1035 4390 1127 4448 recte
1148 4378 1239 4447 iacta
1263 4387 1296 4445 et
1316 4386 1393 4444 tur·
1443 4398 1518 4445 non
1537 4375 1783 4445 anteferuntur
1797 4374 1889 4466 leges
1897 4374 2034 4447 Moisi?
2077 4377 2180 4448 Hanc
2193 4377 2429 4448 obiectionem

428 4475 474 4547 ia.
510 4474 580 4546 His
593 4476 780 4550 doloribus
795 4476 1054 4562 convincimur,
1077 4490 1119 4549 ut
1133 4478 1306 4549 fateamur
1320 4496 1393 4543 esse
1443 4475 1592 4546 refutari
1607 4498 1746 4545 necesse
1762 4489 1827 4546 est.
1878 4475 1928 4548 Ut
1944 4493 2099 4549 caeterae
2115 4491 2206 4549 artes
2221 4477 2350 4568 partim
2366 4478 2431 4545 de·

403 4498 521 4671 Bcum
535 4577 729 4671 sapientem
744 4592 779 4651 et
793 4579 947 4663 iustum,
970 4591 1006 4649 ct
1021 4576 1123 4660 velle,
1148 4591 1188 4649 ut
1203 4577 1312 4645 simus
1326 4574 1394 4667 ipsi
1444 4576 1781 4655 monstrationibus,
1811 4577 1940 4667 partim
1964 4579 2209 4670 probabilibus
2232 4577 2431 4649 rationibus

406 4677 617 4760 conformes,
639 4692 675 4751 et
691 4680 783 4752 iuste
798 4679 928 4772 punire
939 4690 1175 4751 contumaces.
1205 4675 1282 4748 lllis
1298 4699 1394 4755 vero,
1445 4702 1487 4747 ex
1503 4677 1636 4748 divinis
1652 4677 1795 4748 noticiis
1818 4691 1994 4749 extructae
2017 4693 2116 4764 sunt,
2142 4692 2183 4749 ut
2197 4672 2432 4750 Aritbmetica

406 4779 469 4870 qni
482 4792 566 4851 sunt
582 4780 614 4850 ei
630 4782 848 4867 conformes,
872 4778 1216 4851 communicatumm
1232 4799 1305 4847 esse
1321 4798 1394 4846 sese
1446 4803 1487 4849 ex
1510 4779 1711 4868 cognitione
1730 4779 2001 4869 proportionum
2022 4793 2160 4870 sumpta
2181 4791 2247 4850 est:
2282 4779 2330 4848 ita
2352 4776 2433 4849 Ro·

409 4889 446 4944 et
456 4899 519 4952 sua
531 4881 643 4952 bona:
669 4880 806 4968 Vitam,
830 4879 1059 4973 sapientiam,
1084 4879 1259 4951 iusticiam
1275 4891 1310 4948 et
1323 4877 1396 4946 lae-
1445 4901 1572 4949 manae
1587 4878 1681 4967 leges
1695 4901 1737 4949 ex
1754 4878 1896 4949 noticiis
1910 4881 2150 4964 naturalibus,
2173 4902 2264 4973 quae
2279 4892 2361 4949 sunt
2374 4902 2434 4948 ra·

408 4972 546 5059 liciaco.¹
594 4977 768 5056 Attribnit
783 4996 901 5059 sutem
916 4978 1141 5070 Magistratui
1156 4976 1223 5051 bos
1244 4991 1397 5073 quatum
1447 4979 1501 5050 dii
1516 4978 1707 5071 sapientiae
1724 4978 1886 5064 divinae,
1911 4979 1951 5048 in
1964 4981 2143 5071 Decalogo
2159 4979 2313 5050 breviter
2337 5003 2436 5049 com·

408 5075 546 5164 gradm
563 5075 767 5156 ciliciorum.
1447 5074 1637 5172 prehensi,
1676 5080 1772 5149 bona
1792 5082 2044 5172 consequentia
2073 5082 2199 5153 ductae
2229 5093 2323 5155 sunt.
2388 5075 2437 5150 Et

512 5174 701 5261 Primum,
725 5199 766 5255 ut
785 5197 886 5257 sonet
909 5205 1030 5254 vocem
1052 5178 1140 5269 legis
1164 5178 1328 5264 divinae,
1360 5179 1397 5247 id
1448 5202 1586 5271 semper
1606 5179 1676 5250 init
1702 5200 1759 5248 ars
1784 5175 2141 5265 Iurisconsulturum,
2178 5203 2298 5251 causas
2316 5194 2438 5252 osten-

410 5273 662 5366 estDecalogi,
688 5298 750 5349 seu
762 5300 800 5356 ut
813 5284 1057 5367 nominamus,
1080 5279 1185 5371 Legis
1198 5292 1344 5352 naturae
1358 5279 1398 5347 in
1448 5281 1533 5351 dere
1548 5302 1692 5351 suarum
1710 5281 1964 5351 sententiarum
1978 5281 2017 5351 in
2035 5281 2108 5351 illis
2122 5281 2292 5353 fontibus.
2328 5279 2439 5353 Prac-

412 5398 541 5465 8encrs
556 5374 733 5451 humano·
784 5380 869 5461 Vult
890 5383 1047 5476 conspici
1067 5404 1141 5453 sese
1158 5378 1256 5452 Deus
1275 5380 1314 5449 in
1336 5402 1399 5451 sua
1449 5394 1545 5453 terea
1557 5375 1625 5453 hac
1637 5379 1826 5452 autoritate
1842 5383 1991 5454 armavit
1999 5379 2095 5454 Dens
2103 5379 2373 5474 Magistratnm,
2399 5395 2440 5451 nt

413 5475 506 5564 lege.
553 5472 657 5550 Hanc
681 5479 796 5571 igitur
818 5485 895 5556 vult
915 5483 1067 5577 proponi
1089 5496 1124 5554 et
1144 5504 1305 5554 normam
1327 5503 1400 5552 esse
1450 5481 1558 5553 etiarn
1578 5505 1660 5554 cnm
1681 5481 1936 5556 demonstratio
1956 5485 2073 5566 deest,
2097 5497 2133 5556 et
2154 5485 2194 5554 in
2219 5483 2439 5554 decernendo

416 5573 581 5648 ornrrinm
596 5581 848 5669 consiliorum,
870 5604 945 5652 uon
960 5586 1038 5657 vult
1048 5606 1116 5674 nos
1129 5581 1260 5656 nostris
1275 5580 1402 5674 imagi·
1451 5582 1676 5675 probabilem
1704 5581 1879 5653 rationem
1910 5586 2087 5680 seqnitur,
2118 5608 2193 5656 non
2225 5595 2440 5674 pugnantem

417 5673 624 5769 nationibus
638 5681 733 5774 tegi,
753 5697 815 5759 ant
836 5681 1057 5760 comminisci
1076 5686 1189 5779 leges,
1213 5706 1304 5780 quae
1324 5706 1402 5756 ma·
1451 5707 1532 5758 cum
1563 5686 1641 5761 iure
1670 5683 1811 5757 divinos
1826 5696 1974 5832 *tamen
1999 5685 2056 5759 lex
2076 5685 2177 5757 firma
2200 5684 2258 5759 sit.
2326 5678 2440 5769 quue
