6025 6775
490 545 567 622 ns
1263 505 1751 616 urs'ruravrorvus
2449 556 2531 635 51⁶

597 708 635 784 5.
666 708 754 782 Ideo
767 705 931 782 Christus
948 730 1070 796 severe
1090 708 1286 803 praecepit:
1312 707 1482 783 Attendi-
1638 709 1698 782 ts.
1719 707 1813 783 ·Res
1837 709 2012 784 minimae
2031 728 2136 808 sunt,
2166 720 2196 791 si
2228 726 2457 800 conterantur·
2479 733 2526 800 ad

495 833 547 904 te,
560 839 609 886 ne
620 814 727 885 corda
741 826 858 882 vestra
875 825 1067 903 graventur
1082 811 1237 906 crapula.
1270 807 1378 884 Item:
1404 807 1486 883 Hoc
1535 811 1819 902 magnitudinem
1835 809 2079 905 spiritualium
2095 844 2228 894 rerum.
2280 826 2347 898 Sed
2364 843 2447 902 sunt
2469 854 2527 901 res

499 942 611 1014 genus
625 913 893 987 daemoniorum
910 937 984 985 non
1001 912 1142 985 eiicitur
1156 914 1228 985 nisi
1243 914 1283 984 in
1296 914 1434 988 ieiunio
1452 927 1488 986 et
1536 914 1893 985 maximae-acerrimo
1909 917 2029 989 studio
2043 922 2266 1009 retinendae,
2292 927 2321 997 si
2339 929 2526 1005 infirmitas

500 1021 672 1095 oratione.
723 1014 811 1087 Item
826 1013 959 1087 Paulus
980 1015 1118 1110 inquit:
1143 1015 1226 1089 Non
1248 1017 1287 1087 in
1311 1037 1489 1088 comessa·
1538 1008 1728 1086 homiuum
1749 1016 2003 1093 consideretur.

503 1122 674 1197 tionibus.
723 1114 928 1192 EtPetms:
955 1115 1077 1189 Sobrii
1099 1131 1229 1204 estote,
1255 1119 1410 1211 vigilate.
1644 1112 1702 1188 14.
1743 1113 1822 1187 lmo
1839 1114 1909 1188 llei
1929 1120 2137 1193 mandatum
2165 1142 2236 1213 est,
2261 1143 2302 1200 ut
2329 1125 2397 1202 hae
2421 1134 2529 1203 disci-

603 1223 640 1294 6.
681 1219 837 1291 Surdum
861 1242 936 1289 esse
957 1221 1002 1289 ad
1027 1233 1080 1292 tot
1102 1234 1246 1314 tamque
1268 1243 1392 1311 graves
1407 1241 1490 1290 sen-
1540 1216 1639 1310 plina
1672 1230 1841 1308 regantur
1869 1221 2103 1293 adolescentia
2140 1239 2176 1296 et
2207 1230 2349 1319 vulgus.
2409 1230 2529 1323 Quare

504 1326 650 1408 tentias,
675 1333 814 1392 nonest
831 1321 975 1391 libertas
992 1317 1213 1410 Christiana,
1239 1325 1300 1393 sed
1312 1323 1489 1417 quaedam
1541 1331 1666 1391 contra
1681 1320 1891 1391 mandatum
1903 1316 1973 1392 Dei
1985 1323 2133 1412 iaciunt,
2159 1349 2242 1401 eum
2261 1324 2355 1401 hanc
2370 1334 2531 1428 discipli·

505 1424 690 1498 horribilis
711 1436 746 1493 et
769 1418 953 1515 prophana
980 1424 1166 1510 securitas,
1197 1437 1233 1496 et
1254 1423 1489 1513 coutumacia,
1542 1444 1627 1492 narn
1643 1422 1836 1493 excutiunt.

506 1551 611 1622 quam
625 1524 722 1597 Deus
736 1525 930 1618 aliquando
946 1524 1112 1595 atrociter
1126 1526 1263 1618 puniet.

607 1642 643 1712 7.
682 1640 814 1731 Magna
839 1641 916 1712 taus
941 1653 993 1711 est
1006 1641 1235 1732 disciplinae,
1260 1644 1357 1736 quod
1373 1639 1492 1738 iuquit
1544 1648 1746 1750 (XLVII.)
1770 1655 1879 1730 Alia
1898 1655 2192 1752 disputatio:
2213 1661 2425 1754 delusticia
2445 1692 2532 1743 cur-

507 1747 657 1820 Puu¹u⁸²
677 1742 752 1815 1¹²¹
767 1755 819 1813 ²⁸1
833 1743 1054 1833 tu‘dussuglu
1071 1743 1108 1812 iu
1126 1739 1322 1862 Cluuium·
1364 1743 1493 1817 'fu-uu·
1542 1759 1624 1831 nali
1646 1766 1685 1829 et
1710 1762 1834 1850 civili,
1861 1781 1908 1832 uc
1926 1758 1973 1833 de
1987 1755 2127 1858 effectu
2142 1767 2255 1864 Lepta
2270 1776 2308 1839 et
2321 1771 2529 1869 Evangelii.

506 1865 568 1920 tur
581 1848 677 1918 enim
692 1846 857 1937 prodesse
871 1838 963 1914 hanc
978 1846 1227 1935 paedagogum
1245 1859 1281 1918 et
1294 1842 1380 1917 haec
1392 1870 1491 1917 exer·
1707 1922 1716 1940 ‚
1743 1923 1752 1940 .
2103 1921 2114 1946 .

510 1952 606 2035 ciria,
630 1970 704 2017 non
720 1946 834 2016 solum
852 1946 897 2015 ad
912 1945 1053 2016 civilem
1066 1940 1300 2035 honestatem,
1324 1963 1384 2020 aut
1403 1963 1491 2019 con·
1542 1908 1649 2041 pem
1662 1936 1769 2014 ‘¹¹8¹‘
1782 1923 1828 1996 ³¹)
1845 1924 2013 1997 ⁰¹¹¹¹¹3bu⁸
2029 1925 2205 2032 fuiuuifm
2223 1932 2409 2019 uuuulems
2436 1934 2531 2005 iuxta

513 2049 749 2121 servationem
775 2047 868 2119 vitae
882 2048 1096 2140 corporalis,
1117 2049 1180 2119 sed
1195 2053 1239 2120 ad
1254 2045 1323 2122 hoc
1339 2074 1493 2145 quoque,
1544 2025 1668 2146 {fludffi
1692 2022 1766 2095 Lex
1795 2038 1849 2098 est
1873 2028 2129 2120 paedagogum·
2147 2041 2199 2130 et:
2232 2028 2305 2102 Lex
2333 2048 2384 2104 est
2417 2038 2530 2126 posita

510 2170 551 2226 ut
579 2149 780 2237 assuefacti,
808 2150 946 2231 doceri,
978 2163 1013 2221 et
1038 2151 1085 2219 ad
1115 2151 1332 2240 agnitionem
1356 2148 1492 2223 Christi
1546 2140 1699 2197 mulum·

509 2254 696 2348 pervenire
725 2252 912 2344 possimus,
962 2247 1028 2323 Est
1048 2265 1165 2322 amem
1188 2248 1287 2324 Deus
1307 2255 1429 2324 effic„
1454 2255 1493 2323 in
1647 2229 1682 2298 2.
1724 2224 1773 2300 Et
1795 2230 1885 2303 sicut
1907 2209 2096 2302 arboribus
2116 2232 2229 2304 indita
2254 2235 2308 2303 vis
2327 2248 2378 2306 est
2392 2237 2530 2305 ferendi

507 2357 586 2452 ¹pii,
602 2379 666 2451 pe„
682 2355 828 2425 verbum
846 2375 965 2424 mum,
1358 2384 1360 2388 >
1546 2329 1702 2411 sanetus,
1730 2331 1776 2400 ita
1792 2332 1925 2402 rationi
1941 2354 2002 2403 seu
2019 2338 2172 2431 ψυχικῷ
2190 2330 2335 2406 ¹homini
2351 2337 2463 2408 indita
2479 2352 2530 2408 est

1640 2443 1654 2499 t
1670 2431 1818 2503 facultas
1834 2433 1987 2504 faciendi
2000 2433 2175 2510 iusticiam
2187 2438 2379 2510 'carnalem

1647 2531 1683 2605 δ.
1716 2530 1770 2604 Ea
1794 2548 1846 2605 est
1862 2536 1999 2606 iusticia
2021 2536 2123 2608 liberi
2137 2539 2297 2624 arbitrii,
2325 2539 2412 2611 etin
2430 2553 2530 2631 pote-

1546 2643 1634 2803 pitate
1650 2647 1781 2738 nostra,
1795 2637 1885 2708 sicut
1901 2638 1939 2706 in
1955 2638 2277 2734 arboribusnatura
2291 2641 2428 2711 fructus
2442 2665 2529 2732 pro-

1574 2757 1687 2804 urere.

613 2476 651 2550 8.
687 2472 798 2545 Recte
819 2471 967 2543 Paulus:
999 2467 1214 2544 Exercitatio
1234 2474 1427 2565 corporalis
1448 2477 1494 2546 ad
1548 2453 1638 2500 ’Μ

509 2581 690 2650 modicum
706 2575 805 2645 utilis
820 2586 883 2659 est,
896 2574 1008 2665 pietas
1021 2577 1064 2644 ad
1081 2574 1213 2646 omnia.
1242 2572 1383 2649 Debent
1397 2577 1494 2648 enim

512 2676 710 2750 Christiani
730 2675 926 2763 intelligere
943 2675 1133 2745 discrimen
1149 2676 1242 2747 inter
1256 2672 1344 2749 haec
1359 2679 1495 2749 exerci-

514 2782 583 2865 tia,
601 2793 636 2849 et
648 2799 752 2849 veras
770 2778 917 2847 virtutes
930 2777 1143 2869 spirituales,
1169 2790 1203 2849 et
1217 2773 1303 2849 huic
1319 2782 1495 2873 paedago-

514 2883 591 2972 giae
606 2880 711 2969 louge
725 2879 891 2948 anteferri
906 2879 1048 2963 debent,
1073 2904 1155 2950 vera
1169 2863 1400 2972 poenitentia,
1412 2906 1495 2953 vera

513 2984 616 3068 fides,
647 2980 842 3065 invocatio,
870 2981 1065 3051 vocationis
1095 2983 1220 3058 officia.
1273 2982 1345 3056 Sed
1377 2999 1495 3055 tamen

512 3109 588 3156 nun
611 3084 698 3154 dicit
722 3080 873 3166 Paulus,
913 3082 1078 3155 inutilem
1105 3107 1179 3155 esse
1205 3086 1494 3157 exercitationem
1548 3055 1708 3213 p¹³⁸⁸¹5²²‘
1725 3139 1774 3216 Et

511 3189 744 3374 mmgalssn'
792 3302 830 3320 ,,
1004 3303 1014 3319 ,
1050 3300 1060 3320 .
1184 3299 1194 3320 .
1546 3256 1644 3329 cunt,
1663 3243 1732 3316 nisi
1747 3241 1845 3329 Deus
1859 3246 2057 3332 foecundet,
2077 3247 2127 3320 itu
2141 3251 2273 3343 pendet
2287 3251 2395 3324 etiam
2409 3269 2531 3318 omnes

640 3358 650 3378 .
710 3315 935 3374 xerertmrum
952 3304 1033 3372 finrs
1048 3303 1275 3374 immediatus
1288 3325 1361 3374 esse
1378 3304 1496 3385 debet,
2302 3337 2305 3344 ·

614 3410 632 3425 ..
1116 3404 1127 3422 .
1292 3407 1301 3424 .
1546 3345 1703 3418 actiones
1723 3350 1890 3444 ψυχικοῦ
1909 3342 2066 3421 bominis
2089 3376 2110 3424 a
2133 3353 2365 3425 voluntate'et
2382 3348 2529 3422 ordina·

512 3422 553 3479 ut
569 3419 756 3477 coerceant
770 3428 931 3487 carnem,
955 3429 1002 3474 ne
1017 3418 1181 3477 saturitas
1198 3419 1231 3477 et
1248 3430 1364 3476 ocream
1378 3431 1495 3526 arcer:
1546 3449 1644 3519 [ione
1658 3450 1793 3520 divim·
1903 3442 1906 3447 ⁴

513 3519 592 3576 sant
611 3507 730 3596 aliqua
755 3504 856 3577 vicia.
907 3502 1013 3594 ltem,
1041 3520 1082 3577 ut
1105 3506 1217 3577 sobrii
1238 3510 1348 3597 magis
1373 3510 1494 3579 idoner
1647 3553 1683 3626 6·
1719 3550 1877 3642 Quidam
1900 3567 2126 3648 posteaquam
2149 3556 2359 3641 audierunt,
2382 3577 2457 3624 non
2472 3551 2528 3622 in.

514 3608 624 3726 ⁸ii¹¹u⁸
645 3608 689 3674 ad
713 3606 887 3674 ‘madum
913 3620 983 3727 ω’.
1003 3605 1117 3727 .C¹¹“¹
1137 3611 1181 3678 ad
1199 3602 1294 3680 [ΝΜ
1311 3610 1495 3680 finemde'
1545 3653 1688 3723 stifieari
1708 3677 1775 3725 nos
1796 3650 1919 3726 nostro
1942 3657 2069 3728 merito
2112 3652 2387 3730 nihilinteresse
2427 3669 2529 3730 utaut

513 3720 641 3780 strnata
664 3701 850 3777 sunthaec
873 3725 1055 3790 exercitia,
1079 3723 1162 3780 sunt
1188 3711 1284 3780 bona
1307 3735 1435 3802 opera,
1459 3725 1493 3782 et
1545 3755 1640 3823 inm
1663 3758 1806 3824 caedem
1830 3757 1945 3826 facete
1968 3770 2003 3828 et
2026 3708 2192 3831 onjmm
2230 3684 2426 3833 enimin?
2480 3759 2528 3829 Hi

2197 3814 2209 3847 ,
2417 3815 2427 3832 Ο

512 3806 836 3902 'mmmmm
1019 3925 1058 3945 ..
1181 3928 1192 3947 .
1315 3928 1326 3946 ,
1544 3856 1676 3937 sciant,
1700 3852 1814 3928 aDeo
1830 3857 1922 3949 exigi
1937 3860 2112 3931 iusticiam
2127 3863 2316 3934 carnalem.

617 3928 675 3996 10.
702 3925 783 3997 Non
797 3926 903 3996 debet
917 3939 1164 3997 exerertrorurn
1180 3929 1404 4001 immediatus
1419 3954 1494 4002 esse

514 4033 537 4099 fi
567 4029 575 4047 .
682 4028 691 4047 .
987 4027 996 4044 .
1215 4031 1224 4047 .
1648 3970 1684 4050 7.
1723 3970 1772 4048 Et
1792 3977 1899 4049 datur
1920 3978 2147 4051 servantibus
2167 3968 2297 4050 merces
2316 3977 2526 4067 corporalis,

540 4043 595 4099 nrt
611 4042 650 4099 ut
663 4042 736 4100 arnt
747 4029 873 4113 cultus,
897 4050 997 4121 quasa
1014 4025 1109 4099 Deus
1123 4043 1280 4125 requirat
1296 4056 1402 4121 opera
1417 4057 1491 4103 non

516 4133 563 4205 oh
577 4131 697 4217 aliud,
722 4129 791 4199 nisi
808 4142 848 4199 ut
862 4129 924 4200 tali
939 4125 1077 4202 honore
1090 4133 1273 4204 alliciatur.
1304 4131 1400 4204 Haec
1413 4135 1492 4226 opi·
1543 4080 1746 4275 ξζὲἐῖἑῗΰῗ
1760 4074 1810 4167 hh
1836 4083 1900 4175 ‘lui
1916 4081 2066 4170 lulum,
2090 4081 2179 4153 utut
2196 4081 2234 4150 iu
2249 4076 2404 4150 uiuurfis
2419 4075 2526 4149 Mose

512 4236 575 4305 nio
591 4248 644 4307 est
657 4231 916 4322 superstitiosa,
941 4246 981 4305 ut
993 4231 1127 4305 Paulus
1143 4248 1303 4324 testatur,
1328 4260 1409 4310 cum
1425 4238 1491 4309 ait:
1930 4301 1939 4321 ,
2499 4286 2502 4291 .

511 4334 677 4429 Regnum
691 4333 761 4407 Dei
776 4356 839 4404 nec
853 4358 929 4404 esca
944 4357 1010 4405 nec
1023 4352 1128 4427 popm
1149 4352 1211 4413 esp·
1646 4299 1682 4371 8.
1724 4296 1822 4394 Ergo
1839 4326 1942 4395 puers
1957 4316 1994 4375 et
2015 4301 2171 4376 carnales
2185 4322 2308 4370 omnes
2324 4314 2409 4371 sunt
2424 4317 2525 4374 coer·

614 4456 672 4529 11.
703 4452 814 4526 Fiunt
828 4464 946 4522 autern
964 4454 1080 4523 cultus
1095 4449 1182 4524 baec
1200 4456 1383 4541 exercitia,
1409 4484 1489 4528 cum

511 4560 556 4627 ad
578 4559 740 4629 debitum
761 4558 868 4626 finem
891 4554 1104 4626 referuntur.
1157 4552 1251 4626 Sunt
1276 4557 1371 4626 enim
1395 4560 1489 4629 bona

511 4680 636 4746 opera:
663 4682 771 4747 porro
795 4659 832 4724 in
856 4656 925 4747 piis
948 4657 1041 4726 bona
1058 4678 1163 4747 opera
1179 4657 1299 4727 omnia
1313 4672 1398 4730 sunt
1413 4662 1489 4730 cul·
1542 4620 1691 4700 ⁰¹³⁰rm‘

510 4768 567 4826 tus
581 4752 664 4827 Dei.
715 4756 816 4827 Sicut
832 4759 869 4825 in
882 4753 1032 4827 Daniele
1046 4756 1268 4826 adolescente
1289 4772 1322 4829 et
1341 4760 1416 4830 eius
1431 4786 1491 4832 so·
1642 4723 1678 4799 9·
1718 4725 1844 4820 Neque
1873 4748 2163 4847 V‘Qmfflumu
2189 4738 2252 4798 uui
2280 4722 2525 4845 ξθῐῦξδξῐθῦθῐῐ]

510 4856 573 4925 ciis
588 4869 689 4925 erant
704 4854 838 4935 cultus,
859 4856 1072 4928 abstinentia
1088 4880 1108 4927 a
1123 4856 1208 4928 vino
1227 4872 1261 4931 et
1277 4859 1488 4934 lautioribus
1541 4840 1782 4917 9⁰⁰⁶³²⁰²⁸¹¹¹¹¹2
1805 4841 1869 4901 ²¹¹²
1888 4826 2061 4921 8Ι)ιΙῚιιιῘῐΙ
2080 4840 2262 4913 fficium,
2285 4838 2423 4899 ¹⁰⁸¹¹⁰¹³
2448 4847 2527 4896 ⁰³¹·

508 4956 607 5027 cibis.
657 4952 704 5028 Et
719 4951 851 5028 babent
866 4951 953 5025 haec
966 4982 1072 5048 opera
1088 4962 1262 5054 praemia,
1287 4977 1327 5036 ut
1341 4979 1489 5037 testatur
1540 4927 1625 4998 ΜΗ·

505 5057 622 5150 ipsum
645 5059 842 5154 exemplum
859 5055 1031 5134 Danielis.
1644 5055 1701 5126 10.
1740 5051 1810 5126 Sed
1825 5054 1898 5138 lex,
1923 5075 2020 5123 mors
2036 5053 2308 5135 etalllictiones,
2332 5076 2421 5148 quas
2435 5074 2523 5122 con-

566 5233 569 5237 .
612 5179 669 5250 12,
711 5178 926 5274 Quanquam
954 5180 1062 5272 tgfqur
1085 5179 1320 5277 &angelium
1352 5189 1485 5260 maim
1540 5154 1629 5227 tinet
1652 5157 1725 5241 lex,
1750 5169 1832 5227 sunt
1852 5156 2039 5226 ordinatae
2059 5158 2103 5227 ad
2119 5151 2462 5234 humiliandosuos,
2482 5162 2518 5219 et

506 5277 656 5374 requirit
672 5304 776 5369 quam
795 5275 881 5352 haec
895 5285 1070 5367 exercitia,
1084 5309 1174 5377 quae
1189 5302 1272 5358 sunt
1287 5296 1484 5362 sanenaui-
1539 5260 1780 5329 ⁰⁸¹⁰¹¹⁸f⁰¹¹⁰m
1802 5259 1944 5352 P‘ccull·

499 5406 554 5474 χα
569 5381 730 5472 στοιχεῖα
743 5372 907 5471 κόσμου,
930 5398 1048 5454 tamen
1071 5387 1335 5460 meminerimus
1355 5392 1393 5460 ῑῃ
1418 5388 1484 5462 hac
1643 5379 1700 5447 11.
1736 5376 1768 5446 ls
1784 5391 1834 5448 est
1853 5400 1958 5449 verus
1974 5398 2059 5447 usus
2075 5389 2109 5448 et
2131 5375 2324 5468 spiritualis
2346 5369 2441 5460 legis.

503 5483 707 5554 infirmitate
735 5492 873 5560 uuum,
906 5484 1057 5552 maxime
1085 5485 1190 5554 nobis
1218 5513 1308 5580 opus
1330 5516 1403 5563 esse
1427 5490 1484 5563 his
1640 5497 1697 5569 ta.
1731 5491 1785 5563 De
1802 5519 1873 5587 quo
1889 5495 1974 5566 dicit
1990 5493 2140 5566 Paulust
2163 5491 2301 5564 Lexest
2312 5487 2521 5583 spiritualis,

501 5585 810 5680 qualibuscunque
824 5580 1063 5664 uumluuulfb
1080 5589 1283 5674 praesertim
1295 5618 1375 5665 cum
1384 5593 1483 5681 Deus
1535 5595 1570 5662 id
1589 5610 1659 5684 est,
1684 5596 1869 5692 spirituale
1884 5596 2070 5683 iudicium,
2094 5615 2286 5683 coarguens
2300 5591 2518 5686 impietatem

493 5688 717 5783 'praeceperit
732 5689 776 5759 de
794 5683 844 5756 eis
858 5697 928 5758 tam
944 5705 1075 5760 severe.
1534 5698 1670 5785 (0...]ῑῆ
1695 5722 1801 5796 quam
1816 5696 1909 5769 rapi„
1924 5722 1998 5769 „on
2013 5709 2127 5792 pomp
2148 5716 2302 5772 mem

1648 2833 1684 2912 4.
1725 2833 1772 2909 Et
1797 2851 1917 2911 tamen
1945 2841 2113 2914 voluntas
2137 2837 2297 2914 humanu¹
2314 2856 2366 2913 est
2390 2841 2528 2934 captiva

1547 2935 1710 3020 Satanae,
1736 2953 1775 3011 ut
1793 2964 1840 3011 ne
1853 2942 2028 3012 carnalem
2044 2944 2189 3037 quidem
2205 2944 2380 3016 iusticiam
2395 2965 2532 3035 semper

1794 3143 2093 3238 quemadmodum
2112 3148 2260 3222 arbores
2287 3145 2379 3219 nihil
2395 3147 2530 3235 produ·

1544 4404 1647 4476 cendi
1671 4405 1735 4474 ista
1762 4405 1921 4491 iusticia,
1950 4418 1986 4477 et
2004 4401 2173 4483 ducendi,
2204 4403 2320 4473 donec
2348 4401 2525 4474 divinitus

1542 4508 1748 4593 doceantur,
1771 4507 1862 4578 sieut
1877 4520 1913 4578 et
1923 4508 2067 4579 arbores
2077 4504 2243 4598 plantari,
2268 4527 2371 4596 agros
2387 4506 2525 4575 conseri
