6025 6775
1102 630 1455 713 canonicos
1482 630 1793 752 xcentn-onis.
1920 665 1929 680 -
2378 636 2454 711 roo

415 856 418 862 ¹
443 828 587 896 bibrum'
599 819 721 888 davit
742 816 848 883 eidem
861 808 1082 900 mendo,
1100 795 1305 892 Archiepiso.
1312 848 1324 890 ,
1344 814 1380 871 et
1401 804 1540 888 epistola
1559 804 1638 869 data
1652 816 1707 872 est
1719 804 1749 872 d
1761 804 2033 874 tillut-lton.
2063 804 2137 873 vid.
2151 805 2226 872 Vol
2236 805 2294 869 IX.
2313 824 2344 889 p.
2358 806 2451 874 tota

444 944 599 1009 Continet
618 903 681 1003 hoc
702 939 854 1002 volumen
874 939 999 996 tantum
1021 936 1148 1008 partem
1168 926 1240 988 libri
1262 924 1351 987 tertii
1370 920 1519 985 Curionis
1525 961 1549 1006 ,·
1569 923 1724 988 videlieet
1751 924 1919 988 historiam
1946 924 1987 986 ah
2008 924 2163 1009 Augusto
2184 926 2263 1007 lmp
2286 940 2391 1006 usqne
2411 923 2454 987 ad

445 1060 598 1126 Carolnm
611 1056 778 1139 Magnum.
819 1049 931 1129 Usque
951 1044 993 1109 ad
1014 1043 1167 1107 Carolum
1188 1041 1234 1114 61
1255 1039 1445 1103 ΜιΙιιιιΙιοιι
1466 1041 1565 1103 etiam
1587 1041 1824 1105 enarrationem
1844 1041 1915 1105 libri
1934 1040 2076 1106 chronici
2094 1057 2209 1105 mense
2227 1039 2347 1104 hltrtio
2369 1037 2456 1103 teau

416 1182 478 1240 *in
502 1174 614 1239 schola
631 1169 842 1254 perduxerat,
878 1180 978 1244 quum
1006 1168 1111 1224 morte
1138 1159 1239 1221 rebus
1258 1157 1408 1220 humanis
1430 1158 1619 1238 eriperetur.
1661 1157 1832 1222 Mandavit
1852 1157 2054 1244 Aettdemia,¹
2078 1168 2116 1226 ut
2133 1158 2206 1223 Vol
2221 1156 2263 1220 X.
2284 1176 2315 1239 p.
2328 1154 2455 1237 qu.

447 1292 605 1370 vidimus,
642 1285 784 1364 Casparo
805 1282 969 1360 Peucero‚
1004 1284 1041 1340 nt
1062 1274 1243 1339 chronicon
1264 1274 1339 1338 inde
1359 1294 1381 1339 a
1401 1273 1510 1338 Caroli
1529 1274 1644 1359 Magni
1671 1284 1817 1359 tempora
1843 1284 2041 1359 perterreret.
2100 1276 2136 1339 1s
2162 1276 2280 1360 igitur,
2311 1290 2394 1355 quae
2422 1271 2455 1334 in

449 1407 560 1473 schola
580 1402 777 1480 dictaverat,
808 1405 925 1479 postea
945 1396 1044 1458 etiam
1065 1393 1174 1458 edidit
1191 1429 1194 1434 -
1216 1392 1341 1457 Prodiit
1359 1393 1486 1477 itaque:
1935 1418 1937 1424 ¹

528 1515 669 1601 „Tertia
687 1533 765 1596 pars
786 1512 938 1577 chronici
959 1513 1126 1593 Curionis,
1153 1528 1174 1573 a
1195 1507 1312 1574 Carolo
1330 1511 1474 1594 Magno,
1496 1509 1553 1573 ubi
1571 1510 1741 1594 Philippus
1759 1512 1950 1578 Melanthon
1972 1511 2086 1595 desiit,
2121 1524 2227 1593 usque
2248 1507 2291 1572 ad
2311 1504 2457 1569 Eridani·

528 1630 610 1697 cum
624 1630 821 1696 secundum·
850 1630 1020 1713 Exposita
1040 1640 1075 1694 et
1095 1636 1193 1691 aucta
1213 1625 1344 1711 ιθαιμ.
1360 1626 1516 1691 Petacero.
1558 1628 1712 1693 Accessit
1732 1632 1929 1714 locupletiss
1950 1646 2058 1692 rerum
2078 1647 2117 1692 ac
2137 1628 2312 1691 vorborum
2331 1637 2458 1686 mom·

458 1783 462 1788 -
528 1750 677 1814 reanum
696 1746 807 1811 neon
848 1743 979 1811 wareo.
996 1721 1217 1812 exe-nebus
1239 1744 1349 1826 ιιι,
1378 1743 1476 1805 nino
1500 1742 1713 1807 nnnnxnr
1732 1748 1775 1811 :1
1799 1748 1896 1830 nrpn
1925 1745 2041 1812 1rr0n
2082 1747 2113 1809 s.
2249 1762 2252 1767 ·

445 1868 615 1933 Penoerus
635 1866 736 1951 igitur
756 1864 791 1927 in
811 1862 874 1928 hoo
893 1863 1059 1927 volumine
1080 1862 1178 1927 tertio
1199 1862 1339 1943 priorem
1360 1868 1489 1923 tantum
1515 1869 1644 1943 partem
1669 1861 1746 1925 libri·
1770 1865 1859 1926 tertii
1885 1866 1919 1927 in
1941 1863 2100 1928 chronico
2123 1860 2270 1924 (larionis
2282 1907 2286 1915 .
2298 1852 2460 1937 exposuit,

448 1984 513 2049 vid.
535 1984 704 2049 historiam
725 1999 746 2044 a
768 1978 883 2045 carolo
903 1980 1026 2065 lllaguo
1049 1977 1217 2062 usquead
1237 1975 1501 2043 Eridericumll.
1522 2010 1567 2026 -
1607 1976 1778 2061 Reliquam
1804 1980 1905 2062 igitur
1929 1991 2088 2064 partem,··
2104 1996 2223 2059 nempe
2247 1972 2422 2040 historiam·
2439 1986 2462 2031 a

448 2100 616 2167 Eriderioo
637 2102 677 2162 ll.
700 2115 805 2181 usque
826 2096 869 2160 ad
890 2095 1042 2160 carolum
1062 2096 1124 2180 V.,
1157 2097 1390 2178 Imperatorem
1411 2105 1633 2177 persequutus
1655 2106 1709 2161 est
1729 2098 1762 2160 in
1786 2076 1950 2160 volumine
1971 2107 2106 2177 quarto,
2133 2093 2234 2176 quod,
2262 2100 2300 2152 nt
2321 2084 2461 2152 Strobe-

450 2220 515 2285 lius
537 2218 557 2281 l
577 2218 596 2279 l.
619 2215 735 2297 hahet,
761 2214 809 2278 ita
827 2213 1020 2295 inscriptum
1041 2212 1120 2277 fult:
1791 2266 1793 2270 ,

534 2330 694 2417 „Qamt
711 2346 795 2413 pars
815 2326 969 2422 chronici
989 2328 1138 2393 Carionis
1158 2346 1180 2391 a
1200 2325 1366 2394 Eriderico
1387 2345 1452 2394 sec.
1474 2345 1581 2412 nsque
1602 2328 1645 2393 ed
1658 2329 1809 2396 Carolum
1829 2329 1984 2416 quintum.
2027 2328 2219 2413 Expositos
2239 2334 2275 2389 ιι
2295 2328 2425 2385 auctus
2443 2332 2466 2379 a

536 2448 682 2529 Gasparo
702 2444 858 2510 Peucero.
903 2445 1051 2509 Pertinet
1072 2445 1126 2510 hic
1146 2445 1226 2509 liber
1247 2445 1288 2509 ad
1310 2456 1435 2528 partem
1457 2447 1589 2511 tertiam
1611 2445 1771 2513 chronici.
1812 2447 1939 2513 Wrteb.
1963 2446 2057 2514 1565.
2065 2448 2083 2475 ”
2121 2446 2153 2510 8.

459 2564 527 2632 Sed
547 2563 741 2630 Strobelium
763 2562 826 2625 hoc
847 2568 999 2643 quartum
1019 2562 1187 2646 volumen,
1227 2561 1312 2644 quod
1333 2582 1417 2627 anno
1440 2563 1525 2628 1566
1545 2564 1681 2647 prodiit,
1715 2584 1780 2627 non
1800 2566 1834 2629 in
1854 2567 2005 2631 manibus
2025 2564 2196 2642 hahuisse,
2230 2555 2307 2620 mihi
2327 2568 2466 2636 persna-

457 2700 529 2746 sum
551 2690 621 2762 cst,
649 2696 755 2761 neque
776 2679 839 2739 hoc
860 2676 1011 2741 volumen
1032 2677 1065 2739 in
1088 2697 1149 2741 sua
1169 2677 1370 2743 Bibliotheca
1390 2679 1654 2745 Melanthoniana
1674 2681 1718 2744 ad
1744 2700 1828 2745 anno
1857 2675 1943 2748 1665
1968 2677 2243 2746 commemoravit.
2294 2673 2363 2734 Im0
2388 2676 2468 2751 P¹¹²⁰

454 2798 544 2861 illum
566 2796 668 2859 verba
687 2790 848 2875 „Quane
866 2811 950 2876 pars
971 2813 1015 2860 ex
1029 2777 1096 2857 'sno
1117 2796 1247 2879 ingenio
1269 2795 1460 2876 scripsisse,
1499 2814 1565 2858 non
1585 2816 1629 2860 ex
1650 2800 1826 2881 exemplari
1846 2799 1952 2881 aliquo
1973 2794 2227 2877 descripsisse”;
2264 2806 2361 2872 quam
2386 2802 2469 2847 con·

455 2915 615 2977 lecturam
639 2910 736 2973 etiam
759 2908 950 2974 confirmant
970 2909 1072 2973 verba
1092 2909 1290 2994 „expositus
1311 2921 1346 2975 et
1366 2912 1510 2975 auctus”
1531 2912 1564 2972 in
1586 2929 1709 2995 genere
1729 2916 1925 3000 masculino,
1958 2931 2042 2995 quoe
2068 2931 2133 2974 non
2162 2907 2319 2993 quadrant
2338 2904 2372 2964 in
2393 2897 2469 2959 ioe-

455 3030 610 3094 mininum
628 3044 729 3110 pars,
758 3025 871 3088 sedin
892 3027 1031 3090 verbum
1052 3023 1149 3091 liber.
1191 3028 1259 3088 lmo
1281 3036 1431 3108 quartum
1452 3029 1621 3111 volumen,
1642 3030 1676 3092 in
1698 3033 1846 3111 exemplo
1868 3028 1954 3111 quod
1968 3036 2084 3094 'meum
2106 3036 2177 3106 est,
2200 3025 2249 3085 sic
2268 3014 2469 3082 inscribitur:
2525 3051 2527 3054 ·

538 3139 672 3227 „Liber
692 3140 828 3229 quintus
843 3140 994 3207 Chronici
1008 3141 1155 3207 Curionis
1176 3162 1197 3205 a
1210 3142 1374 3206 Eriderioo
1395 3144 1539 3208 secundo
1552 3161 1665 3226 ¹usque
1685 3144 1727 3207 ad
1741 3145 1893 3210 Carolum
1912 3147 2070 3227 quintum.
2112 3140 2293 3224 Expositos
2306 3143 2341 3197 et
2352 3126 2471 3235 auctds

456 3270 458 3279 ’
542 3279 563 3324 a
584 3257 733 3340 casparo
755 3257 909 3321 Peucero.
966 3258 1114 3322 Pertinet
1143 3260 1197 3324 hic
1224 3260 1305 3324 liber
1326 3259 1367 3323 ad
1389 3258 1515 3343 partem
1536 3262 1666 3325 tertiam
1687 3244 1846 3326 Chronici.
1895 3263 2048 3326 Accessit
2069 3256 2343 3341 locupletissimus
2363 3233 2473 3310 remam

542 3384 579 3440 et
598 3375 772 3441 verborum
794 3373 1047 3441 memorabilium
1068 3375 1177 3440 index.
1220 3375 1305 3441 Cum
1324 3379 1431 3463 gratia
1452 3389 1487 3442 ιι
1508 3377 1679 3464 privilegio
1701 3378 1884 3464 Caesareo,
1917 3391 1953 3446 et
1973 3379 2075 3444 Ducis
2097 3374 2276 3453 Saxoniae,
2302 3360 2472 3433 Electorifl·

396 3530 415 3559 ι
543 3490 779 3576 Witehergae,
810 3492 920 3567 Iohan.
944 3492 1182 3557 Schwertelius
1204 3494 1399 3595 excudebpt.
1441 3495 1790 3560 Annon.1t.lnxw.”
1831 3498 1971 3581 anlph.
2013 3496 2110 3560 stol.
2154 3495 2185 3557 8.
2485 3562 2491 3570 ,

462 3606 609 3690 Epistola
629 3607 766 3671 Penceri
787 3607 984 3674 dedicatoria
1003 3607 1045 3672 ad
1066 3611 1274 3693 Augustum,
1302 3612 1427 3674 Ducem
1449 3612 1570 3677 Saxon.
1592 3613 1715 3695 Elect,
1743 3612 1819 3677 data
1840 3624 1893 3678 est
1913 3613 2016 3698 pridie
2038 3610 2170 3676 calend
2192 3602 2369 3673 Novemhr.
2390 3611 2474 3660 auno

465 3723 562 3790 1565.
582 3754 626 3771 -
671 3722 780 3788 Dubio
808 3738 899 3790 caret
922 3727 1118 3791 Strobelium
1146 3728 1300 3792 habuisse
1328 3730 1511 3812 exemplum
1539 3729 1661 3811 aliquot
1687 3749 1856 3815 recusum,
1890 3733 1925 3794 in
1951 3748 2014 3813 quo
2042 3730 2146 3794 verba
2170 3721 2286 3825 „liber
2313 3713 2474 3810 petetw

447 3862 547 3925 >quae
568 3839 701 3923 primam
721 3841 838 3906 Ιίιιιιιιιι
860 3846 945 3909 tituli
966 3844 1107 3910 formant
1129 3844 1237 3910 deleta
1259 3845 1407 3928 luerunt,
1443 3846 1705 3929 Strobeliumque
1726 3832 1917 3914 arbitratum
1939 3865 2016 3913 esse
2036 3849 2135 3911 etiam
2156 3845 2219 3912 hoc
2238 3844 2405 3921 ΙιιιιΙιιιιιιιι,
2438 3845 2476 3900 ut

446 4053 451 4063 ⁸
463 4077 692 4167 gratulatorias
714 4078 870 4160 coniecit,
897 4098 981 4143 anno
1004 4079 1090 4144 1565
1112 4078 1171 4142 sed
1193 4097 1277 4141 anno
1301 4078 1386 4142 1566
1406 4079 1540 4143 ineunte
1562 4082 1653 4162 typis
1674 4080 1877 4160 exscriptum
1898 4090 1952 4144 est
1972 4081 2034 4144 hoc
2056 4079 2217 4143 volumen.

584 4194 725 4278 Saepius
754 4193 837 4258 haec
867 4196 1047 4273 volumina,
1082 4198 1139 4259 vel
1168 4196 1314 4279 singula,
1349 4194 1404 4256 vel
1434 4196 1540 4258 omnia
1561 4202 1699 4274 quatuor
1719 4210 1844 4281 recusa¹
1859 4204 1954 4275 sunt,
1988 4204 2025 4256 ut
2045 4198 2190 4260 narravit
2213 4188 2395 4258 Strobelius
2415 4184 2435 4245 l
2456 4184 2477 4245 l.
2519 4245 2524 4253 .

465 4314 595 4379 Sulhcit
615 4323 726 4377 autem
747 4309 801 4373 hie
822 4329 894 4372 eam
916 4311 1091 4377 editionem
1112 4330 1378 4394 commemorare,
1408 4328 1505 4393 quam
1526 4310 1694 4372 Peuoeru's
1714 4309 1787 4391 ipso
1807 4329 1837 4375 a.
1860 4310 1946 4376 15⁷2
1966 4314 2113 4394 curavit;
2141 4311 2310 4388 qidelicet:

551 4427 759 4506 „chronicon
782 4424 931 4489 Carionis
952 4432 1138 4509 expositum
1160 4439 1195 4492 et
1216 4438 1346 4493 auctum
1368 4429 1481 4492 multis
1502 4438 1538 4493 et
1558 4426 1727 4492 veteribus
1747 4435 1784 4490 ct
1804 4428 1990 4515 recentibus
2016 4428 2163 4493 historiis
2189 4429 2222 4490 in
2251 4418 2478 4503 descriptioni·

552 4541 613 4602 bus
640 4562 814 4626 regnorum
843 4554 878 4607 et
905 4546 1053 4627 gentium
1080 4548 1284 4628 antiquorum
1311 4555 1346 4608 ιι
1368 4545 1605 4609 narrationibus
1631 4563 1740 4608 rerum
1767 4545 2063 4610 ecclesiasticarum
2093 4557 2127 4610 et
2154 4545 2352 4629 politicarum
2375 4537 2480 4601 Grac·

555 4673 679 4739 wum,
711 4660 948 4743 Romanarum,
982 4661 1244 4726 Germanicarum
1265 4673 1300 4727 et
1321 4663 1453 4727 aliarum
1481 4663 1523 4725 ab
1551 4662 1683 4726 exordio
1709 4661 1819 4727 mundi
1846 4681 1950 4745 nsque
1977 4664 2018 4728 ad
2038 4663 2190 4728 Carolum
2211 4661 2253 4726 V.
2282 4662 2432 4740 Imperat·
2460 4671 2482 4715 ιι

555 4771 641 4834 Phil.
669 4772 878 4846 Melanthone
907 4790 943 4842 ιι
972 4776 1069 4860 Casp.
1097 4776 1254 4843 Peuoero.
1304 4778 1434 4844 Wrteb.
1456 4777 1573 4845 excud.
1595 4781 1639 4844 lo.
1661 4776 1772 4846 Grato.
1816 4779 1909 4847 15⁷2
1919 4783 1937 4809 ''
1984 4781 2049 4847 746
2071 4799 2166 4865 pagg.
2195 4781 2228 4842 in
2257 4777 2309 4840 foi
2333 4771 2482 4854 exceptis

554 4886 758 4970 praefatione
778 4907 813 4959 ιι
831 4897 1001 4961 indicibus.
1023 4927 1065 4942 -
1916 4959 1924 4972 ,

473 5003 535 5082 Qui
555 5006 648 5085 plura
669 5006 755 5070 scire
775 5011 847 5075 vuit
868 5013 908 5079 de
931 5011 1127 5078 editionibus
1148 5011 1247 5077 huius
1267 5012 1340 5077 libri
1360 5012 1514 5097 Peuceri,
1534 5015 1566 5078 is
1586 5015 1677 5100 legat
1699 5012 1896 5079 Strobelium
1917 5015 1936 5078 l.
1959 5016 1979 5078 l.
2022 5013 2115 5079 Satis
2136 5023 2190 5077 est
2210 5013 2265 5076 hic
2285 5025 2483 5076 commemo-

473 5139 562 5202 rare,
582 5120 668 5202 quod
692 5122 754 5186 duo
776 5126 955 5213 volumina,
983 5131 1122 5212 primurn
1142 5139 1178 5194 et
1199 5129 1395 5214 secundum,
1422 5151 1444 5196 a
1459 5131 1671 5197 Melanthone
1693 5129 1830 5212 scripta,
1851 5130 2000 5194 Basileae
2022 5130 2261 5215 teuerstatt,
2292 5139 2326 5196 et
2347 5130 2388 5195 ab
2409 5127 2483 5193 Eu·

475 5238 566 5300 sebio
589 5239 699 5301 Menio
722 5260 751 5303 a.
775 5240 862 5305 1560
882 5254 917 5306 ιι
940 5246 1023 5311 1562
1043 5248 1229 5331 germanica
1249 5247 1336 5312 facta
1357 5258 1446 5312 sunt.

601 5353 710 5434 Quum
731 5358 920 5419 Melanthon
942 5358 1013 5440 ipse
1033 5383 1097 5427 non
1123 5365 1187 5426 nisi
1214 5365 1350 5445 primum
1380 5373 1416 5428 ιι
1442 5363 1622 5428 secundum
1649 5363 1801 5428 volumen
1829 5366 2077 5449 conscripserit,
2111 5370 2241 5432 tertium
2271 5379 2305 5429 ιι
2334 5369 2484 5445 quartum

475 5483 585 5534 autem
606 5470 791 5556 Peucerus,
813 5474 867 5538 hic
888 5481 993 5537 totum
1012 5475 1125 5542 librum
1146 5492 1296 5563 repetere
1317 5482 1494 5564 noluimus,
1528 5480 1588 5545 sed
1609 5489 1737 5544 tantum
1758 5479 1833 5543 Vol.
1856 5484 1880 5545 l.
1903 5494 1937 5546 et
1959 5485 2015 5566 ll,
2032 5504 2128 5569 -quae
2148 5482 2368 5549 lllelanthonis
2389 5493 2486 5540 manu
2615 5505 2617 5507 >

476 5599 610 5652 exarata
632 5600 719 5653 sunt.
763 5593 848 5654 Nam
870 5589 1037 5654 Peucorus
1057 5595 1128 5674 ipse
1148 5599 1181 5660 in
1202 5601 1340 5680 epistola
1361 5600 1559 5664 dedicatoria
1580 5601 1678 5664 tertio
1698 5599 1854 5662 volumini
1874 5603 2054 5682 praemissa
2074 5602 2155 5666 haec
2177 5599 2321 5664 tradidit:

562 5706 638 5786 „lili
660 5709 899 5790 (hlelantboni)
922 5706 1022 5787 rebus
1041 5705 1190 5775 humanis
1211 5730 1381 5800 exempto,
1402 5737 1465 5802 ego
1487 5719 1520 5780 in
1541 5715 1742 5797 perterrendo
1764 5735 1861 5797 opere
1883 5735 2056 5782 successor
2077 5717 2174 5780 datus
2196 5734 2285 5794 sum,
2307 5715 2361 5796 qui
2383 5715 2430 5794 si,
2451 5723 2488 5776 ut

560 5839 705 5901 „operae
726 5835 825 5908 atque
846 5825 981 5907 laboris,
1008 5824 1055 5890 ita
1077 5821 1257 5935 decumae,
1284 5838 1419 5921 iudicii„
1437 5834 1646 5922 prudentiae,
1672 5843 1707 5896 et
1734 5834 1924 5915 perspicuae
1953 5836 2131 5917 planasque
2159 5831 2311 5896 orationis
2339 5832 2492 5900 haeredi·
