6025 6775
538 790 611 866 721
1225 778 1257 860 1.
1295 716 1598 856 ἱ(ἷΗΙὶοΝιοοΝ
1623 767 1871 851 caatotsls.
2479 805 2553 879 „2

629 953 824 1030 Undecim:
852 956 898 1027 ad
912 952 1085 1025 excidium
1102 946 1340 1046 ierosolymae
1352 953 1426 1028 ¹sub
1438 949 1514 1024 Na·
1564 942 1740 1036 originem
1762 949 1901 1037 generis
1924 945 2093 1041 humani,
2127 970 2164 1029 et
2183 959 2324 1033 divinas
2347 970 2553 1057 patefactio-

528 1051 816 1135 bucbodonosor.
1563 1066 1647 1134 nea,
1674 1059 1709 1118 et
1723 1052 1926 1124 testimonia
1941 1056 2237 1150 patefactionnm,
2263 1078 2298 1136 et
2311 1092 2402 1161 quae
2416 1071 2551 1148 doctri-

541 1204 546 1215 .
629 1158 856 1253 Septuaginta
870 1153 967 1225 exilii
976 1151 1189 1250 Babylonici
1202 1166 1282 1247 post
1297 1154 1511 1228 destructam
1560 1171 1627 1235 na,
1653 1161 1690 1220 et
1712 1156 1893 1243 quomodo
1918 1163 2109 1249 propagata
2126 1161 2183 1239 sit.
2233 1162 2322 1239 Vult
2344 1171 2427 1242 sciri
2442 1189 2551 1265 certo,

528 1262 792 1355 lerosolymam,
1559 1250 1640 1322 ideo
1674 1254 1860 1325 conditum
1890 1281 1964 1330 esse
1995 1281 2107 1350 genus
2136 1259 2352 1358 humanum,
2390 1288 2430 1346 ut
2464 1277 2550 1350 inde

546 1411 549 1415 ψ
628 1354 1019 1450 Trigintasex21esus
1034 1379 1184 1446 magnus
1199 1358 1382 1445 sacerdos,
1407 1351 1509 1429 rurba
1558 1367 1700 1425 aeterna
1725 1351 1885 1428 Ecclesia
1910 1360 2108 1451 colligatur.
2160 1363 2251 1440 Vult
2272 1383 2306 1442 et
2326 1396 2448 1448 causas
2463 1380 2548 1451 sciri

523 1468 562 1540 fit
578 1462 710 1536 mentio
724 1460 764 1529 in
781 1453 956 1530 Zacharia
971 1459 1038 1531 sub
1054 1458 1160 1554 Cyro.
1557 1455 1799 1527 calamitatum
1824 1454 2078 1551 humansrum,
2109 1480 2144 1540 et
2164 1470 2312 1558 mortis,
2344 1487 2381 1547 et
2402 1481 2547 1568 agnosci

536 1610 541 1617 .
623 1558 1071 1634 octog-loiakimabsenae
1087 1574 1198 1654 patre.
1554 1551 1690 1641 fitium,
1726 1581 1918 1653 perquem
1942 1564 2176 1640 liberabimur
2201 1573 2246 1643 ab
2271 1568 2327 1644 his
2355 1578 2477 1661 malis,
2509 1596 2546 1656 et

620 1663 781 1754 Viginti:
810 1658 908 1732 Iesus
923 1685 1085 1734 mergus
1101 1687 1123 1734 g
1139 1684 1219 1753 rege
1235 1659 1391 1735 Persico,
1555 1655 1790 1729 restituemur
1813 1662 1952 1735 lusllcla
1969 1682 2003 1739 el
2019 1669 2090 1742 vlla
2114 1684 2268 1746 aelerna.
2317 1671 2372 1746 De
2384 1672 2442 1751 his
2462 1692 2543 1751 ian·
2616 1685 2618 1690 Ι

556 1773 559 1784 ·
620 1762 868 1855 Quadraginta
884 1776 980 1835 octo:
1010 1762 1161 1835 loiakim
1175 1764 1315 1839 iterum,
1553 1756 1600 1827 tis
1626 1757 1734 1828 rebus
1754 1768 1795 1831 ut
1818 1765 1905 1835 certi
1930 1789 2100 1855 essemus,
2132 1775 2219 1843 anni
2241 1789 2354 1847 metae
2380 1778 2423 1858 in
2441 1799 2543 1857 motu

617 1865 758 1957 Viginti
773 1879 808 1937 et
824 1887 936 1935 uuus:
960 1862 1133 1942 Eliakim.
1329 1925 1332 1929 Α
1552 1854 1648 1930 50Ῑὶ8
1671 1860 1884 1933 θῡῦδῑῑῐῑῑῑδθ
1907 1881 2009 1954 sunt,
2036 1884 2071 1943 et
2092 1875 2217 1965 primis
2243 1878 2404 1968 patribus
2421 1896 2541 1954 osten-
2568 1927 2571 1936 ·

537 2013 541 2020 .
620 1967 762 2058 viginti
782 1979 949 2060 quanm:
976 1964 1110 2043 lotas„
1551 1980 1609 2029 sae
1623 1972 1726 2048 sunt,
1751 1976 1787 2034 et
1803 1962 1844 2032 in
1859 1966 2020 2040 doctrina
2037 1974 2234 2060 primorum
2255 1991 2417 2071 patrum,
2444 1984 2541 2056 divi·

615 2067 940 2161 vigintiquatuor:
969 2061 1131 2139 loatban.
1550 2059 1648 2135 nitus
1663 2063 1804 2149 tradita,
1825 2086 2004 2139 annorum
2019 2074 2125 2143 series
2141 2077 2332 2173 diligenter
2345 2084 2539 2176 perscripta

618 2167 766 2241 Decem:
793 2166 928 2239 laddua
943 2168 1010 2239 sub
1026 2164 1245 2254 Alexandro,
1549 2176 1612 2233 est.
1661 2160 1712 2235 Et
1733 2164 1876 2241 addidit
1898 2163 2029 2242 Deus
2051 2175 2218 2247 omnibus
2249 2184 2471 2272 temporibus
2491 2186 2538 2256 il-

515 2267 700 2345 Summa
731 2291 908 2341 annorum
937 2270 984 2340 ,d
1012 2268 1257 2342 Alexandrum
1290 2292 1403 2365 mque
1431 2268 1500 2342 aria
1548 2262 1673 2336 lustria
1696 2266 1918 2351 testimonia,
1952 2296 2043 2365 qnae
2066 2281 2279 2365 ostendunt,
2303 2306 2379 2352 eam
2403 2287 2539 2359 doctri·

514 2374 630 2446 mini,
644 2370 828 2467 quingenti
847 2370 1048 2460 octuaginta
1066 2384 1231 2465 quatuor,
1440 2429 1444 2434 .
1547 2386 1630 2433 nam
1655 2389 1677 2437 a
1699 2368 1827 2457 primis
1852 2372 2014 2460 patribus
2037 2379 2278 2451 transmissam
2299 2384 2345 2452 ad
2366 2400 2538 2476 posterna

530 2511 534 2522 ·
616 2471 754 2564 Viginti
768 2485 917 2565 septem:
945 2467 1062 2542 Onies
1080 2472 1230 2564 priscus.
1545 2487 1664 2536 veram
1679 2482 1715 2550 et
1731 2492 1806 2538 non
1821 2470 2018 2544 fabulosam
2036 2499 2121 2547 esse.
2168 2478 2263 2552 Huic
2280 2484 2464 2558 doctrinae
2478 2491 2537 2560 di-

614 2569 818 2645 'l'rsdecimz
845 2570 973 2643 Simon
995 2571 1152 2666 priscus,
1178 2567 1415 2649 celebratusa
1438 2569 1496 2658 Si·
1543 2566 1679 2639 viuitus
1704 2570 1853 2644 traditae
1881 2575 1927 2644 de
1949 2574 2064 2649 initiis
2086 2583 2213 2651 mundi
2238 2575 2273 2655 c't
2301 2587 2441 2675 generis
2464 2584 2536 2661 hu·
2636 2575 2646 2590 ⁸

512 2672 642 2752 mide,
1542 2668 1658 2750 mani,
1691 2682 1726 2741 et
1758 2673 1802 2742 de
1823 2675 2119 2764 patefactionibus
2146 2684 2299 2773 divinis,
2330 2703 2535 2764 constanter
2682 2763 2684 2767 ,

613 2776 771 2866 Viginti:
795 2770 954 2846 Eleasar.
1545 2770 1790 2845 ffllenllsmur·
1939 2785 1942 2789 ’

609 2877 751 2969 Viginti
767 2889 915 2968 septem:
941 2873 1138 2954 Monaeses.
1597 2967 1608 2987 .
1644 2866 1835 2943 Summus
1858 2873 2033 2965 igiturex
2057 2877 2175 2966 primo
2197 2883 2293 2957 libro
2310 2884 2421 2960 Moisi
2447 2914 2532 2961 nar-

525 3025 530 3032 .
610 2978 751 3070 viginti
764 2990 860 3049 0010:
887 2973 1015 3047 simon
1031 2975 1159 3052 lusam,
1540 2982 1696 3042 rationes
1711 2973 1756 3041 de
1776 2977 1955 3047 creatione
1967 2978 2096 3048 muudi
2111 2992 2147 3052 et
2166 2977 2375 3077 bominum,
2401 2992 2446 3061 de
2462 2986 2531 3062 bo·

609 3079 776 3169 effigiat,
790 3100 937 3148 novom:
964 3070 1121 3149 Onia,
1143 3080 1238 3152 filiu,
1252 3075 1358 3167 stu„
1381 3079 1494 3150 inter.
1539 3069 1679 3141 minum
1700 3071 1803 3165 lapsu
1829 3088 1864 3147 et
1887 3078 2001 3148 causis
2024 3080 2286 3171 calamitatum,
2316 3089 2362 3158 de
2384 3091 2528 3164 restitu-

508 3181 678 3254 iectuaab
690 3174 919 3262 Andronico,
934 3181 1119 3270 praefecto
1128 3178 1361 3263 Antiochiae,
1386 3203 1492 3274 quem
1539 3170 1638 3243 lione
1653 3167 1831 3247 Ecclesiae
1844 3191 1924 3268 post
1938 3178 2096 3270 lapsum,
2121 3196 2157 3256 et
2173 3186 2218 3256 de
2244 3210 2422 3263 annorum
2436 3192 2528 3266 serie

507 3283 657 3376 pecnnia
675 3294 881 3374 corruperat
900 3277 1087 3353 Menelaus
1116 3285 1161 3353 ad
1192 3279 1328 3354 Oniam
1354 3282 1492 3355 interfi-
1538 3286 1573 3344 et
1596 3273 1797 3347 firmissima
1827 3280 2031 3351 assensione
2058 3304 2115 3353 eas
2138 3288 2403 3379 amplectamur.
2452 3291 2527 3366 Nec

507 3384 685 3472 tiendum,
704 3383 834 3477 utipse
842 3380 1282 3476 Menelauspontificamm
1296 3398 1491 3476 occuparer,
1537 3375 1625 3447 alias
1646 3376 1941 3468 imaginationes,
1974 3383 2048 3455 sive
2072 3385 2290 3487 Democriti,
2315 3393 2526 3469 sivePlato-

521 3524 526 3533 .
608 3486 710 3559 Anni
730 3487 905 3580 quinque:
931 3477 1083 3554 Iudas
1107 3482 1432 3558 Maccabaeae
1537 3477 1614 3564 nis,
1655 3478 1730 3548 aive
1762 3476 1967 3555 Aristotelis
1995 3488 2242 3570 anteferamus.
2302 3490 2426 3589 ltaque
2456 3490 2525 3569 hae

608 3585 867 3659 Norendecim:
890 3579 1149 3658 Ionathas.
1535 3601 1592 3649 res
1613 3579 1785 3654 maximae
1807 3584 1914 3657 initio
1935 3600 2032 3658 actae
2053 3604 2156 3677 sunt,
2181 3616 2269 3687 quas
2290 3591 2389 3668 Deua
2408 3598 2525 3672 voluit

609 3683 719 3763 Octo:
750 3682 911 3757 Simon
933 3688 1044 3760 irater
1067 3686 1176 3761 Iudae
1199 3687 1414 3764 Maccabaei.
1534 3694 1638 3759 notas
1654 3703 1745 3752 esse:
1977 3740 1980 3746 -
2167 3728 2169 3733 ·

609 3788 747 3879 Viginti
759 3810 833 3859 sex:
859 3785 1011 3859 loannes
1024 3787 1217 3865 Hircanus.
1585 3779 1615 3857 l·
1643 3780 1795 3855 -Creflllt'
1811 3788 1937 3859 mundi
1956 3802 1990 3861 el
2006 3784 2210 3867 hominem·

516 3950 520 3969 Ι
604 3890 886 3966 Ungfflgagnmg
912 3885 1153 3969 Arffggohulug,
1584 3880 1633 3957 ll.
1668 3882 1849 3959 Institutio
1863 3886 2043 3962 Ecclesiae
2059 3905 2094 3964 et
2107 3896 2277 3987 coniugii.

516 4036 523 4042 .
603 3992 907 4085 viggnfioeptemg
931 3987 1147 4069 Alexander,
1358 4030 1360 4034 -
1584 3981 1651 4060 ΙΙΙ.
1677 3983 1824 4059 Certum
1856 4014 1964 4081 opus,
2018 3997 2115 4086 quod
2157 4012 2248 4071 essct
2277 4000 2519 4075 testimouium

600 4094 755 4167 Novem:
782 4091 999 4167 Alexandra
1690 4087 1925 4162 ⁰h²dl²¹1ll³0·
1967 4114 1969 4118 '

602 4197 767 4288 Triginta
785 4190 953 4289 mutuor:
978 4193 1156 4267 Hircanus
1172 4196 1331 4269 ultimus.
1581 4185 1647 4260 Ν·
1673 4185 1855 4262 lnslllullo
1870 4189 2033 4259 dominil·

573 4332 576 4337 ·
602 4296 768 4390 Triginta
783 4309 937 4388 septem:
962 4292 1177 4367 Herodes.
1227 4295 1339 4368 Natus
1356 4312 1406 4369 ess
1422 4321 1483 4367 au.
1583 4285 1628 4359 V.
1661 4287 1819 4379 Lapsua,
1845 4312 1947 4361 causa
1963 4293 2088 4364 mortis
2101 4309 2136 4367 et
2154 4299 2403 4374 calamitatum.

505 4408 575 4465 tem
597 4388 817 4469 carmus
841 4418 938 4469 ,nno
960 4396 1022 4470 30,
1036 4396 1202 4472 Herodis,
1584 4387 1646 4459 v1.
1668 4386 1864 4461 Restitutio
1888 4389 2087 4481 Ecclesiae,
2122 4411 2157 4469 ct
2181 4424 2316 4490 poenae
2331 4403 2517 4492 mitigatio.

603 4492 706 4565 Hanc
728 4494 892 4570 Philonis
914 4497 1080 4568 tabellam
1104 4499 1247 4583 addidi,
1278 4522 1482 4591 quanquam
1581 4484 1666 4567 Vll.
1698 4488 1818 4563 Prima
1840 4496 2078 4586 promulgatio
2098 4501 2344 4589 promissionis
2363 4506 2408 4575 de
2434 4503 2518 4579 Sal-

502 4609 648 4687 propter
661 4597 857 4690 interregna
867 4603 997 4672 desunt
1011 4600 1097 4670 anni
1111 4600 1260 4693 aliquot.
1311 4599 1383 4671 Sed
1398 4624 1481 4693 pro·
1683 4607 1817 4680 vatore‚
1838 4595 2022 4668 reddituro
2038 4598 2212 4672 iusticiam
2229 4616 2265 4676 et
2279 4605 2387 4676 vitam
2400 4619 2515 4677 aeter·

500 4710 579 4791 pter
609 4694 798 4768 Philonem
836 4717 871 4774 et
907 4719 1052 4796 propter
1085 4702 1210 4773 seriem
1250 4696 1482 4785 historiarum
1682 4718 1782 4765 nam:
1808 4691 2418 4777 Semsomulirrs'seootrret
2439 4730 2514 4779 ea-

501 4799 644 4889 prodest
676 4799 842 4871 studiosis
861 4818 897 4876 et
919 4802 1011 4879 banc
1037 4804 1204 4877 tabellam
1229 4804 1268 4874 in
1291 4818 1479 4898 conspectu
1680 4804 1764 4890 pul
1784 4797 2030 4896 serpentis.

501 4920 584 4969 esse,
912 4960 934 4991 Ι
1630 4892 1769 4968 Harum
1799 4901 2033 4975 maximarum
2059 4928 2179 4977 rernm
2204 4909 2441 4998 cognitionem
2472 4911 2512 4980 in

1527 4988 1688 5068 Ecclesia
1717 5001 1949 5074 necessariam
1981 5027 2055 5075 esse
2083 5031 2159 5076 non
2191 5009 2342 5081 dubium
2377 5026 2446 5098 est,
2479 5026 2514 5084 et

837 5171 847 5192 .
1053 5177 1063 5199 .
1528 5110 1661 5188 quanta
1684 5098 1731 5170 sit
1751 5101 1980 5190 magnitudo,
2004 5107 2084 5195 piae
2106 5121 2243 5181 mentes
2257 5125 2438 5207 utcunque
2453 5139 2514 5186 co-

783 5171 949 5256 biber
985 5198 1199 5289 primus,
1353 5286 1356 5291 Ι
1527 5195 1639 5286 gitare
1653 5211 1813 5290 possunt,
1838 5200 2161 5300 etiamsipropbani
2175 5204 2339 5287 homines
2351 5209 2415 5289 bra
2429 5240 2512 5289 uar-

499 5341 562 5431 qui
594 5333 857 5428 complectitur
890 5331 964 5405 duo
995 5338 1117 5411 mittis
1143 5358 1347 5423 annorum,
1387 5333 1479 5410 inde
1526 5297 1682 5371 ’πίω
1706 5301 1885 5391 ‘¹⁰¹id‘m2
1917 5318 1979 5378 ³¹¹¹
2007 5308 2049 5378 3¹¹
2079 5308 2317 5433 μῑξθῗῑῗῖἶαθ
2337 5320 2512 5438 witi·

885 5433 934 5508 o
1092 5440 1234 5517 ose
1526 5399 2510 5503 ted

500 5588 691 5694 Singulari
715 5607 866 5677 consilio
897 5599 1023 5673 Deus
1055 5600 1095 5670 in
1122 5598 1280 5681 Reclaaia
1305 5620 1422 5681 extare
1442 5617 1479 5679 et
1625 5604 1656 5679 l.
1683 5605 1843 5681 Primum
1860 5611 2029 5697 sciamus,
2053 5617 2202 5689 unicum
2216 5613 2313 5691 bunc
2333 5622 2508 5691 mundum

493 5725 630 5795 semper
649 5708 854 5780 conservari
870 5705 985 5778 volarit
1001 5701 1106 5773 initia
1126 5706 1272 5793 muudi,
1295 5722 1332 5782 et
1350 5706 1477 5780 seriem
1524 5720 1680 5781 creatum
1698 5733 1792 5798 esse,
1822 5712 1863 5785 in
1886 5738 1958 5810 quo
1982 5739 2019 5787 se
2036 5718 2132 5790 filim
2145 5716 2216 5790 Dei
2230 5719 2409 5812 patefecit,
2441 5744 2509 5803 nce

494 5827 688 5881 annerum:
714 5834 805 5904 qnae
821 5809 1015 5903 quidemst
1028 5802 1338 5881 testimoniear'eat
1351 5804 1475 5881 delle·
1523 5830 1598 5881 esse
1618 5825 1684 5886 aut·
1700 5812 1810 5886 tuine
1835 5815 1925 5887 alios
1947 5820 2122 5905 mundos,
2147 5819 2231 5912 qnia
2249 5820 2291 5889 in
2313 5817 2430 5895 Maiae
2445 5848 2508 5901 ex-

490 5905 615 5996 clesia,
637 5923 671 5982 et
695 5930 865 6002 magnum
887 5912 1007 5983 decus.
1056 5905 1146 5980 Vult
1169 5903 1267 5991 erim
1281 5904 1474 5985 annuens
1520 5934 1638 6004 presse
1670 5914 1818 6001 diriter:
1864 5914 2063 6012 Postquam
2094 5915 2218 5991 bouso.
2242 5922 2418 5997 conditus.
2442 5942 2507 6014 est,
