6025 6775
505 640 581 722 276
905 629 1069 708 nucu
1106 627 1183 704 nn
1216 589 1576 722 Annonrsruo
1609 622 2055 713 snxrorunrrs
2081 635 2129 718 ιι.
2383 600 2384 603 ‘
2451 641 2529 717 aro

613 812 728 885 Vocat
754 831 836 898 ergo
864 805 1019 910 reliquas
1048 801 1140 872 vires
1170 797 1365 897 δυνάμεις,
1399 805 1495 897 quod
1643 795 1806 894 Cumque
1834 816 1957 875 contra
1990 805 2177 883 Platonem
2214 809 2367 901 disputat
2399 808 2528 907 ψυχὴν

511 916 699 1011 requirunt
715 904 955 999 ἐντελέχειαν,
983 903 1189 974 excitantem
1207 906 1319 996 ipsas,
1345 904 1418 972 vim
1442 905 1497 974 vi·
1544 892 1720 992 ἀκινητόν
1739 925 1775 972 τι
1799 897 1912 995 εἶναι,
1937 902 2005 977 boc
2021 910 2117 995 vult,
2143 905 2272 1006 ψυχὴν
2290 935 2364 980 non
2387 905 2459 982 esse
2482 913 2526 981 il·

511 1020 710 1091 vificantem
724 1006 944 1100 ἐντελέχειαν
957 997 1121 1099 πρώτην.
1172 1004 1277 1076 Vires
1292 1009 1385 1097 ipsas
1404 1006 1498 1075 exei-
1544 999 1617 1068 lam
1647 1002 1874 1075 excitaturum
1904 1007 2034 1077 virium
2065 1002 2271 1109 ἐνέργειαν,
2315 1036 2420 1105 quam
2452 1013 2527 1103 ipse

514 1133 603 1192 tatas
626 1118 713 1199 iam,
746 1127 779 1183 et
801 1132 873 1179 sese
888 1121 1104 1191 exercentes,
1129 1130 1278 1199 suasque
1297 1107 1497 1177 functiones
1546 1092 1645 1192 ζωὴν
1658 1103 1837 1190 nominat,
1862 1121 1902 1177 ut
1914 1104 1987 1180 ἀπὸ
2002 1113 2067 1204 τῆς
2079 1117 2204 1207 ψυχῆς
2219 1113 2432 1201 distinguat,
2457 1112 2526 1182 Sed

514 1228 721 1313 peragentes
745 1206 844 1303 ζωὴν
866 1231 926 1277 seu
952 1206 1080 1291 vitam,
1119 1231 1208 1300 quae
1231 1208 1389 1299 potentia
1418 1233 1497 1278 cor·
1545 1223 1686 1270 causam
1700 1208 1977 1294 praecedentem,
2002 1236 2091 1304 quoe
2105 1229 2156 1284 est
2170 1215 2242 1282 vita
2257 1212 2296 1279 in
2311 1234 2434 1281 omnes
2449 1235 2529 1302 par-

512 1320 596 1413 pori
619 1320 720 1387 inest.
770 1311 844 1382 Nec
865 1321 968 1378 vocat
989 1306 1144 1377 animam
1168 1308 1266 1378 aliud
1291 1309 1499 1413 quidquam,
1546 1314 1599 1371 tes
1616 1300 1816 1379 distributa.
1867 1306 1962 1379 Haec
1986 1336 2066 1380 cum
2082 1315 2126 1382 de
2141 1310 2342 1385 Aristotelis
2360 1314 2530 1401 opinione

516 1444 622 1515 quam
644 1418 751 1484 vitam
775 1412 887 1503 ipsam
911 1433 973 1479 seu
990 1409 1062 1478 vim
1080 1408 1246 1495 vitalem,
1270 1423 1304 1479 et
1318 1410 1499 1480 vivifican·
1546 1404 1806 1493 Ρῐὸθωὶιθῐῐω,
1840 1410 1967 1479 addam
1989 1415 2164 1507 paneade
2188 1412 2319 1485 Galeni
2345 1414 2532 1498 sententia,

513 1534 585 1591 tem
609 1518 647 1584 in
676 1536 824 1604 corpore
854 1509 1040 1601 organico,
1073 1503 1237 1603 physico,
1270 1513 1365 1604 quod
1389 1512 1499 1582 vitam
1547 1504 1648 1574 cuius
1670 1503 1771 1577 Plato
1793 1520 1980 1585 autorem
2030 1512 2180 1606 Sequuti
2198 1510 2289 1583 banc
2309 1509 2444 1582 Medici
2459 1527 2531 1583 tres

515 1608 674 1709 δυνάμει
683 1611 790 1684 habet
796 1664 809 1699 ,
835 1635 910 1682 non
928 1604 1090 1709 ἐνεργείᾳ
1105 1634 1166 1681 seu
1182 1607 1396 1705 ἐντελεχείᾳ,
1423 1613 1500 1681 sine
1547 1604 1661 1695 specie
1691 1619 1725 1678 et
1756 1608 1842 1679 locis
1873 1612 2055 1684 distinctas
2091 1617 2348 1687 constituerunt
2381 1612 2530 1699 animas,

518 1743 589 1814 quo
604 1742 667 1788 ceu
684 1716 809 1786 fomite
828 1725 861 1782 et
875 1713 1031 1783 lomento
1048 1712 1168 1781 nullus
1189 1724 1239 1781 est
1256 1734 1397 1799 sensus,
1424 1736 1500 1782 mo-
1548 1728 1697 1796 quarum
1731 1701 1955 1804 ἡγεμονικὸν
1985 1738 2047 1786 seu
2073 1709 2282 1814 λογιστικὸν
2309 1713 2347 1781 in
2375 1716 2530 1799 cerebro,

517 1836 576 1893 tus
599 1819 739 1897 nullus,
771 1815 871 1884 nulla
891 1813 1062 1897 nutritio,
1087 1813 1186 1881 nulla
1210 1813 1362 1908 denique
1378 1815 1502 1899 virtus,
1547 1802 1716 1897 θυμικὸν
1743 1831 1805 1880 seu
1829 1810 2026 1905 θυμοειδὲς
2043 1818 2083 1887 ἰιι
2106 1821 2230 1903 corde,
2263 1810 2530 1907 ἐπιθυμητικὸν

517 1945 564 1993 ne
580 1920 723 2014 quidem
738 1917 777 1985 in
791 1916 908 2006 aliqua
922 1914 1030 1984 trium
1046 1912 1313 2003 praecipuarum
1335 1915 1502 2006 partium,
1548 1906 1586 1973 in
1604 1902 1728 1998 hepate
1742 1909 1971 1990 collocarunt.
2022 1917 2125 1990 Plato
2139 1921 2293 1989 actiones
2309 1917 2530 2004 distinguens

519 2044 609 2117 quae
631 2031 842 2090 caeterarum
867 2014 998 2085 virium
1019 2014 1117 2083 sedes
1138 2026 1221 2083 sunt
1250 2026 1284 2083 et
1314 2015 1500 2106 principia.
1548 2029 1751 2078 communes
1769 2012 1936 2087 omnibus
1954 2013 2243 2117 δευτερούργους
2258 2021 2322 2111 τῆς
2335 2020 2458 2110 ψυχῆς
2473 2040 2530 2087 κι-

518 2119 601 2192 Non
614 2142 754 2190 censum
769 2118 833 2187 ulli
853 2117 945 2206 parti
959 2117 1141 2185 cerebrum
1154 2118 1409 2202 communicat,
1431 2116 1502 2185 nisi
1547 2099 1686 2198 mititte,
1719 2115 1880 2203 proprias
1894 2118 2043 2208 singulis
2063 2123 2253 2218 συγγενεῖς
2271 2113 2333 2189 καὶ
2347 2110 2530 2211 πρθτθύρ·

518 2221 626 2292 rivat.
678 2218 771 2291 Usus
782 2230 833 2288 est
843 2230 959 2287 autem
976 2239 1060 2284 voce
1076 2210 1302 2306 ἐντελεχείας,
1329 2228 1503 2288 ιιιοειειι-
1547 2230 1639 2303 γους
1659 2212 1829 2288 nominat.
1879 2214 1957 2288 Hoc
1974 2244 2095 2291 rursus
2117 2220 2276 2291 Galenus
2300 2218 2530 2306 distinguens,

521 2324 582 2393 dat
604 2345 640 2390 se
659 2321 749 2389 illud
771 2317 955 2388 nominare
975 2316 1150 2400 animam,
1176 2319 1271 2408 quod
1292 2330 1342 2387 est
1365 2314 1502 2389 e’vcile'·
1549 2309 1717 2399 quasdam
1732 2308 1821 2408 ἔργα
1838 2321 1902 2410 τῆς
1922 2326 2045 2415 ψυχῆς
2059 2319 2152 2394 καθ’
2176 2314 2332 2412 ἑαυτὴν,
2360 2319 2529 2410 quasdam

520 2448 603 2515 χεια
629 2413 756 2516 πρώτη
778 2410 978 2509 δυνάμεων
1000 2418 1175 2506 corporis,
1199 2416 1236 2484 id
1259 2430 1325 2502 est,
1351 2420 1446 2511 quod
1463 2419 1502 2486 in
1549 2405 1590 2476 ἒν
1608 2411 1662 2500 τῷ
1684 2407 1776 2504 πρὸς
1796 2410 1832 2483 τὶ
1853 2422 2024 2497 nominat.
2076 2423 2352 2494 Tribuitautem
2369 2416 2530 2487 Galenus

521 2524 679 2615 corporis
704 2516 841 2613 pbysici
869 2517 1011 2607 organis
1038 2518 1185 2588 latentes
1212 2511 1349 2608 adhuc,
1381 2534 1415 2591 et
1438 2542 1501 2590 ceu
1547 2510 1602 2600 τῷ
1623 2514 1821 2608 λογιστικῷ
1840 2530 1948 2589 totam
1972 2524 2044 2591 vim
2073 2523 2247 2594 sentiendi
2269 2533 2374 2612 atque
2397 2518 2532 2588 intelli·

521 2628 652 2715 sopitas
675 2624 767 2691 vires
789 2620 928 2702 excitat,
960 2643 998 2688 ac
1019 2619 1113 2687 velut
1138 2620 1182 2687 de
1202 2619 1359 2708 potentia
1377 2616 1438 2715 (ut
1453 2620 1502 2690 ita
1547 2609 1654 2695 &endi
1669 2634 1748 2680 ⁶⁰¹1·
1771 2620 1919 2689 moirice
1939 2621 2119 2709 facultate,
2144 2649 2209 2694 nec
2225 2620 2435 2693 rationalem
2452 2617 2533 2687 ani·

519 2719 654 2814 dicam)
675 2724 713 2791 in
737 2735 851 2791 actum
869 2720 1007 2790 reducit
1027 2719 1142 2808 primo
1158 2744 1197 2788 ac
1211 2741 1273 2808 per
1289 2743 1372 2793 sege,
1424 2719 1502 2790 Hoc
1548 2729 1641 2776 mam
1663 2733 1683 2778 d
1704 2716 1837 2785 cerebri
1861 2724 2030 2813 temperie
2054 2726 2193 2797 videtui*
2214 2722 2394 2794 divellere.
2443 2716 2533 2789 ρδθ-

520 2847 607 2894 οοοο
630 2824 683 2891 nil
704 2834 854 2914 praestat
875 2821 988 2907 aliud,
1021 2820 1089 2887 nisi
1115 2821 1186 2889 vita
1204 2819 1290 2895 sola,
1341 2819 1502 2915 cumque
1549 2810 1615 2878 teri
1635 2835 1716 2879 cum
1739 2816 1782 2882 de
1797 2833 1877 2887 ortu
1902 2838 1935 2891 et
1951 2826 2156 2896 conditione
2171 2826 2246 2895 eius
2260 2823 2416 2906 animae,
2442 2841 2532 2912 quae

519 2949 561 2995 ex
576 2925 682 2995 corde
695 2938 862 3017 tanquam
876 2924 989 3012 primo
1003 2920 1178 3012 principio
1192 2916 1301 2990 fluere
1314 2944 1353 2992 ac
1367 2923 1502 2992 diffun.
1549 2911 1676 2981 mentis
1703 2928 1738 2983 et
1764 2919 1913 3001 rationis
1936 2948 2080 3016 compos
2108 2942 2182 3011 est,
2212 2926 2396 3005 dubitent,
2429 2920 2530 2989 Plato

520 3026 560 3096 di
580 3027 689 3095 vitam
713 3025 753 3093 in
776 3024 951 3116 reliquum
977 3045 1104 3112 corpus
1120 3035 1273 3105 constet,
1299 3037 1333 3093 et
1347 3024 1502 3118 reliquas
1548 3010 1644 3095 ⁸⁰l⁰⁸
1668 3027 1702 3082 et
1723 3038 1743 3083 a
1768 3023 1925 3110 corporis
1947 3028 2153 3097 conditione
2176 3040 2333 3118 separat,
2358 3025 2401 3093 ’θῑ
2416 3021 2530 3090 swin-

519 3127 611 3197 rires
633 3150 671 3195 ex
694 3120 762 3196 hoc
790 3126 907 3217 primo
934 3127 1033 3195 sonte
1059 3125 1177 3195 educit
1195 3122 1422 3209 Aristoteles,
1461 3137 1501 3195 ut
1547 3133 1646 3180 ⁸⁶⁶¹ss
1667 3118 1847 3204 accedere,
1881 3146 1996 3217 neque
2012 3127 2157 3199 interire
2176 3152 2258 3199 cum
2273 3122 2529 3217 corporeaffir·

519 3240 706 3297 3011,qu
723 3240 878 3306 mogum,
901 3230 997 3319 quod
1010 3225 1143 3294 scilicet
1156 3249 1196 3294 οχ
1218 3223 1309 3293 virae
1324 3225 1499 3316 principio
1547 3223 1630 3281 mat.
1686 3210 1764 3285 Etsi
1778 3234 1894 3290 autem
1916 3240 1950 3296 et
1965 3249 2081 3299 sacrae
2101 3231 2225 3301 literae
2242 3252 2308 3302 nos
2322 3229 2359 3296 in
2372 3222 2530 3295 Ecclesia

517 3331 669 3422 pendeat
684 3324 846 3425 ἐνέργεια
863 3321 1062 3418 δυνάμεων
1080 3326 1231 3412 cerebri,
1258 3337 1291 3395 et
1307 3327 1444 3397 dubitat
1460 3351 1501 3396 ex
1546 3313 1695 3400 dmm,
1724 3318 1768 3388 de
1791 3336 1890 3411 parte
1910 3327 2129 3421 intelligente
2155 3329 2328 3416 bominis,
2363 3327 2461 3422 quod
2485 3326 2531 3396 sit

518 3442 614 3501 certo
636 3452 681 3495 ne
703 3427 781 3495 loeo
806 3429 930 3515 agitet,
957 3442 989 3497 ει
1012 3440 1109 3516 regat
1129 3428 1247 3496 anima
1263 3451 1389 3518 corpus
1404 3428 1501 3498 velut
1545 3412 1700 3504 spirim
1722 3419 1940 3515 intelligent,
1977 3454 1997 3500 a
2020 3436 2179 3526 eorporis
2205 3449 2330 3505 natura
2360 3430 2530 3511 diversus,

518 3530 734 3618 gubernator
748 3527 886 3610 navim,
912 3551 957 3595 an
974 3550 1056 3594 vero
1081 3527 1249 3595 intutum
1273 3527 1500 3598 sitfusacor-
1546 3528 1664 3585 lamen
1685 3520 1779 3592 viret
1801 3526 1875 3596 et’ut
1895 3533 2101 3625 praecipuas
2125 3561 2205 3606 eum
2237 3531 2369 3605 cerebri
2391 3527 2528 3621 praeci-

517 3651 604 3718 pus,
631 3650 710 3695 cum
725 3627 857 3719 inquit:
891 3623 942 3697 ἐτι
964 3620 1005 3698 δὲ
1030 3620 1168 3717 ἄδηλον
1193 3620 1350 3716 ἢοῦτιυς
1365 3625 1499 3700 ἐντελί-
1545 3617 1625 3707 puis
1639 3619 1792 3708 viribus,
1817 3643 1971 3698 mentem
1992 3634 2248 3723 intelligentem
2272 3659 2351 3707 eum
2367 3630 2528 3702 sensibus

515 3754 598 3821 χεια
613 3730 682 3798 τοῦ
696 3722 1019 3823 σώματυςῆψυχὴ
1033 3722 1154 3823 ὥσπερ
1169 3722 1315 3823 πλωτὴρ
1332 3725 1474 3801 πλοίου,
1544 3717 1745 3811 utriusque,
1770 3725 1988 3796 voluntatem
2014 3755 2095 3800 eum
2116 3736 2265 3804 motrice
2288 3737 2421 3806 virtute
2443 3755 2529 3806 con-

621 3825 750 3898 Anima
764 3831 873 3919 igitur
887 3826 1070 3901 Aristoteli
1087 3842 1148 3899 aut
1162 3842 1213 3898 est
1233 3843 1369 3901 tantum
1385 3833 1498 3902 forma
1545 3817 1680 3888 iunci&
1696 3842 1768 3890 0⁵⁸0
1784 3839 1916 3896 certum
1932 3841 1994 3902 est.

520 3928 580 4027 (ut
601 3933 648 3999 ita
672 3926 807 4026 dicam)
831 3931 1070 4004 substantialis
1090 3933 1225 4016 cordis,
1256 3955 1316 4002 seu
1340 3931 1498 4002 incorde
1646 3917 1768 4014 ltaque
1800 3925 1844 3992 de
1868 3928 2071 4000 'actionibus
2096 3933 2235 4002 animae
2260 3930 2443 4002 rationalis
2469 3958 2527 4003 ce·
2588 3940 2591 3945 '

491 4031 740 4102 substantiali
771 4030 984 4122 principium
1012 4034 1124 4116 vitae,
1158 4046 1219 4102 aut
1242 4028 1497 4101 communicata
1544 4019 2096 4113 re¹³1⁰⁰⁰P¹¹li⁸fi⁵Meditffl'um
2122 4055 2239 4119 mm,
2286 4046 2454 4125 Unquam
2481 4037 2526 4103 de

517 4134 584 4205 tofi
599 4131 738 4224 corpori
760 4134 851 4216 pita,
883 4157 972 4226 quae
993 4147 1044 4204 &Si
1065 4126 1265 4228 δυγᾶμεωγ
1283 4145 1497 4202 caeterarum
1544 4120 1656 4189 Solius
1676 4124 1813 4193 cerebri
1837 4128 2054 4217 actionibus,
2084 4149 2218 4205 8θῖἾὸἐὸ
2241 4133 2419 4205 Ecclesiae
2443 4159 2527 4205 Sen-

517 4229 730 4328 ἐντελέχεια,
763 4234 858 4326 quod
880 4237 997 4324 potius
1012 4237 1153 4307 videtur
1174 4234 1264 4305 velle
1279 4229 1497 4310 Aristoteles.
1544 4220 1672 4306 ῑθῦῑῑὸι
1704 4224 1747 4292 fle
1773 4226 1968 4300 ⁸⁰b⁸l⁰¹¹fi²
1993 4232 2329 4337 0503210019¹⁰q⁰i
2355 4258 2527 4328 ¹¹0⁸POS·

387 4393 393 4398 .
516 4335 556 4407 si
579 4351 630 4408 est
653 4339 691 4405 in
715 4339 820 4405 corde
835 4359 898 4404 eeu
918 4336 1146 4408 substantiale
1162 4336 1377 4426 principium
1393 4336 1498 4420 vitae,
1544 4344 1581 4390 ὅθ
1607 4321 1737 4397 iudico·

517 4438 603 4527 quid
633 4451 683 4508 est
708 4438 823 4517 aliud,
863 4461 968 4530 quam
997 4440 1083 4529 quid
1113 4431 1215 4516 ἐντὸς
1242 4439 1404 4506 τελειοῦν
1433 4432 1497 4508 καὶ
1646 4421 1736 4496 Cum
1757 4449 1839 4517 ergo
1865 4431 2049 4502 cerebrum
2071 4436 2152 4505 tous
2177 4435 2223 4508 sit
2254 4437 2455 4528 proximus,
2492 4453 2527 4509 et

391 4572 394 4577 -
490 4535 690 4631 ’ἐοοογοῦο
711 4534 747 4608 τι
768 4535 857 4630 ὅπερ
880 4538 920 4610 ἕο
940 4532 1056 4632 πλοίῳ
1075 4530 1248 4629 mango?
1297 4533 1336 4605 si
1359 4536 1496 4606 οοιοῑεο
1543 4524 1745 4614 proximum
1759 4552 1947 4620 organum,
1974 4557 2054 4603 cum
2069 4548 2232 4608 motuum
2246 4539 2428 4625 omnium,
2451 4554 2528 4610 tum

413 4718 414 4721 Ἴ
515 4636 590 4724 ipsa
606 4638 732 4704 diffusa
748 4641 785 4705 ῑῃ
803 4662 928 4729 corpu,
944 4632 1383 4730 universum(alreffltmm
1401 4638 1496 4705 οοῑοο
1543 4625 1789 4697 mirandarum
1812 4632 2084 4720 cogitationum,
2109 4651 2143 4708 et
2172 4637 2315 4711 virtutis
2335 4640 2527 4711 sensitricis

515 4729 643 4803 horum
662 4739 826 4822 duorum,
845 4741 955 4822 utsit,
980 4731 1214 4829 necessust),
1236 4758 1387 4804 curnon
1404 4751 1496 4807 recte
1542 4720 1631 4820 (elsi
1651 4739 1684 4796 θῑ
1708 4730 1816 4800 Vitam
1838 4756 1859 4802 ἃ
1879 4736 2001 4819 effide,
2036 4750 2069 4807 θλ
2090 4738 2196 4807 aliam
2216 4739 2289 4809 Vim
2313 4743 2527 4812 maiorem

457 4843 459 4846 ’
515 4835 736 4927 ἐντελέχειαν
755 4836 1001 4926 interpretatus
1028 4850 1079 4907 est
1108 4835 1231 4908 Cicero
1256 4837 1504 4906 continuatam.
1543 4839 1641 4916 Parte
1674 4821 1831 4902 hominis
1856 4834 1964 4905 altera
1993 4835 2212 4928 intelligente
2233 4837 2380 4936 accipit)
2414 4843 2528 4936 liquet

513 4949 547 5005 et
567 4961 757 5028 perennem
781 4938 993 5018 motionem,
1025 4962 1105 5008 cum
1125 4940 1170 5010 sit
1190 4936 1326 5021 anima,
1350 4937 1405 5005 nil
1426 4938 1494 5006 nisi
1541 4928 1741 5011 manifeswa
1776 4957 1840 5003 tur
1857 4935 1951 5007 (licat
1970 4931 2204 5026 Hippocrates
2226 4956 2380 5013 mentem
2403 4966 2526 5033 aegro-

513 5030 707 5131 ἐντελέχεια
721 5033 921 5133 δυνάμεων
935 5040 1102 5133 corporis,
1129 5042 1243 5118 idest,
1269 5038 1342 5128 ipsa
1352 5038 1494 5128 agitatio
1542 5045 1634 5113 tare,
1665 5029 1696 5098 si
1718 5032 1823 5103 dolor
1843 5059 1917 5105 non
1939 5038 2112 5107 sentiatur
2130 5039 2170 5109 in
2191 5056 2290 5132 parte
2304 5044 2361 5113 rel
2383 5045 2526 5114 inflam-

512 5139 749 5214 viriumavita
758 5168 798 5214 ex
809 5145 914 5216 corde
924 5145 1091 5214 continuo
1101 5141 1256 5213 fluente?
1280 5138 1492 5232 Quanquam
1541 5130 1697 5200 mallone
1716 5133 1857 5219 affecta,
1879 5137 1935 5205 vel
1954 5150 2091 5208 tumore
2108 5140 2267 5230 obsessa,
2291 5146 2349 5214 vel
2364 5143 2523 5235 alioquin

511 5265 586 5311 οοο
605 5243 776 5331 refragor,
798 5247 827 5314 οἱ
843 5247 1244 5336 ροῑεοοοῑοοοοοόοοοοε,
1270 5240 1492 5330 imperfecta.
1542 5231 1688 5315 afflicta,
1712 5257 1777 5303 nee
1790 5236 1858 5304 alia
1873 5252 2072 5326 compareat
2085 5241 2230 5314 evidens
2245 5266 2357 5328 eausa,
2379 5267 2521 5312 sensum

511 5369 591 5413 mm
614 5336 830 5434 οοοοξμοοο,
862 5371 952 5436 quae
979 5347 1056 5415 οῑοο
1084 5337 1247 5438 λοοογοίο
1270 5341 1493 5432 imperfectae
1542 5331 1691 5401 membri
1706 5334 1906 5407 obtundens
1923 5338 1980 5407 vel
2003 5342 2177 5417 auferens.
2226 5340 2292 5414 Est
2305 5344 2399 5414 enim
2414 5339 2521 5414 ἀναι·

511 5467 655 5537 prorsus
673 5458 774 5525 sunt,
801 5458 835 5511 et
855 5459 956 5514 vocat
975 5437 1127 5537 πρώτην
1142 5437 1379 5531 ἐντελέχειαν,
1414 5454 1491 5512 uta
1541 5429 1681 5525 σθησία
1707 5431 1953 5525 argumentum
1981 5439 2095 5513 laesae
2121 5444 2277 5525 virtutis,
2317 5444 2453 5513 cerebri
2487 5460 2523 5516 et

411 5567 414 5571 ’
511 5550 583 5618 vita
597 5549 744 5617 latentes
768 5534 945 5633 δυνάμεις
966 5535 1137 5622 excitante
1159 5543 1313 5613 artiones
1329 5543 1420 5632 ipsas
1435 5542 1490 5610 vi·
1541 5557 1745 5620 nerv⁰r¹¹¹¹b
1778 5538 1849 5607 Vim
1875 5540 2088 5615 sentiendie
2110 5546 2255 5615 cerebro¹
2275 5544 2522 5619 deserentium.

510 5651 604 5720 rium
627 5651 823 5730 discernat,
854 5667 940 5737 quas
959 5644 1127 5716 excitatae
1147 5656 1181 5714 et
1201 5656 1400 5734 promentes
1416 5666 1489 5714 sese
1536 5635 1707 5704 Laeditur
1729 5651 1845 5707 autem
1871 5643 2005 5713 cerebri
2025 5645 2159 5730 virtus,
2189 5645 2243 5715 vel
2265 5647 2435 5736 temperie
2457 5650 2523 5716 de·

510 5753 619 5824 edunt
633 5767 737 5847 atque
752 5757 922 5820 exercent.
1333 5795 1335 5800 .
1537 5748 1696 5827 pravata,
1721 5749 1783 5811 aut
1794 5741 1950 5813 solarum
1964 5745 2173 5838 qualitatum
2187 5747 2446 5823 contrariarum
2462 5773 2523 5819 ex-
