6025 6775
610 588 684 663 747
818 569 1066 654 'SCRIPTA
1091 569 1170 643 PH.
1196 561 1317 639 MEL.
1342 560 1568 702 Anfftst.
1592 559 1737 640 PROF.
1764 560 1832 635 ET
1859 560 2052 640 PHILOS.
2077 561 2400 646 SPECTANTIA.
2570 578 2648 654 748

712 752 782 823 Hic
798 749 996 839 cogitentur
1007 754 1161 811 caeterae
1176 732 1348 807 historiae
1365 727 1601 826 comprehen-
1652 733 1795 819 derant,
1822 746 1857 804 et
1878 734 2026 821 scirent,
2050 737 2301 829 promissiones
2323 742 2648 838 divinas‘patribus

613 854 737 931 sae'in
757 849 892 933 Moira,
925 848 970 915 de
994 835 1195 923 Abraham,
1229 839 1273 906 de
1298 833 1478 907 oblatione
1493 832 1603 917 Isaac,
1653 835 1697 901 de
1718 836 1921 924 occupanda
1945 847 1980 905 et
2003 839 2157 908 tenenda
2178 837 2354 913 Palestina
2384 847 2529 918 traditas
2557 873 2661 935 esse,

614 962 661 1032 de
678 948 891 1029 aliishaec,
917 943 1024 1016 Iacob
1044 953 1078 1011 et
1093 939 1208 1023 Esau,
1239 939 1283 1007 de
1306 934 1602 1029 peregrinationi·
1654 930 1819 1004 humanis
1834 935 1990 1005 consiliis
2004 938 2159 1007 voluisse
2174 956 2336 1012 excutere
2353 947 2575 1031 servitutem,
2612 965 2649 1023 ct

611 1062 682 1131 bus
702 1052 810 1125 Iacob
836 1062 869 1119 et
887 1046 969 1116 liliis
989 1043 1074 1112 eius.
1125 1037 1175 1111 Et
1192 1038 1452 1122 consideretur,
1487 1034 1603 1128 qualis
1654 1035 1805 1105 confisos
1826 1057 1899 1104 esse
1921 1038 2093 1125 singulari
2116 1042 2256 1128 generis
2282 1049 2517 1134 praestantia,
2549 1053 2648 1142 quod

612 1151 841 1231 illaEcclesia
855 1146 975 1230 luerit,
1001 1166 1090 1236 quae
1107 1141 1282 1225 doctrina,
1308 1162 1397 1231 quac
1414 1160 1603 1206 aerumnae
1655 1152 1768 1208 essent
1793 1138 1865 1205 orti
1881 1160 1907 1205 -a
1931 1133 2078 1227 loseph,
2110 1153 2144 1230 et
2164 1143 2385 1232 amplissima
2414 1151 2648 1240 promissione

613 1274 648 1331 et
670 1253 912 1332 liberationes,
945 1268 1034 1339 quae
1058 1242 1260 1313 testimonia
1287 1239 1506 1331 praesentiae
1531 1236 1603 1307 Dei
1655 1249 1801 1308 ornatus
1816 1251 1905 1307 esset
1919 1234 2206 1327 paterEphraim.
2240 1238 2319 1312 Hac
2333 1247 2464 1319 fiducia
2482 1246 2647 1339 humana,

612 1358 757 1431 luerint.
809 1348 990 1421 Hicenim
1006 1343 1162 1414 breviter
1182 1364 1359 1412 annorum
1381 1340 1512 1410 seriem
1536 1361 1603 1407 an·
1655 1362 1734 1410 cum
1752 1338 1828 1408 sine
1846 1338 2030 1408 vocatione
2045 1339 2164 1409 divina
2185 1342 2319 1413 bellum
2343 1352 2562 1434 movissent,
2588 1378 2645 1424 re-

613 1471 789 1531 notamu„
1655 1442 1750 1533 pulsi
1764 1454 1799 1510 et
1815 1439 1991 1508 interlecti
2013 1451 2109 1508 sunt.
2158 1438 2201 1510 ld
2216 1448 2415 1537 exemplum
2432 1467 2575 1536 monet,
2601 1479 2648 1524 ne

714 1551 992 1643 Diligentissima
1008 1571 1093 1619 vero
1114 1544 1358 1618 consideretur
1380 1535 1530 1611 historia
1544 1536 1605 1609 lo·
1654 1538 1813 1612 Ecclesia
1833 1541 1909 1609 sine
1929 1539 2113 1611 vocatione
2136 1540 2256 1613 divina
2278 1546 2412 1620 bellum
2433 1568 2576 1625 moveat
2600 1558 2649 1626 ad

613 1653 719 1750 raph,
744 1679 808 1747 per
828 1676 934 1747 quem
956 1673 1105 1739 regnum
1120 1640 1354 1739 Aegyptium,
1379 1666 1420 1711 eo
1446 1655 1604 1732 tempore
1655 1644 1860 1714 servitutem
1900 1665 2090 1733 corporum
2131 1644 2393 1732 excutiendam,
2440 1655 2501 1723 sed
2543 1657 2650 1741 sciat,

614 1756 917 1837 florentissimum,
938 1750 1169 1820 constitutum
1183 1760 1246 1830 est,
1269 1759 1304 1814 et
1318 1754 1507 1835 propagata
1522 1764 1604 1811 vera
1655 1741 1773 1812 Deum
1787 1742 1892 1812 etiam
1916 1743 2011 1812 inter
2032 1742 2164 1811 medias
2185 1766 2370 1818 aerumnas
2391 1754 2566 1828 servitutis
2588 1770 2649 1827 ta-

615 1857 777 1931 doctrina
794 1857 839 1924 de
854 1852 931 1923 Deo
950 1853 989 1919 in
1004 1872 1131 1939 magna
1145 1841 1297 1939 Aegypti
1311 1857 1425 1936 parte.
1656 1866 1738 1912 men
1757 1866 1838 1913 siras
1852 1844 2021 1936 reliquias
2036 1858 2256 1916 servaturum
2273 1870 2356 1920 esse.

618 1970 621 1977 '
714 1950 859 2027 Iacob
884 1952 954 2023 fuit
973 1970 1150 2021 annorum
1163 1945 1358 2035 nonaginta
1372 1943 1497 2028 unius,
1522 1964 1603 2012 cum
1757 1942 1882 2015 Postea
1898 1957 2099 2035 exasperata
2125 1958 2177 2016 est
2200 1952 2362 2041 tyrannis
2385 1976 2506 2044 regum
2524 1953 2648 2051 Aegy-

615 2062 648 2131 ei
664 2083 706 2129 ex
719 2050 858 2128 Rachel
873 2065 977 2122 natus
992 2064 1044 2121 est
1059 2049 1153 2118 filius
1167 2042 1197 2115 I
1201 2069 1274 2116 ose
1279 2037 1349 2140 pt.
1654 2044 1809 2137 ptiorum
1827 2056 1949 2115 contra
1966 2043 2158 2131 lsraelitas,
2183 2049 2228 2118 de
2247 2074 2317 2143 qua
2340 2053 2473 2143 legatur
2494 2052 2649 2129 historia

719 2152 747 2224 I
752 2146 889 2249 oreph
908 2175 1002 2221 anno
1017 2151 1164 2241 septimo
1180 2148 1317 2217 decimo
1331 2148 1453 2220 aetatis
1467 2168 1551 2217 suae
1564 2145 1603 2214 in
1656 2146 1694 2213 in
1710 2141 1848 2221 Exodo.
1899 2144 2117 2215 ldeoautem
2135 2147 2173 2215 in
2189 2172 2298 2238 regno
2318 2152 2585 2239 florentissimo,
2611 2172 2649 2229 et

516 2239 520 2250 ¹
616 2259 817 2352 Aegyptum
832 2253 994 2323 venditus
1011 2264 1080 2334 est,
1106 2250 1246 2317 vivente
1266 2241 1382 2318 adhuc
1398 2245 1515 2337 Isaac,
1542 2247 1605 2340 qui
1658 2248 1697 2315 in
1728 2260 1826 2316 tanta
1856 2245 2085 2316 multitudine
2117 2244 2358 2321 lsraiilitarnm
2399 2256 2438 2325 in
2471 2258 2567 2328 exitu
2602 2282 2646 2327 ex

616 2362 656 2428 in
669 2355 848 2429 communi
864 2353 988 2422 dolore
1004 2365 1038 2421 et
1052 2351 1150 2419 luctu
1164 2348 1251 2433 luit,
1275 2371 1355 2417 cum
1370 2348 1444 2417 lilio
1461 2346 1577 2417 lacob.
1657 2342 1833 2441 Aegypto,
1858 2348 1944 2418 etin
1960 2348 2087 2417 vicinis
2099 2350 2272 2437 gentibus,
2298 2364 2350 2424 tot
2365 2355 2520 2428 illustria
2535 2359 2645 2430 mira.

721 2456 819 2527 Vixit
833 2466 950 2524 autem
967 2450 1063 2521 lsaac
1085 2462 1164 2541 post
1184 2448 1369 2519 venditum
1385 2443 1515 2541 Ioseph
1539 2470 1604 2517 an·
1656 2448 1736 2518 cula
1754 2444 1910 2518 exhibita
1925 2462 2026 2532 sunt,
2050 2449 2132 2542 quia
2149 2446 2242 2521 Deus
2265 2454 2461 2528 certissima
2484 2461 2645 2531 testimo·

547 2612 553 2615 .
613 2582 680 2632 „0⁵
694 2554 893 2629 duodecim,
1655 2549 1714 2618 nia
1738 2550 1782 2618 de
1804 2572 1877 2619 sese
1901 2564 1936 2620 ct
1956 2552 2082 2619 desua
2105 2550 2201 2639 lege,
2236 2553 2280 2622 de
2301 2557 2556 2645 promissione,
2583 2561 2645 2630 'de

717 2650 847 2748 loseph
869 2677 950 2724 cum
971 2666 1061 2724 esset
1077 2651 1221 2743 triginta
1240 2671 1437 2736 annorum,
1462 2674 1504 2720 ex
1526 2671 1604 2719 car·
1656 2650 1862 2719 collectione
1873 2645 2050 2720 Ecclesiae
2066 2652 2223 2743 conspici
2237 2654 2366 2741 voluit,
2390 2681 2479 2751 quae
2493 2661 2647 2751 quidem

617 2783 696 2832 cere
718 2758 908 2839 liberatur,
938 2767 973 2826 et
994 2752 1222 2824 constituitur
1241 2751 1411 2843 Princeps
1431 2752 1471 2821 in
1492 2772 1603 2841 regno
1656 2751 1801 2838 cogitari
1832 2752 1908 2820 vult
1936 2751 2102 2821 omnibus
2133 2754 2323 2835 aetatibus,
2360 2771 2399 2828 ιιι
2417 2760 2570 2828 assensio
2595 2763 2647 2828 de

507 2896 510 2903 ·
616 2858 812 2954 Aegyptio,
838 2868 880 2926 nt
895 2877 968 2945 cap.
987 2852 1049 2927 41.
1066 2851 1216 2923 Genesis
1228 2854 1397 2945 scriptum
1413 2866 1475 2922 est.
1655 2849 1731 2921 Deo
1758 2866 1793 2922 et
1815 2853 1858 2920 de
1878 2864 1949 2923 tota
1964 2847 2140 2923 Ecclesiae
2162 2856 2323 2925 doctrina
2342 2855 2380 2925 in
2391 2860 2492 2928 nobis
2505 2861 2648 2929 confir-

717 2956 842 3027 Postea
860 2978 938 3025 cum
960 2955 1069 3025 fames
1091 2967 1238 3048 sequuta
1262 2967 1334 3039 est,
1365 2954 1478 3024 sorma
1503 2952 1603 3041 regni
1655 2967 1782 3023 metur.
1834 2953 1902 3023 Sed
1919 2951 2125 3046 priusquam
2140 2954 2183 3023 ad
2201 2979 2278 3026 eam
2296 2952 2478 3028 historiam
2500 2961 2648 3031 accedi-

616 3057 824 3153 'Aegyptiaci
860 3055 1049 3126 constituta
1086 3068 1155 3141 est,
1194 3068 1230 3124 et
1266 3055 1400 3125 tributa
1437 3052 1603 3123 ordinata
1655 3077 1750 3140 mus,
1776 3053 1980 3122 brevissime
1995 3055 2038 3122 de
2053 3053 2213 3125 doctrina
2229 3055 2336 3128 lacob
2352 3060 2516 3131 dicamus.

615 3172 721 3244 sunt,
745 3156 1004 3239 etsacerdotum
1020 3155 1168 3245 collegio
1181 3155 1317 3226 reditus
1330 3153 1491 3224 attributi
1509 3165 1603 3238 sunt,
1755 3152 1948 3223 Promissio
1960 3154 2089 3226 tradita
2104 3150 2269 3227 Abrahae
2285 3161 2329 3228 de
2343 3161 2496 3246 semine,
2518 3164 2646 3233 reddi-

614 3275 656 3333 ut
672 3271 786 3331 essent
801 3257 982 3327 doctrinae
996 3258 1169 3328 custodes.
1217 3249 1297 3324 Etsi
1310 3265 1428 3325 autem
1442 3254 1602 3339 doctrina
1654 3267 1734 3324 turo
1759 3257 1862 3325 nobis
1895 3254 2069 3326 iusticiam
2102 3270 2138 3328 et
2161 3258 2271 3329 vitam
2293 3276 2492 3347 aeternam,
2524 3264 2644 3336 deleto

615 3365 660 3434 de
682 3358 760 3433 Deo
781 3372 861 3452 post
884 3352 1010 3449 loseph
1033 3368 1167 3429 mutata
1195 3367 1264 3442 est,
1303 3369 1338 3427 et
1365 3368 1444 3448 post
1469 3355 1600 3426 exitum
1654 3368 1795 3447 peccato
1823 3370 1857 3428 et
1881 3357 2012 3427 abolita
2035 3371 2169 3445 morte,
2195 3360 2264 3452 ipsi
2286 3362 2432 3453 repetita
2454 3363 2645 3437 estGene-

614 3461 854 3533 lsraiilitarum
873 3482 915 3528 ex
931 3456 1110 3552 Aegypto,
1133 3471 1167 3529 et
1188 3479 1290 3549 saepe
1312 3470 1432 3548 postea
1455 3479 1601 3546 magnae
1654 3456 1701 3527 sis
1716 3459 1776 3529 28.
1825 3455 1873 3531 Et
1886 3454 1977 3527 hanc
1992 3472 2084 3529 recte
2102 3460 2315 3532 intellectam
2329 3487 2403 3534 esse
2422 3468 2467 3536 de
2485 3469 2644 3539 aeternis

616 3560 719 3651 regni
739 3561 950 3631 vastationes
971 3560 1193 3644 acciderunt,
1229 3570 1348 3627 tamen
1370 3558 1532 3628 doctrina
1557 3559 1601 3627 de
1654 3560 1777 3642 honis,
1812 3575 1846 3630 et
1868 3560 2077 3631 collectione
2096 3575 2257 3633 aeternae
2275 3559 2470 3651 Ecclesiae,
2503 3580 2645 3641 constat

616 3660 775 3734 motibus
790 3659 1018 3746 coelestibus,
1042 3673 1075 3730 et
1095 3662 1139 3731 de
1152 3673 1278 3730 natura
1292 3681 1411 3728 rernm
1433 3651 1601 3750 tempore,
1652 3675 1772 3753 postea
1786 3685 1826 3729 ex
1842 3662 2073 3731 concionibus
2088 3661 2322 3755 ipsiuslacob‚
2339 3681 2379 3738 ut
2396 3692 2477 3738 cum
2492 3669 2643 3762 cap.48.

617 3760 803 3856 Assyriae,
825 3755 1006 3846 Persicae,
1032 3757 1188 3830 Graecae
1207 3774 1242 3831 et
1256 3756 1458 3841 Romanae,
1489 3782 1601 3852 usque
1654 3762 1786 3855 inquit:
1824 3760 1921 3832 Deus
1948 3763 2133 3832 benedicat
2162 3759 2217 3832 his
2241 3768 2380 3855 pueris,
2414 3783 2447 3840 et
2468 3768 2643 3862 Angelus,

617 3864 664 3933 acl
687 3860 887 3932 barbariem
903 3857 1198 3944 Mahometicam,
1221 3860 1295 3930 iere
1312 3861 1426 3930 trihus
1440 3858 1601 3932 millibus
1654 3865 1718 3957 qni
1730 3862 1861 3953 eripuit
1874 3887 1930 3931 me
1946 3862 1990 3930 de
2004 3863 2139 3934 cunctis
2153 3865 2267 3936 malis.
2313 3865 2384 3939 Hic
2399 3868 2553 3941 etDeum
2569 3896 2643 3943 no-

616 3986 804 4038 annorum.
1139 3984 1145 4002 ·
1653 3964 1783 4049 minat,
1807 3978 1841 4033 et
1857 3963 2017 4033 nominat
2032 3960 2229 4054 Angelum,
2254 3968 2418 4042 videlicet
2433 3973 2544 4041 lilium
2555 3969 2642 4059 Dei,

718 4060 825 4134 iacob
853 4062 1033 4133 descendit
1060 4061 1101 4133 in
1122 4056 1323 4158 Aegyptum
1353 4085 1447 4132 anno
1479 4060 1601 4132 aetatis
1652 4057 1782 4162 λόγον,
1809 4065 1955 4133 missum
1971 4065 2015 4133 ad
2035 4077 2169 4154 patres,
2194 4080 2229 4138 ct
2250 4063 2347 4141 hunc
2371 4074 2541 4160 affirmat,
2563 4099 2643 4146 non

614 4174 706 4238 suae'
714 4163 904 4235 centesimo
918 4162 1106 4248 tricesimo,
1130 4163 1218 4236 vixit
1232 4187 1344 4234 annos
1357 4177 1497 4234 centurn
1512 4185 1601 4255 qua-
1652 4188 1725 4235 csse
1740 4179 1952 4234 creaturam:
1985 4166 2068 4256 quia
2085 4167 2192 4253 dicit,
2217 4191 2254 4238 se
2267 4194 2329 4262 per
2350 4167 2442 4241 hunc
2455 4172 2644 4259 Angelum

615 4266 778 4355 draginta
801 4277 943 4356 septem.
1002 4262 1088 4334 Fuit
1108 4264 1216 4353 igitur
1239 4265 1278 4333 in
1297 4261 1456 4359 Aegypto
1478 4263 1601 4334 fruens
1652 4291 1672 4336 a
1688 4266 1823 4336 cunctis
1838 4266 1950 4350 malis,
1975 4269 2160 4357 apeccatis
2174 4283 2208 4340 et
2223 4284 2333 4339 morte
2347 4271 2531 4338 liberatum
2546 4295 2643 4352 esse.

616 4365 818 4437 dulcissima
835 4363 1091 4435 consuetudine
1104 4362 1171 4430 lilii
1188 4359 1314 4455 loseph
1340 4387 1452 4434 annos
1467 4378 1600 4456 septem
1651 4365 1748 4438 Haec
1766 4381 1899 4439 vetusta
1914 4367 2117 4438 testimonia
2133 4371 2178 4439 de
2197 4369 2270 4440 filio
2282 4366 2347 4435 Dei
2369 4390 2471 4460 saepe
2496 4373 2640 4461 cogite-

615 4481 650 4539 et
663 4469 797 4542 decem.
828 4465 882 4535 Ac
897 4464 1021 4534 videns
1033 4463 1216 4533 florentem
1231 4465 1331 4555 regni
1344 4478 1483 4550 statum,
1503 4465 1599 4557 qnod
1651 4491 1749 4553 mus,
1773 4482 1813 4539 ut
1835 4469 2003 4554 sciamus,
2028 4492 2110 4538 vere
2132 4469 2243 4539 filium
2265 4489 2338 4537 esse
2360 4463 2637 4563 ὑφιστάμηόν,

612 4581 699 4637 tunc
714 4562 867 4638 habebat
881 4586 997 4654 regem
1019 4564 1137 4654 pium,
1171 4589 1251 4635 curn
1272 4589 1344 4660 quo
1364 4588 1466 4657 saepe
1488 4566 1600 4636 collo-
1651 4570 1755 4640 etiam
1771 4582 1851 4639 ante
1866 4585 2079 4660 assumptam
2092 4564 2280 4639 humanam
2297 4582 2473 4653 naturam,
2493 4587 2528 4643 et
2543 4598 2640 4645 sem-

614 4667 808 4759 quehatnr,
832 4678 867 4736 et
886 4666 950 4758 qui
968 4666 1037 4735 late
1053 4667 1240 4761 propagari
1259 4690 1377 4736 veram
1401 4667 1598 4737 doctrinam
1650 4693 1714 4760 per
1742 4670 1893 4739 adfuisse
1914 4666 2108 4750 Ecclesiae,
2144 4669 2233 4739 sicut
2265 4683 2300 4739 et
2324 4667 2470 4744 lreneus
2500 4675 2637 4769 inquit:

614 4767 770 4853 curavit,
794 4779 828 4835 et
842 4765 964 4834 multis
985 4765 1112 4835 vicinis
1133 4767 1296 4856 gentibus
1319 4767 1358 4836 in
1379 4768 1471 4838 lame
1494 4791 1598 4860 opem
1650 4768 1797 4861 Semper
1812 4771 1926 4840 adluit
1940 4771 2059 4860 generi
2075 4764 2229 4838 hnmano
2243 4769 2434 4844 ΛΟΓΟΣ.
2488 4770 2540 4844 Ῑιι
2563 4779 2638 4851 sint

613 4866 707 4940 tulit.
1323 4891 1327 4901 ’
1649 4882 1771 4941 nostra
1788 4866 1955 4941 chronica
1972 4869 2197 4941 Narrationes
2214 4896 2289 4940 non
2312 4886 2449 4943 tantum
2472 4875 2517 4944 de
2537 4881 2637 4968 regi-

714 4961 842 5060 loseph
866 4965 955 5039 vixit
981 4988 1093 5039 annos
1116 4980 1257 5040 centnm
1281 4981 1315 5039 et
1336 4969 1467 5041 decem.
1523 4964 1597 5039 Nec
1648 4972 1715 5043 bns
1729 4972 1898 5064 politicis,
1925 4973 1987 5042 sed
2005 4971 2116 5042 multo
2138 4972 2249 5062 magis
2273 4975 2318 5042 de
2338 4968 2406 5043 hoc
2427 4998 2528 5065 rege,
2560 4980 2637 5048 lilio

608 5069 693 5139 inde
708 5086 821 5163 usque
836 5062 993 5159 aloseph
1003 5069 1048 5138 ad
1065 5081 1222 5163 tempora
1234 5068 1465 5142 certaminum
1475 5065 1597 5154 Moisi,
1646 5069 1732 5158 Dei,
1770 5086 1806 5145 et
1829 5072 1873 5143 de
1896 5073 1972 5144 eius
1992 5073 2189 5164 praesentia
2210 5075 2249 5142 in
2272 5075 2439 5146 omnibus
2459 5078 2637 5148 mirandis

610 5169 680 5239 alia
695 5164 841 5240 historia
857 5171 901 5239 de
916 5167 1087 5242 lsraiilitis
1110 5172 1296 5258 recitatur,
1329 5185 1467 5263 praeter
1490 5193 1595 5261 expe-
1647 5176 1813 5266 operibus
1832 5175 1871 5244 in
1887 5170 2055 5249 Ecclesia.

609 5270 781 5342 ditionem
795 5271 949 5342 liliorum
958 5267 1145 5364 Ephraim,
1169 5297 1258 5365 qnae
1273 5286 1365 5342 extat
1378 5273 1416 5341 in
1435 5268 1594 5344 1.Paral.
1746 5274 1922 5346 Praedicit
1936 5275 2043 5346 etiam
2052 5273 2158 5347 Iacob
2173 5288 2311 5369 tempus
2327 5273 2636 5349 adventusSalva-

608 5369 746 5463 cap.7.,
765 5372 1020 5452 ubinarratur,
1046 5367 1474 5463 liliosEphraimduxisse
1494 5394 1592 5442 exer·
1644 5375 1741 5446 toris.
1798 5371 1846 5445 Et
1869 5375 2032 5447 nominat
2052 5400 2134 5447 eum
2156 5371 2278 5462 Siloh,
2311 5391 2351 5447 ut
2372 5378 2562 5467 significet,
2598 5404 2636 5447 se

604 5474 713 5546 citum
735 5476 781 5547 ad
804 5473 1044 5564 occupandam
1066 5470 1302 5555 palestinam,
1333 5472 1473 5542 vivente
1492 5485 1592 5563 patre
1642 5476 1815 5566 respicere
1828 5475 1872 5543 ad
1888 5473 2040 5565 primam
2063 5478 2352 5568 promissionem,
2382 5478 2421 5546 in
2445 5501 2514 5572 qua
2538 5480 2636 5549 dici-

600 5565 793 5668 Ephraim,
819 5576 880 5646 sed
896 5568 1096 5642 interfectos
1112 5592 1197 5640 esse.
1237 5566 1523 5643 Consentaneum
1538 5586 1590 5644 est
1641 5586 1714 5644 tur:
1757 5570 1885 5644 Semen
1921 5572 2089 5648 mulieris
2121 5592 2280 5650 conteret
2308 5592 2413 5669 caput
2442 5580 2635 5671 serpentis.

600 5688 737 5763 autem,
761 5697 841 5756 eos,
872 5695 951 5743 cum
974 5669 1076 5742 initia
1099 5669 1298 5767 tyrannidis
1317 5668 1510 5768 Aegyptiae
1532 5673 1587 5743 vi·
1638 5669 1730 5745 Nam
1744 5673 2007 5787 etymologias
2014 5672 2117 5750 stol
2140 5692 2209 5755 est:
2239 5671 2372 5777 χόριον
2392 5674 2516 5774 αὐτῆς.
2570 5679 2637 5754 Sic
