6025 6775
487 626 564 704 279
1031 608 1192 683 DECL.
1229 603 1305 680 DE
1338 598 1661 679 Guuaottto
1693 603 1963 685 NAZIANZ.
2428 613 2507 687 280

494 792 697 876 troversiis,
735 785 897 859 videraut
923 782 1018 853 enim
1043 792 1205 871 parentes
1223 775 1322 866 longi
1343 789 1481 865 tempo·
1529 789 1629 846 snut:
1661 775 1767 849 Tunc
1784 802 1862 850 mea
1883 779 2086 851 coniectura
2109 805 2183 851 non
2204 783 2273 854 luit
2290 805 2390 857 vana.
2422 781 2509 868 ¹Fe·

497 897 548 968 ris
564 890 772 973 certamina,
797 887 881 979 quia
905 882 1029 973 egressi
1045 892 1127 949 sunt
1145 902 1280 949 annum
1295 874 1482 963 nonagesi-
1531 878 1579 946 cit
1601 878 1696 946 enim
1717 903 1773 949 me
1795 894 1909 951 vatem
1930 904 2072 950 morum
2094 881 2205 972 ipsius
2227 884 2453 976 inaequalitas
2475 897 2510 954 et

497 1021 613 1068 mom:
641 1006 739 1085 pater
758 986 865 1057 simul
880 982 1032 1060 curavit,
1057 982 1157 1050 utad
1173 977 1400 1049 domesticam
1417 978 1483 1045 do-
1532 978 1778 1049 admirationis
1800 983 2017 1070 magnitudo.
2080 978 2161 1051 Non
2184 985 2279 1052 enim
2299 979 2390 1052 mihi
2410 984 2509 1052 vide.

501 1098 650 1169 ctrinem
665 1091 870 1176 adiungeret
888 1082 1092 1152 adolescens
1113 1081 1229 1151 studia
1248 1075 1484 1168 Eloquentiae
1533 1080 1662 1149 bantur
1683 1081 1783 1169 sigua
1808 1081 1922 1151 bonae
1954 1094 2100 1151 naturae
2133 1105 2224 1168 esse,
2265 1084 2380 1153 crebri
2402 1083 2510 1152 fleme

500 1212 537 1269 Β(
564 1185 835 1281 Ph3¹⁰⁸⁰phi³⁰‘
867 1205 1018 1274 ‘umque
1047 1182 1203 1270 primum
1233 1177 1484 1250 Al‘ffldfiam
1532 1177 1635 1264 ⁶0¹5,
1665 1174 1807 1249 humeri
1828 1206 1890 1271 per
1918 1182 2010 1251 vices
2037 1181 2289 1253 subsultantes:
2332 1182 2428 1252 oculi
2451 1204 2513 1251 va-

374 1285 377 1290 ⁴
501 1295 618 1379 misit,
643 1315 730 1385 quae
750 1302 834 1358 tunc
857 1283 926 1352 luit
947 1306 1009 1351 arx
1025 1282 1266 1352 doctrinarum
1281 1279 1319 1346 in
1338 1290 1412 1349 toto
1426 1299 1485 1366 ge·
1532 1279 1691 1367 gabundi
1713 1291 1747 1349 et
1770 1295 1922 1363 truces„
1938 1294 1974 1351 et
1996 1280 2115 1374 quales
2135 1295 2217 1351 sunt
2240 1284 2279 1350 in
2301 1283 2515 1367 furentibus,

501 1420 588 1469 nere
603 1391 757 1464 humano
772 1385 971 1477 praecipua.
1022 1380 1193 1452 Fortassis
1211 1393 1245 1450 et
1260 1403 1301 1448 eo
1318 1379 1485 1449 libentius
1533 1381 1639 1470 pedes
1661 1380 1843 1451 instabiles
1863 1394 1899 1453 et
1920 1383 2063 1452 crebrae
2082 1382 2372 1470 geniculationes:
2406 1405 2513 1451 nasus

501 1498 614 1568 filium
637 1515 678 1560 eo
700 1486 815 1570 misit,
853 1485 938 1578 quia
963 1495 1049 1553 lunc
1066 1490 1145 1572 p'ost
1168 1483 1315 1570 longum
1340 1479 1484 1548 exilium
1534 1492 1740 1570 corrugatus
1752 1484 1796 1550 ad
1814 1483 2083 1571 significandum
2098 1495 2354 1574 contemptum,
2378 1481 2513 1553 ridicu-

504 1616 608 1667 senex
629 1584 845 1660 Athanasius
869 1608 910 1654 eo
934 1583 1103 1665 redierat,
1134 1582 1192 1651 cui
1214 1578 1370 1651 Ecclesia
1385 1592 1486 1658 =recte
1535 1579 1589 1649 lae
1604 1581 1735 1671 figurae
1749 1582 1885 1663 vultus,
1908 1577 2073 1652 cachinni
2087 1583 2197 1652 altum
2215 1598 2410 1674 crepantes:
2443 1607 2513 1651 nu-

503 1693 658 1767 seutiens
672 1691 711 1758 in
724 1689 813 1759 urbe
826 1684 1058 1755 Trevirorum
1072 1676 1265 1773 hospitium
1280 1703 1392 1749 annos
1407 1694 1485 1749 octo
1536 1694 1592 1750 tus
1614 1694 1648 1750 et
1674 1696 1820 1752 renatus
1849 1684 1926 1752 sine
1942 1706 2132 1768 sermone,
2164 1705 2341 1753 sermones
2369 1684 2514 1775 abrupti

505 1797 661 1867 dederat·
1159 1832 1163 1841 ·
1535 1805 1609 1850 non
1630 1784 1813 1873 completis
1831 1784 2034 1869 sententiis,
2068 1784 2358 1872 interrogationes
2375 1785 2514 1853 inordi-

607 1868 699 1964 Cum
715 1903 832 1962 autem
848 1885 1069 1981 eloquentiae
1083 1884 1244 1953 exercitia
1265 1884 1398 1952 maiora
1415 1904 1487 1971 esse
1535 1895 1636 1951 natae
1659 1894 1693 1950 et
1713 1884 1791 1953 sine
1814 1908 1918 1956 causa
1941 1889 2071 1968 factae,
2109 1886 2353 1975 responsiones
2377 1886 2514 1954 alienae

504 1992 678 2078 Athenis,
704 2005 739 2062 et
752 2012 878 2061 sonum
895 1986 1050 2057 Graecae
1066 1986 1206 2073 linguae
1221 1984 1417 2052 suaviorem
1435 1983 1485 2051 ibi
1534 1983 1762 2073 aproposito,
1786 1986 2007 2055 necinterse
2025 1986 2292 2059 consentientes.
2343 1985 2412 2057 sed
2426 1986 2513 2077 quid

505 2121 579 2168 esse
595 2095 750 2176 audiret,
775 2104 809 2159 et
822 2089 895 2180 ipse
908 2100 1035 2155 natura
1050 2086 1159 2172 magis
1174 2087 1218 2153 ad
1234 2107 1272 2153 ea
1288 2084 1404 2155 studia
1418 2084 1487 2153 du·
1535 2082 1671 2171 singula
1692 2084 1853 2155 scribam.
1904 2085 2028 2155 Talem
2050 2099 2131 2157 ante
2152 2088 2241 2155 facta
2267 2108 2340 2155 esse
2356 2087 2514 2155 animad-

506 2212 661 2280 ceretur,
686 2188 845 2264 Athenas
859 2202 938 2280 post
954 2187 1088 2278 aliquot
1105 2207 1217 2253 annos
1232 2187 1408 2273 profectus
1424 2196 1486 2254 est.
1536 2183 1648 2265 verti,
1672 2184 1810 2274 qualem
1835 2209 1908 2255 esse
1927 2201 2047 2278 postca
2072 2186 2110 2254 in
2138 2186 2223 2276 ipsis
2237 2186 2338 2256 factis
2351 2187 2514 2261 vidimus.

504 2296 565 2367 lbi
578 2293 750 2367 Basilium
763 2314 866 2360 nosse
882 2288 990 2379 cepit,
1017 2298 1145 2355 etcum
1163 2284 1273 2374 patria
1289 2284 1488 2353 communis
1536 2280 1631 2350 Haec
1646 2307 1725 2351 cerm
1741 2284 1925 2370 vidissem,
1947 2286 2138 2355 exclamavi
2154 2311 2271 2362 coram
2287 2288 2426 2371 multis,
2451 2289 2514 2378 qui

506 2412 611 2481 esset,
635 2410 670 2467 et
687 2393 817 2464 similia
842 2401 956 2459 essent
975 2385 1108 2469 studia,
1133 2386 1264 2454 similes
1278 2385 1487 2478 voluntates,
1536 2396 1638 2451 testes
1666 2379 1772 2452 huius
1791 2387 1860 2452 mei
1878 2388 2046 2455 sermonis
2064 2410 2136 2456 esse
2155 2398 2317 2477 possunt:
2349 2382 2384 2456 O
2400 2411 2514 2478 quan.

506 2512 543 2569 et
558 2497 726 2590 quaedam
742 2506 948 2561 naturarum
962 2485 1161 2569 adiunctio,
1188 2485 1312 2573 spretis
1336 2484 1415 2554 aliis
1430 2506 1486 2553 so-
1536 2495 1611 2551 tum
1634 2484 1766 2551 malum
1796 2487 1909 2555 nutrit
1929 2483 2131 2556 Romanum
2154 2489 2353 2578 imperium.
2412 2484 2517 2555 Hane

505 2598 645 2668 deliciis
660 2591 744 2664 huic
767 2592 831 2662 uni
854 2585 1036 2657 familiaris
1050 2586 1128 2655 luit.
1187 2584 1316 2655 Narrat
1337 2586 1432 2653 enim
1454 2596 1487 2653 et
1536 2582 1806 2670 descriptionem
1835 2581 1893 2655 hic
1921 2586 2073 2670 inserui,
2111 2601 2152 2656 ut
2182 2588 2418 2657 adolescentes
2451 2582 2518 2656 hae

505 2714 591 2770 tunc
614 2690 766 2768 Athenis
793 2692 899 2760 luisse
922 2686 1204 2775 corruptissimos
1230 2708 1347 2754 mores
1372 2699 1407 2753 et
1429 2685 1487 2753 in·
1536 2684 1739 2751 narratione
1772 2687 2040 2755 commonefacti
2078 2687 2229 2775 cogitent
2268 2702 2383 2776 gestus
2425 2700 2518 2757 reete

506 2799 642 2885 signem
656 2790 850 2863 iuventutis
862 2785 1110 2880 petulantiam,
1135 2786 1219 2878 quia
1236 2785 1341 2855 multi
1362 2785 1489 2855 divites
1536 2784 1706 2869 regendos
1728 2805 1822 2870 esse,
1861 2799 1896 2855 et
1921 2785 2112 2856 modestiae
2135 2787 2406 2876 significationes
2432 2811 2519 2857 con-

504 2892 717 2970 scholastici
740 2894 819 2984 plus
855 2888 966 2959 dediti
994 2899 1095 2955 erant
1120 2887 1232 2971 ludis,
1271 2885 1488 2976 spectaculis,
1537 2883 1703 2955 siderent.

495 2996 684 3087 ,conviviis
709 3007 744 3064 et
765 2990 947 3062 obscoenis
965 2987 1217 3077 voluptatibus,
1234 3011 1340 3078 quam
1356 2986 1488 3055 doctri·
1637 2980 1848 3058 Discesserat
1876 2981 2028 3057 Athenis
2054 2985 2227 3069 Basilius,
2261 3013 2370 3060 manu
2400 2991 2516 3059 fratris

449 3122 458 3132 ⁸
506 3121 636 3168 narum
651 3095 789 3177 studiis,
814 3093 933 3184 plures
948 3088 1050 3159 etiam
1068 3087 1185 3177 palam
1195 3082 1319 3167 Athei,
1345 3099 1379 3155 et
1393 3086 1487 3154 mul·
1538 3084 1683 3153 eductus
1699 3108 1741 3154 ex
1756 3089 1849 3171 sede,
1874 3087 1913 3155 iu
1928 3112 1997 3180 qua
2012 3089 2267 3175 declamitabat,
2293 3104 2329 3160 et
2342 3091 2410 3160 iam
2424 3088 2516 3159 Gee-

507 3198 695 3287 timagicis
717 3196 852 3265 artibus
873 3190 984 3260 dediti
1007 3200 1120 3259 erant.
1172 3185 1229 3255 Ab
1244 3181 1301 3255 his
1317 3210 1395 3255 cum
1412 3210 1487 3254 am·
1538 3184 1637 3273 gorio
1651 3180 1811 3254 Athenae
1827 3188 1981 3257 solitudo
1997 3180 2116 3269 erant,
2142 3190 2224 3282 quia
2239 3206 2333 3262 casta
2347 3214 2444 3262 mene
2460 3193 2518 3262 fu.

506 3301 555 3370 bo
570 3295 801 3370 abhorrerent
814 3292 969 3363 Basilius
983 3303 1017 3361 et
1033 3288 1243 3377 Gregorius,
1269 3288 1351 3379 quia
1366 3291 1489 3355 dome-
1538 3284 1657 3373 giebat
1686 3281 1826 3388 ethnica
1852 3300 1886 3359 et
1904 3289 1972 3358 alia
1994 3290 2172 3361 sodalicia.
2233 3290 2352 3381 Quare
2382 3306 2416 3363 et
2444 3293 2518 3383 ipse

506 3401 592 3471 stica
620 3398 808 3488 disciplina
829 3396 874 3460 ad
897 3415 1015 3460 veram
1041 3387 1107 3456 Dei
1130 3390 1366 3477 agnitionem,
1395 3390 1487 3459 etad
1539 3385 1721 3478 aliquanto
1744 3402 1829 3477 post'
1843 3391 1887 3458 ad
1910 3413 2029 3460 senem
2052 3405 2188 3483 patrem
2210 3394 2320 3479 redit,
2349 3417 2427 3463 cnm
2445 3394 2516 3462 iam

507 3497 676 3570 honestos
699 3509 734 3564 et
752 3505 863 3563 castos
885 3511 1000 3558 mores
1022 3489 1211 3557 adsuefacti
1231 3490 1387 3572 fuerant,
1417 3512 1489 3556 sese
1540 3486 1756 3556 tricesimum
1797 3512 1931 3560 annum
1976 3493 2154 3581 attigisset.
2230 3492 2334 3563 Tunc
2375 3506 2515 3584 accepto

509 3597 789 3675 coniunxerunt,
821 3602 856 3658 et
875 3589 981 3657 simul
1000 3587 1039 3654 in
1061 3588 1186 3654 studiis
1209 3589 1390 3656 doctrinae
1408 3613 1488 3676 pro·
1540 3587 1714 3675 baptismo
1736 3604 1837 3675 pater
1857 3591 2016 3659 adiunxit
2032 3591 2365 3684 compresbyteris,
2390 3595 2441 3664 ibi
2462 3596 2520 3666 di-

509 3707 700 3769 cesserunt.
744 3690 799 3763 Ex
811 3713 851 3759 ea
863 3687 1098 3758 familiaritate
1111 3698 1186 3756 orta
1200 3686 1364 3771 amicitia,
1389 3689 1490 3756 dein·
1540 3686 1685 3775 remptis
1705 3688 1953 3754 controversiis
1976 3702 2010 3755 et
2022 3690 2180 3758 restituta
2197 3696 2386 3760 concordia
2406 3718 2521 3765 seces.

510 3803 556 3870 de
582 3817 765 3887 nunquam
789 3793 986 3879 interrupta
1009 3799 1080 3870 est,
1130 3800 1170 3856 ut
1199 3800 1283 3855 suut
1313 3789 1489 3857 durabiles
1540 3787 1585 3855 sit
1600 3787 1644 3854 ad
1664 3783 1849 3871 basilium,
1875 3786 1938 3878 qui
1953 3798 1987 3855 et
1999 3786 2073 3876 ipse
2091 3810 2171 3854 cum
2187 3787 2315 3857 Lector
2329 3789 2519 3863 Caesareae

508 3897 698 3981 amicitiae,
722 3916 871 3987 quarum
887 3886 1031 3958 honesta
1045 3901 1128 3956 sunt
1142 3888 1255 3957 initia.
1305 3885 1353 3959 Et
1369 3913 1489 3957 verum
1539 3886 1680 3965 fuisset,
1704 3885 1825 3956 relicta
1838 3887 1950 3975 patria
1964 3899 2108 3976 propter
2122 3888 2409 3972 obtrectationes,
2431 3905 2517 3961 tune

510 4001 601 4070 illud
617 4011 686 4081 0⁸¹,
711 3992 812 4066 ἅπαν
827 3988 870 4063 τὸ
882 3985 1047 4085 χρηστὸν
1067 3983 1137 4081 τὴν
1151 3989 1257 4080 ἴστην
1277 3986 1348 4081 ἔχει
1362 3983 1488 4084 φύσιν.
1541 3988 1579 4055 in
1595 4010 1658 4056 suo
1674 3987 1820 4077 praedio
1835 4010 1915 4059 cum
1930 3986 2064 4079 aliquot
2077 3987 2297 4059 auditoribus
2312 3989 2408 4060 vixit.
2462 3990 2518 4062 lbi

509 4098 566 4172 Eo
595 4113 753 4188 tempore
782 4095 879 4163 venit
901 4086 1060 4161 Athenas
1089 4107 1122 4160 et
1147 4089 1305 4161 lulianus
1328 4093 1488 4161 nondum
1541 4087 1648 4157 simul
1679 4087 1847 4156 tredecim
1876 4087 1980 4155 aunis
2005 4089 2211 4159 commorati
2238 4103 2339 4174 sunt,
2376 4114 2450 4159 non
2479 4094 2519 4163 in

507 4201 724 4293 Imperator,
750 4197 810 4266 sed
829 4195 898 4263 iam
913 4217 953 4261 ex
969 4188 1088 4262 schola
1103 4191 1287 4263 accersitus
1303 4194 1349 4262 ad
1366 4215 1491 4282 regen·
1540 4187 1669 4277 ignavo
1685 4187 1781 4271 ocio,
1805 4188 1865 4257 sed
1881 4187 2205 4278 inprecationibus,
2228 4203 2263 4260 et
2278 4191 2317 4258 in
2330 4191 2519 4264 collatione

507 4307 591 4374 dam
604 4297 777 4380 Galliam,
803 4310 836 4365 et
855 4315 998 4386 sperans
1020 4295 1218 4384 imperium.
1269 4291 1338 4363 Hic
1359 4294 1491 4365 contir-
1541 4287 1770 4378 scriptorum,
1794 4288 1923 4381 quibus
1935 4288 2120 4358 universae
2133 4285 2239 4360 Asiae
2250 4287 2425 4363 Ecclesias
2438 4318 2521 4365 eru-

391 4418 395 4423 ’
508 4405 620 4473 mavit
637 4403 740 4473 etiam
757 4398 1002 4487 improborum
1017 4395 1198 4464 audaciam
1212 4387 1384 4478 Athenis,
1407 4396 1490 4487 quia
1541 4388 1704 4472 diebant,
1753 4402 1788 4459 et
1821 4388 2004 4484 veritatem
2044 4391 2314 4481 propugnabant
2353 4393 2521 4466 adversus

510 4499 673 4573 Etlmicis
688 4525 761 4572 sese
777 4497 999 4579 venditabat,
1024 4507 1058 4564 et
1073 4492 1199 4581 Magos
1217 4496 1431 4573 consulebat,
1457 4508 1490 4563 et
1541 4489 1712 4574 Arianos,
1737 4486 1946 4561 Manicheos
1972 4503 2007 4558 et
2031 4491 2119 4561 alios
2134 4490 2281 4565 furores.
2334 4489 2520 4580 Quantum

510 4597 729 4670 Christianos
757 4599 1021 4689 aspernabatur.
1067 4591 1123 4663 Ex
1146 4588 1201 4659 his
1226 4594 1385 4663 moribus
1405 4607 1489 4664 tunc
1541 4592 1675 4659 bonnm
1697 4590 1743 4660 sit
1768 4586 1898 4661 habere
1920 4590 2057 4660 fidelem
2081 4591 2340 4686 παραστάτην,
2374 4599 2521 4667 etvelut

510 4723 652 4792 quoque
683 4700 918 4768 coniecturam
951 4696 1112 4765 lecerunt
1143 4691 1263 4774 multi,
1305 4707 1488 4783 rapturum
1542 4685 1732 4770 Achatem,
1758 4715 1799 4760 ex
1821 4691 1934 4775 veteri
1952 4693 2141 4783 proverbio
2160 4707 2284 4764 notum
2307 4707 2370 4765 est.
2418 4694 2518 4773 Duo-

407 4834 411 4847 .
512 4823 585 4868 esse
615 4797 913 4880 dominationem,
954 4809 987 4864 et
1021 4804 1272 4863 renovaturum
1305 4794 1488 4863 saeviciam
1529 4791 1944 4881 ‚busparitereuutibus

401 4910 406 4924 “
510 4902 679 4970 adversus
696 4892 935 4981 Christianos,
967 4906 1007 4962 ut
1027 4917 1101 4962 nnn
1122 4892 1234 4962 multo
1255 4907 1334 4982 post
1351 4894 1488 4968 accidit.
1641 4889 1798 4961 Multum
1816 4894 1924 4982 igitur
1943 4893 2077 4983 profuit
2092 4888 2267 4966 Ecclesiae
2281 4893 2410 4969 horum
2428 4900 2521 4970 duo·

509 4999 644 5094 Estque
671 4997 818 5088 insignis
845 5009 878 5065 et
908 4993 1086 5064 luculenta
1118 4993 1305 5083 descriptio
1328 5009 1488 5085 gestuum
1539 5014 1620 5060 rum
1643 4991 1865 5079 coniunctio,
1895 5018 1975 5063 cum
1997 4994 2085 5062 alter
2114 4995 2264 5066 alterum
2292 5013 2454 5071 moneret
2485 5021 2520 5075 et

509 5101 640 5171 Iuliani
660 5104 752 5192 apud
773 5095 1051 5182 Nazianzenum,
1076 5120 1116 5166 ex
1138 5095 1266 5189 quibus
1281 5095 1488 5170 vaticinatus
1540 5093 1779 5178 confirmaret,
1821 5107 1854 5164 et
1891 5095 1996 5162 ambo
2031 5097 2289 5169 consentientes
2321 5101 2517 5170 vicinorum
2575 5149 2580 5158 -

498 5217 578 5293 est,
599 5203 713 5293 qualis
727 5203 866 5272 futurus
883 5213 982 5271 esset.
1540 5193 1764 5262 concordiam
1792 5195 1992 5265 retinerent.
2051 5193 2120 5265 Sed
2149 5210 2328 5292 utrunque
2349 5199 2444 5270 Deus
2474 5223 2515 5281 er

608 5299 688 5371 Etsi
706 5301 799 5369 enim
822 5323 966 5388 magnae
982 5312 1063 5368 sunt
1079 5298 1232 5366 latebrae
1247 5312 1427 5386 pectorum
1449 5298 1486 5366 in
1540 5295 1601 5362 illo
1617 5293 1819 5363 dulcissimo
1835 5317 1969 5364 secessu
1991 5293 2030 5362 in
2045 5297 2154 5365 aciem
2170 5311 2206 5368 et
2219 5299 2257 5367 in
2277 5321 2401 5388 magua
2413 5321 2516 5387 prae·

507 5405 680 5496 improbis
702 5415 736 5470 et
758 5401 901 5482 astutis,
933 5413 965 5467 et
980 5397 1186 5469 artificiosae
1201 5397 1438 5466 sunt'ironiae
1453 5412 1487 5467 et
1537 5395 1586 5462 lia
1610 5394 1742 5464 eduxit.
1797 5392 2105 5487 Basilium‘patria
2126 5400 2263 5470 vocavit
2282 5401 2327 5468 ad
2346 5394 2516 5491 Episcopi

506 5506 736 5576 consiliorum
755 5497 1021 5569 occultationes:
1052 5510 1171 5566 tamen
1186 5509 1329 5565 naturae
1342 5520 1485 5586 perver·
1538 5516 1683 5577 munus,
1716 5497 1779 5564 ubi
1804 5520 1883 5565 cum
1913 5493 2128 5586 Imperatore
2157 5497 2304 5570 Valente
2326 5519 2452 5586 magna
2480 5503 2516 5570 ei

504 5610 586 5678 sitas
602 5632 642 5676 ex
658 5600 864 5676 monstrosis
879 5597 1032 5687 gestibus
1047 5610 1081 5665 et
1098 5595 1175 5664 aliis
1192 5594 1301 5682 signis
1320 5597 1484 5665 animad-
1536 5595 1888 5670 certaminaluerunt.
1939 5596 2153 5687 Gregorium
2167 5622 2268 5669 senex
2290 5610 2387 5687 pater
2398 5620 2517 5688 egres-

500 5709 590 5781 verti
609 5724 734 5800 potest.
793 5701 912 5776 Verba
933 5695 1146 5772 Nazianzeni
1169 5698 1212 5767 de
1232 5695 1372 5767 Iuliano
1396 5690 1483 5766 baec
1534 5715 1738 5765 susannam
1752 5697 2019 5788 nonagesimum
2035 5700 2105 5770 sibi
2117 5699 2295 5787 adiunxit,
2319 5712 2360 5771 ut
2373 5699 2517 5776 doceret
