6025 6775
487 777 560 852 175
948 699 1105 830 ouen
1141 744 1216 820 aa
1253 744 1460 821 causis
1491 693 2027 841 purnuracrronrs.
2425 756 2498 828 aa

489 952 640 1025 mistum
661 941 757 1011 velut
782 929 913 1004 disiicit
927 947 967 994 ac
983 918 1130 1010 dissipat
1149 919 1187 987 iu
1202 940 1262 1004 ea,
1287 918 1470 1011 exquibus
1518 945 1624 1006 num,
1648 920 1688 990 in
1701 945 1772 1014 quo
1786 944 1867 991 eum
1884 921 1976 991 sicco
1997 904 2113 993 terreo
2138 920 2326 996 humidum
2347 948 2500 1019 aqueum

366 1109 370 1116 .
490 1054 620 1124 coierat
635 1036 820 1139 principia.
870 1022 1106 1097 Mutationem
1122 1015 1214 1089 hanc
1232 1017 1316 1088 cieri
1331 1018 1471 1087 eteffi'ci
1519 1036 1647 1093 temere
1661 1022 1848 1091 confusum
1862 1023 2036 1103 cernitur,
2062 1024 2234 1115 tantisper
2250 1028 2363 1095 donec
2383 1023 2499 1098 ethoc

491 1158 595 1225 docet
622 1171 646 1216 a
672 1141 786 1212 calore
809 1140 992 1207 extraneo,
1024 1122 1152 1205 idest,
1180 1120 1411 1188 immoderato
1437 1131 1471 1188 et
1521 1144 1634 1217 aquea
1664 1115 1813 1191 humido
1844 1123 2012 1213 paulatim
2044 1137 2285 1208 exarescente,
2323 1125 2501 1218 reliquum

493 1257 618 1345 igneo,
641 1258 786 1315 accenso
802 1230 841 1297 in
857 1222 1054 1295 substantia
1077 1221 1178 1289 mixti
1198 1221 1243 1289 de
1266 1221 1388 1289 nativo
1413 1243 1472 1287 ca·
1521 1224 1673 1293 terrellm
1704 1221 1742 1289 in
1772 1222 1925 1290 cinerem
1944 1222 2137 1311 ,redigitur
2213 1223 2383 1295 Alienum
2419 1249 2502 1295 vero

494 1359 570 1425 lore
586 1351 623 1417 in
637 1341 790 1411 alienum
807 1352 869 1399 seu
884 1328 1047 1416 igneum,
1071 1334 1144 1391 tota
1162 1343 1244 1390 suae
1258 1319 1472 1389 substantiae
1522 1319 1663 1393 huucct
1682 1321 1824 1413 igneum
1841 1322 1992 1391 calorem
2013 1324 2058 1391 ab
2078 1323 2198 1416 aliquo
2222 1337 2366 1393 externo
2388 1326 2504 1394 calore

493 1436 771 1524 inflammatione
810 1449 990 1499 converso.
1062 1420 1165 1490 Hanc
1200 1420 1312 1490 nativi
1347 1419 1474 1489 caloris
1509 1422 1689 1505 accendi,
1729 1422 1877 1491 minime
1898 1424 1956 1490 vel
1984 1423 2173 1492 obscurum
2195 1424 2252 1490 vel
2271 1424 2420 1492 dubium
2442 1440 2506 1495 est.

494 1537 704 1639 ignescentia
725 1530 977 1606 mutationem,
1000 1537 1038 1593 ul
1061 1525 1317 1591 demonstraret
1334 1516 1475 1590 Aristo·
1524 1523 1595 1595 Sed
1614 1524 1708 1592 unde
1722 1534 1885 1592 externus
1899 1521 1960 1591 ille
1979 1525 2139 1608 accedat,
2163 1536 2198 1593 et
2221 1522 2400 1615 quomodo
2423 1525 2506 1615 qui-

494 1652 599 1728 teles,
634 1635 742 1730 paulo
771 1631 874 1701 aliter
902 1648 1006 1717 quam
1031 1620 1189 1691 Galenus
1213 1621 1335 1690 definit
1354 1634 1472 1710 putre·
1525 1625 1635 1695 busve
1651 1625 1696 1692 de
1713 1622 1825 1692 causis
1841 1637 1875 1692 et
1887 1623 2131 1693 occasionibus
2147 1624 2288 1693 nativus
2300 1623 2345 1692 ab
2360 1637 2503 1693 esterno

494 1746 704 1821 factionem,
729 1723 885 1829 φθορὰν
905 1729 969 1843 ²⁷3?
987 1723 1028 1792 ἐν
1049 1714 1191 1813 ἑκάστῳ
1212 1716 1320 1817 157οῷ
1343 1716 1477 1801 vitelas
1526 1724 1785 1816 circumventus
1822 1722 2052 1816 obsessusque
2084 1735 2146 1793 aut
2179 1736 2368 1813 occupatus
2403 1723 2507 1791 effer-

369 1912 379 1920 .
496 1845 561 1921 καὶ
582 1833 679 1916 κατὰ
700 1827 816 1931 φύσιν
834 1828 1062 1920 &apparator
1087 1817 1146 1891 ὑπ’
1171 1816 1364 1914 oiltocpe'ac
1385 1819 1476 1914 dep-
1526 1834 1644 1892 vescat
1659 1823 1697 1890 in
1712 1822 1873 1911 igneum,
1898 1824 2101 1913 praesertim
2118 1823 2156 1891 io
2177 1822 2384 1914 corporibus
2403 1823 2507 1903 vivis,

498 1944 673 2045 μὸτητος,
700 1950 735 2005 et
755 1941 856 2002 vocat
873 1918 1028 2021 φθορὰν
1051 1926 1115 2013 τῆς
1137 1916 1271 1999 οἰκείας
1291 1913 1477 2014 &spatiaq-
1527 1922 1675 1993 minime
1691 1923 1901 2015 explicatum
1915 1937 1977 1997 est.
2029 1922 2098 1994 Sed
2117 1935 2149 1991 et
2165 1923 2276 1993 nativi
2292 1923 2419 1991 caloris
2433 1948 2507 1993 non

498 2074 582 2131 τος,
615 2048 734 2113 aereae
754 2056 795 2102 ac
816 2039 1029 2115 temperatae
1047 2021 1263 2092 substantiae
1286 2021 1397 2091 nativi
1421 2044 1478 2090 ca-
1529 2023 1697 2109 unumjn
1712 2023 1921 2115 corporibus
1936 2024 2053 2093 mixtis
2067 2045 2196 2112 genus,
2222 2047 2337 2116 neque
2356 2023 2434 2093 idea
2451 2049 2508 2093 re-

501 2149 608 2228 loris,
641 2160 729 2233 quac
750 2146 785 2202 et
804 2128 913 2197 misto
936 2117 1144 2215 συμμετρὸς
1165 2135 1233 2205 est,
1266 2122 1480 2212 caeterisque
1530 2124 1665 2216 peritur
1685 2145 1777 2208 uua,
1804 2124 2008 2213 praesertim
2032 2124 2209 2197 animatis.
2272 2122 2363 2192 Nam
2390 2138 2424 2194 et
2450 2148 2508 2194 ra-

496 2254 542 2321 in
558 2247 669 2316 mixto
693 2236 947 2305 elementorum
969 2222 1194 2316 portionibus
1217 2212 1417 2317 ἀνάλογος,
1445 2234 1480 2290 et
1531 2224 1628 2293 tione
1651 2223 1914 2307 convincimur,
1955 2238 1990 2293 et
2020 2247 2109 2314 pene
2136 2224 2318 2293 oculorum
2333 2225 2509 2308 ,doeemur

502 2349 652 2421 mixtum
681 2333 789 2425 regit,
821 2326 945 2408 aflicit,
976 2323 1125 2393 sustinet
1152 2334 1257 2414 atque
1287 2335 1481 2399 conservat,
1533 2345 1648 2408 seusu,
1670 2322 1821 2392 calorem
1833 2325 2100 2413 temperamenti
2117 2321 2174 2418 (ut
2186 2320 2330 2418 vocant)
2349 2324 2411 2415 qui
2428 2348 2509 2415 par.

504 2442 737 2521 mutationem
760 2432 799 2498 in
825 2417 1062 2518 ἀσύμμετρον
1085 2434 1120 2491 et
1142 2420 1303 2509 igneum,
1336 2424 1398 2511 qui
1420 2421 1483 2490 de-
1533 2424 1629 2493 tibus
1641 2423 1871 2492 innascitura
1888 2424 2001 2513 prima
2016 2424 2171 2512 origine,
2191 2423 2319 2513 partim
2335 2425 2380 2492 ile
2396 2425 2511 2493 calore

505 2545 613 2623 struit
628 2563 669 2610 ac
686 2528 848 2606 dissolvit
868 2548 998 2595 nexum
1020 2536 1124 2614 atque
1144 2521 1311 2591 coalitum
1327 2520 1482 2589 elemen—
1536 2522 1701 2592 materiae
1716 2517 1940 2613 procreatus,
1964 2524 2091 2613 partim
2114 2524 2149 2591 vi
2166 2536 2199 2592 et
2223 2523 2373 2593 efficacia
2390 2546 2511 2593 causa-

506 2668 647 2724 torum,
677 2649 712 2705 et
733 2629 887 2702 actiones
907 2646 1029 2694 omnes
1050 2623 1160 2691 mixto
1184 2621 1364 2711 proprias,
1398 2644 1484 2712 quas
1535 2645 1615 2693 rum
1629 2623 1857 2693 formantium
1875 2622 2084 2712 impressus,
2105 2623 2249 2692 differre
2263 2625 2308 2692 ab
2326 2647 2367 2692 eo
2384 2625 2511 2708 calore,

508 2736 689 2831 οὖσιώδης
708 2734 821 2803 illast
843 2723 1046 2796 hamarim
1062 2721 1237 2811 copulatio
1254 2721 1486 2791 consociatio·
1536 2721 1598 2815 qui
1615 2721 1653 2790 iu
1667 2724 1773 2791 carde
1785 2721 1885 2791 fonte
1905 2722 2032 2791 caloris
2052 2736 2089 2793 et
2109 2725 2200 2793 vitae
2224 2724 2269 2791 de
2291 2725 2511 2795 nutrimento

510 2872 591 2947 que,
612 2864 652 2911 ae
665 2828 847 2907 consensio
861 2826 1114 2896 elementorum
1129 2825 1280 2893 durante
1295 2846 1335 2891 ac
1348 2822 1487 2910 vigente
1535 2821 1706 2913 peculiari
1734 2822 1962 2912 exprimitur,
1991 2822 2143 2914 indeque
2167 2822 2322 2914 impulsu
2345 2824 2514 2916 fluxuque

508 2944 612 3021 ruisti
625 2931 873 3011 constitutione
887 2925 1054 2996 ediderat.
1537 2923 1707 2993 continuo
1720 2922 1882 2992 funditur
1896 2946 1937 2989 ac
1959 2935 2174 3013 propagatur
2195 2922 2233 2989 in
2252 2935 2363 2992 totum
2385 2948 2514 3015 corpus

610 3031 858 3127 Corruptionis
871 3025 1067 3103 mentione,
1092 3021 1261 3093 discernit
1275 3022 1487 3112 praeceden·
1539 3046 1600 3113 per
1614 3023 1771 3105 arterias,
1790 3045 1831 3091 ac
1846 3011 2111 3112 temperamenti
2124 3022 2275 3091 calorem
2291 3023 2427 3108 excitat,
2451 3047 2513 3092 ve·

510 3169 563 3226 tes
584 3139 807 3218 alterationes
828 3154 847 3200 a
869 3125 1062 3197 mutatione
1077 3122 1311 3210 substantiae,
1341 3133 1489 3214 quaeat
1538 3135 1631 3211 getat
1645 3135 1680 3192 et
1695 3121 1859 3195 viviticat.
1910 3121 2032 3190 Alium
2048 3122 2152 3191 etiam
2177 3146 2216 3191 ac
2241 3121 2419 3192 diversum
2441 3146 2516 3193 esse

492 3242 692 3336 'corruptio
716 3232 832 3309 amnis
853 3224 1141 3324 (alterationibus
1165 3246 1255 3316 quae
1278 3225 1490 3291 antecedunt
1539 3222 1691 3293 calorem
1716 3222 1848 3313 plantis
1867 3222 2113 3312 plantarumre
2140 3221 2337 3303 radicibus,
2369 3224 2517 3292 semini-

513 3338 705 3431 absolutis)
726 3331 906 3428 peragitur
929 3326 1071 3398 undem
1099 3322 1138 3393 in
1154 3335 1343 3392 momento
1366 3320 1490 3393 solutis
1540 3323 1607 3392 bus
1631 3333 1693 3391 aut
1716 3321 1890 3393 fructibus
1907 3321 2124 3410 ingenitum,
2149 3323 2194 3392 ab
2219 3345 2279 3407 eo,
2305 3323 2367 3416 qui
2387 3325 2516 3415 partim

515 3464 679 3536 compage
706 3450 741 3507 et
768 3429 910 3502 vinceda
939 3441 1042 3519 atque
1068 3447 1133 3495 ceu
1162 3419 1426 3494 dehiscentibus
1451 3445 1491 3490 ac
1541 3424 1692 3493 deterre
1708 3423 1935 3510 solisfotaac
1951 3435 2108 3513 percocta
2127 3423 2443 3493 radiisministerio
2459 3447 2518 3493 ra·

515 3537 776 3621 discedentibus
792 3556 812 3601 a
827 3551 899 3598 sese
921 3527 1072 3596 invicem
1095 3538 1130 3595 et
1149 3524 1188 3592 in
1209 3524 1362 3615 priorem
1385 3536 1491 3592 natu·
1541 3523 1660 3592 dicum
1680 3524 1858 3613 erugitur,
1892 3518 2152 3615 attrahiturque
2173 3547 2213 3594 ac
2232 3522 2457 3596 distribuitur
2478 3524 2518 3593 in

515 3672 593 3722 ram
613 3637 782 3734 paulatim
803 3628 1032 3703 redeuntibus
1058 3624 1247 3696 elementis.
1311 3621 1493 3692 Praecedit
1542 3623 1681 3712 plautae
1710 3645 1858 3711 corpus,
1903 3622 2032 3710 partim
2061 3626 2105 3689 de
2132 3636 2295 3694 contactu
2322 3623 2520 3696 circumflui

517 3750 612 3822 enim
626 3735 887 3829 corruptionem
902 3725 996 3799 hane
1014 3725 1126 3796 nativi
1145 3723 1437 3815 calorisprimum
1454 3721 1492 3789 in
1542 3721 1632 3792 adria
1649 3716 1878 3802 inhaerescit,
1902 3731 1936 3787 et
1956 3719 2101 3788 insitum
2125 3721 2225 3809 prius
2248 3745 2288 3789 ac
2313 3747 2377 3792 ceu
2397 3725 2520 3794 abtru.

517 3850 628 3922 misto
651 3836 744 3933 ζέσις
758 3850 793 3906 et
813 3831 901 3901 levis
918 3829 1063 3921 quidam
1078 3826 1214 3907 fervor,
1238 3824 1312 3894 sola
1327 3823 1494 3916 qualitate
1543 3843 1622 3893 sum
1641 3820 1878 3913 latentemque
1898 3818 2048 3887 calorem
2072 3819 2257 3909 provocat,
2282 3822 2377 3889 acuit
2400 3837 2433 3890 et
2459 3848 2519 3892 ro-

519 3945 714 4024 accessione
730 3938 901 4027 graduum
917 3929 1053 4021 aliquot
1073 3949 1133 3995 seu
1154 3926 1353 3995 intensione
1369 3921 1495 3993 caloris
1545 3925 1659 3993 borat.
1715 3917 1854 3990 Vocant
1876 3932 1992 4003 autem
2012 3914 2108 3988 hunc
2129 3921 2279 3988 calorem
2300 3919 2519 3992 influentem.

520 4045 715 4122 secundum
745 4035 873 4126 gradus
896 4040 1113 4118 augescente.
1176 4024 1312 4096 Feruor
1339 4044 1495 4094 crescens
1545 4021 1642 4093 Mira
1660 4018 1736 4091 eius
1753 4021 1807 4090 vis
1829 4033 1864 4090 et
1884 4032 2028 4104 natura,
2052 4021 2256 4112 praesertim
2278 4020 2374 4089 illius
2396 4022 2519 4114 quiin

522 4141 714 4224 exardescit
734 4138 773 4206 in
794 4126 983 4232 φλόγωσιν
1000 4141 1034 4199 et
1057 4126 1371 4225 inflammatiopem
1394 4124 1496 4193 inva-
1546 4121 1779 4192 animantium
1806 4121 1974 4190 cordibus
1992 4121 2212 4206 accenditur,
2245 4134 2280 4191 et
2307 4120 2405 4209 origo
2429 4123 2521 4194 mira

520 4257 672 4326 lescente
689 4261 777 4333 pene
792 4236 836 4306 ad
852 4252 1030 4303 summum
1041 4229 1176 4312 calore,
1200 4249 1366 4318 compage
1379 4238 1496 4297 tamen
1547 4220 1789 4314 explicatoque
1815 4243 1983 4313 perquam
2013 4221 2187 4306 difficilis,
2227 4221 2285 4290 vel
2316 4221 2433 4311 potius
2453 4225 2522 4293 ob·

521 4350 625 4425 mixti
647 4356 750 4436 atque
771 4332 1021 4408 corastitutione
1040 4330 1201 4398 nondum
1223 4328 1329 4399 laesa.
1395 4323 1497 4392 Hanc
1547 4343 1648 4392 scura
1670 4343 1814 4412 prorsus
1836 4334 1870 4391 et
1888 4322 2113 4402 abscondita,
2151 4322 2240 4391 mira
2264 4322 2416 4414 denique
2439 4341 2523 4394 cum

523 4453 667 4526 tandem
684 4441 754 4513 nisi
770 4449 831 4508 aut
841 4447 987 4504 naturae
1008 4430 1119 4498 robur
1141 4427 1311 4517 impediat
1332 4436 1393 4496 aut
1414 4447 1498 4515 pro-
1548 4447 1590 4493 eo
1619 4421 1734 4492 calore
1758 4420 1820 4515 qui
1848 4418 2012 4516 ἔμφυτος
2031 4422 2174 4514 proprie
2196 4435 2230 4493 et
2252 4415 2445 4518 σύμφυτος
2471 4440 2524 4498 est

523 4551 645 4622 hibeat
658 4565 762 4633 opera
780 4537 886 4618 artis,
911 4530 1069 4624 sequitur
1090 4549 1130 4595 ea
1151 4528 1196 4595 de
1208 4550 1277 4617 qua
1293 4523 1498 4596 Aristoteles
1547 4523 1708 4611 coguatio
1722 4536 1827 4616 atque
1840 4521 2096 4595 convenientia.
2144 4518 2288 4593 Etenim
2311 4524 2408 4594 calor
2428 4518 2524 4617 σύμ-

524 4648 685 4740 loquitur
704 4631 835 4733 φθορὰ
860 4636 929 4704 τοῦ
952 4621 1120 4723 ἐμφύτου
1138 4623 1297 4717 θερμοῦ.
1349 4624 1499 4716 Utrique
1550 4647 1683 4719 φυτος,
1709 4623 1740 4692 si
1760 4623 1853 4692 absit
1869 4622 2040 4705 influens,
2061 4646 2143 4690 mox
2160 4625 2390 4712 elanguescit,
2414 4627 2525 4714 perit-

526 4749 635 4838 igitur
654 4734 836 4810 Aristoteli
850 4747 885 4801 et
899 4729 1036 4799 Galeno
1060 4723 1259 4816 proximum
1277 4721 1341 4795 scal
1362 4720 1499 4819 oigalpa
1550 4746 1619 4816 que
1635 4738 1669 4794 et
1684 4725 1721 4791 in
1737 4723 1880 4812 igneum
1899 4735 2074 4792 exaestuat
2089 4724 2134 4791 ab
2149 4737 2313 4793 extraneo
2329 4748 2526 4815 oppressus,

527 4867 617 4921 στον
637 4839 756 4913 αἴτιον
779 4825 1042 4926 putrefactionis
1064 4836 1116 4894 cst
1136 4822 1272 4893 alienus
1293 4846 1353 4893 seu
1377 4820 1500 4911 igneus
1550 4823 1620 4892 nisi
1635 4825 1671 4895 lo
1729 4823 1798 4893 ntis
1813 4822 2012 4896 roboretur.
2060 4821 2141 4892 Non
2162 4824 2276 4894 obniti
2295 4826 2390 4892 enim
2414 4839 2450 4896 et
2468 4851 2528 4897 re-

527 4950 643 5028 calor,
666 4936 785 5034 quiin
800 4930 911 5000 mixto
932 4927 1111 5011 incensus,
1136 4938 1171 4995 et
1190 4923 1416 4994 confirmatus
1436 4947 1502 5014 op-
1552 4847 1918 5016 sisterehhtmeoioni
1937 4922 2146 5014 potentioris
2167 4924 2293 4993 caloris
2314 4925 2527 4995 imbecillior

525 5046 668 5144 primit,
707 5033 877 5124 eliditque
898 5027 1058 5099 nativum
1084 5050 1125 5097 ae
1152 5023 1368 5096 dominatur.
1432 5020 1502 5093 Hie
1552 5025 1626 5114 ipse
1639 5036 1763 5115 potest.
1805 5020 1962 5092 lnflueus
1976 5023 2005 5092 si
2021 5024 2250 5114 proportione
2264 5038 2298 5096 et
2311 5026 2421 5095 calori
2437 5039 2525 5093 tem-

424 5172 427 5177 ·
528 5152 624 5222 calor
642 5165 724 5212 mox
742 5130 915 5214 absumit,
947 5124 1168 5199 exhauritur
1190 5127 1336 5217 dissipat
1362 5141 1502 5197 aereum
1552 5124 1746 5216 paramenti
1763 5137 1798 5194 et
1815 5123 1924 5193 totius
1947 5124 2049 5192 mixti
2071 5108 2286 5196 substantiae
2308 5125 2528 5214 respondeat,
2562 5122 2567 5132 ’

526 5245 732 5323 humidum,
755 5235 850 5327 quod
866 5231 1025 5302 nativum
1041 5229 1192 5296 calorem
1206 5240 1240 5296 et
1254 5222 1369 5307 vehit,
1393 5239 1429 5297 et
1441 5225 1504 5294 alit
1554 5238 1630 5294 tum
1643 5225 1707 5295 alit
1722 5225 1873 5295 calorem
1888 5225 2004 5316 ipsum
2018 5225 2182 5317 acuitque
2195 5226 2268 5294 vim
2283 5224 2357 5293 eius
2368 5236 2402 5293 et
2415 5225 2527 5293 actio-

527 5355 702 5435 fovetque.
753 5327 1086 5420 Quaredristoteles
1099 5320 1234 5393 humidi
1252 5327 1402 5396 calorem
1419 5348 1504 5394 con-
1547 5348 1636 5409 ·nes,
1660 5338 1737 5396 tum
1755 5324 1902 5395 mixtum
1924 5338 2106 5396 conservat
2128 5327 2370 5414 defenditque,
2395 5345 2440 5389 ne
2464 5326 2528 5392 de-

531 5442 679 5524 tinentis
693 5431 871 5509 meminit,
895 5442 929 5498 et
943 5425 1102 5496 Galenus
1128 5418 1223 5492 hunc
1247 5428 1341 5516 epoti
1366 5421 1505 5494 humidi
1554 5425 1721 5495 trimento
1751 5425 1870 5517 aliquo
1900 5425 2089 5510 alliciatur,
2136 5426 2175 5496 Si
2208 5426 2252 5495 sit
2281 5413 2527 5515 ἀσύμμετρος,

529 5576 570 5634 ac
583 5539 708 5619 caloris
726 5525 962 5604 evanescentis
978 5524 1151 5592 defectum
1166 5523 1298 5595 indicat
1312 5523 1506 5595 mutatione
1555 5546 1657 5592 causa
1671 5539 1723 5594 est
1737 5526 1976 5618 corruptionis
1990 5527 2120 5611 mixto,
2145 5529 2204 5594 sed
2226 5548 2300 5594 uon
2321 5547 2393 5591 uno
2412 5528 2530 5594 modo.

531 5651 639 5725 totius
654 5631 867 5711 substantiae
880 5627 925 5694 ad
938 5621 1223 5712 corruptionem,
1242 5648 1334 5715 quae
1349 5649 1430 5693 mox
1451 5644 1507 5689 se·
1556 5619 1595 5691 Si
1614 5622 1777 5709 langueat
1792 5628 1906 5710 enim,
1931 5648 2148 5715 comparum
2167 5628 2360 5696 admodum
2374 5626 2533 5694 conferat

531 5752 653 5845 quitur
666 5733 839 5811 dissoluta
856 5750 895 5797 ac
911 5724 1089 5796 dilabente
1110 5723 1232 5794 mixto.
1281 5721 1370 5791 Nam
1393 5715 1507 5793 ethic
1556 5724 1610 5814 τῷ
1635 5714 1822 5816 συμφύιῳ
1840 5724 1991 5818 θερμῷ,
2028 5725 2067 5794 fit
2090 5737 2131 5793 ut
2153 5727 2304 5796 mixtum
2324 5724 2532 5795 deminuam

530 5855 654 5941 igneus
675 5840 772 5914 calor
793 5831 935 5906 tandem
956 5822 1108 5915 expirat,
1137 5835 1172 5894 et
1193 5820 1409 5914 relinquitur
1428 5841 1509 5894 coe-
1556 5820 1732 5912 praesidio
1754 5834 1789 5894 et
1804 5823 2020 5922 ,adiumento
2049 5822 2141 5910 eius,
2180 5824 2284 5896 facile
2307 5836 2414 5920 atque
2433 5847 2536 5896 occa·
