6025 6775
418 616 494 692 297

415 781 583 857 Cornelio
609 777 736 849 Tacito
766 773 917 864 intelligi
952 788 1077 865 potest.
1136 772 1202 846 Est
1229 790 1343 846 autem
1371 787 1405 845 et

417 885 565 958 Snevica
588 902 692 969 gens,
718 893 759 949 ut
779 873 847 946 Dai
868 891 901 946 et
915 873 1040 962 Sacae,
1066 878 1195 970 quibus
1209 878 1312 948 unica
1326 876 1405 962 fuit,

417 1011 458 1057 ex
479 984 565 1056 Asia
587 984 634 1050 ad
657 976 723 1050 hoc
748 980 850 1051 littus
869 977 1039 1067 paulatim
1061 1000 1253 1070 progressa.
1309 977 1403 1047 Fue·

416 1101 505 1160 runt
520 1085 617 1154 enim
633 1083 672 1152 in
688 1077 771 1151 Asia
787 1076 912 1173 Syevi,
939 1081 1035 1149 unde
1049 1094 1132 1151 sunt
1147 1078 1274 1166 Suedi,
1297 1080 1426 1163 Soio-'²

417 1213 481 1260 nes
504 1200 539 1257 et
562 1184 680 1256 Suevi.
743 1179 913 1268 Rermixti
943 1174 1001 1251 his
1031 1195 1066 1250 et
1085 1179 1215 1253 Heneti
1249 1183 1405 1265 fuerunt,

418 1292 483 1384 qui
498 1309 657 1376 magnam
679 1305 777 1352 oram
800 1281 847 1376 in·
863 1305 905 1352 eo
922 1282 1041 1352 littore
1062 1283 1345 1374 compleverunt,
1370 1294 1404 1353 et

419 1388 534 1462 adhuc
553 1397 684 1458 tenent.

516 1520 655 1591 Horum
671 1541 752 1612 pars
766 1515 884 1589 Sidini
898 1518 1061 1604 luerunt,
1086 1545 1105 1590 a
1125 1521 1254 1615 quibus
1272 1517 1403 1591 Stetini

415 1622 603 1719 appellatio
628 1621 765 1713 reliqna
789 1632 850 1693 est.
900 1616 982 1708 Non
1003 1623 1128 1713 procul
1151 1620 1323 1694 aStetino
1339 1645 1400 1713 op·

415 1728 539 1821 pidum
555 1737 606 1792 est
631 1721 807 1806 lulinum,
828 1718 891 1790 uhi
909 1719 1030 1794 influit
1050 1722 1202 1794 Viadrus
1223 1722 1404 1807 inlatum,

417 1828 478 1922 qui
502 1823 699 1896 effunditur
720 1823 760 1890 in
787 1818 994 1910 Oceanum,
1030 1839 1064 1896 et
1089 1840 1213 1918 portus
1234 1837 1287 1895 est
1307 1848 1404 1893 com-

417 1926 656 1999 modissimus.

492 2039 497 2046 ’
519 2042 640 2133 Quare
655 2042 705 2114 ibi
721 2055 866 2134 pmpter
874 2056 1064 2115 mamalum
1081 2044 1188 2116 fuisse
1202 2044 1288 2115 olim
1302 2044 1405 2114 aiunt

418 2148 571 2238 amplam
587 2146 724 2229 urbem,
750 2167 855 2237 quam
864 2141 1033 2216 Venetam
1050 2148 1256 2233 nominant,
1281 2158 1316 2215 et
1329 2145 1405 2214 rui-

417 2273 482 2318 nae
505 2243 622 2316 adhuc
638 2259 846 2317 cernuntur.
899 2244 970 2317 Nec
991 2250 1120 2334 miror,
1150 2250 1186 2317 id
1206 2271 1337 2316 nomen
1354 2245 1404 2313 ibi

364 2355 369 2362 '
417 2350 551 2421 celebre
575 2347 701 2431 luisse,
733 2371 813 2418 cum
839 2348 1068 2419 certissimum
1091 2350 1154 2433 sit,
1180 2348 1232 2417 ibi
1246 2346 1404 2417 Henetus

417 2466 450 2522 et
471 2451 581 2520 luisse
604 2463 638 2518 et
659 2472 743 2522 esse.
802 2448 842 2518 ln
866 2473 909 2518 eo
932 2450 1063 2540 oppido
1082 2449 1198 2520 lulino
1225 2461 1329 2550 natus
1353 2461 1403 2517 est

417 2553 570 2622 loannes
592 2547 841 2640 Bugenhagius
865 2552 903 2617 in
929 2550 1062 2619 familia
1085 2547 1231 2620 honesta
1248 2563 1284 2621 et
1301 2574 1401 2619 sena-

417 2652 525 2736 toria,
551 2653 608 2721 die
626 2652 721 2722 lunii
736 2652 799 2723 24.
821 2647 1036 2725 anni1485.
1061 2676 1156 2722 anno
1178 2667 1259 2722 ante
1285 2651 1402 2721 Maxi-

416 2754 554 2824 miliani
580 2756 857 2825 coronationem.
916 2746 964 2822 Et
988 2767 1132 2838 naturae
1154 2755 1266 2824 robur
1293 2754 1402 2842 signi-

415 2858 493 2927 ficat
508 2857 710 2925 coniunctio
722 2852 868 2922 Saturni
882 2867 915 2924 et
927 2852 1017 2924 lovis
1034 2857 1070 2924 in
1086 2856 1246 2948 Scorpio.
1286 2854 1402 2923 Simul

416 2972 531 3038 autem
552 2971 586 3028 et
600 2954 789 3024 domestica
802 2955 987 3048 disciplina
1006 2971 1039 3027 et
1059 2954 1199 3028 scholae
1214 2969 1402 3048 consuetu7

414 3060 497 3128 dine
512 3050 761 3144 Bugenhagius
783 3057 822 3126 in
845 3059 994 3148 pueritia
1019 3063 1061 3127 ad
1077 3054 1315 3130 Christianam
1334 3079 1401 3126 κα-

412 3153 567 3250 τήχησιν
588 3157 806 3226 adsuefactus
828 3172 900 3243 est,
934 3173 967 3227 et
991 3183 1071 3227 cum
1091 3158 1353 3229 Grammaticen
1370 3171 1403 3225 et

413 3256 592 3324 Marsicam
617 3253 813 3337 didicisset,
847 3258 885 3324 in
908 3235 1135 3326 A'cademiam
1160 3252 1403 3349 Gryphesval-

414 3358 560 3424 densem
574 3354 701 3425 missus
716 3368 778 3430 est.
829 3353 885 3426 lbi
900 3370 934 3426 et
948 3357 1161 3452 tyrocinium
1177 3356 1319 3446 linguae
1333 3355 1402 3426 La-

412 3454 511 3525 tinae
531 3456 657 3525 melius
683 3452 829 3543 habuit,
862 3471 897 3528 et
923 3455 1140 3528 Dialecticen
1168 3470 1203 3527 et
1231 3458 1402 3528 elementa

412 3550 581 3649 Physices
596 3556 733 3631 didicit.

514 3668 602 3744 Erat
619 3688 744 3745 natura
767 3699 839 3744 non
863 3676 977 3745 solum
993 3699 1100 3765 capax
1117 3677 1317 3761 doctrinae,
1342 3679 1401 3745 sed

415 3777 517 3848 etiam
541 3776 662 3865 avida,
690 3790 724 3845 et
746 3776 984 3844 accendebant
1006 3774 1210 3845 aviditatem
1232 3791 1301 3845 tem
1330 3801 1403 3862 ora,

415 3879 496 3972 quia
523 3877 594 3946 iam
615 3874 721 3966 Hegii
743 3873 1012 3947 Daventriensis
1037 3889 1071 3947 et
1092 3872 1276 3967 Redolphi
1296 3801 1402 3967 ,lgri-

416 3981 510 4050 colae
535 3992 569 4049 et
600 3976 798 4047 Hermanni
822 3973 968 4047 Buschii
999 3977 1139 4068 scriptis
1166 3990 1279 4047 taxata
1303 3993 1402 4050 erant

415 4078 559 4153 Soloeca
576 4081 735 4172 priorum
751 4093 962 4169 temporum,
987 4096 1021 4148 et
1031 4078 1261 4147 revocabatur
1276 4078 1401 4148 iuven-

414 4196 472 4254 tus
488 4186 530 4251 ad
550 4181 770 4272 diligentiam
786 4182 913 4251 rectius
929 4180 1118 4273 loquendi,
1146 4179 1280 4248 semina
1296 4181 1400 4249 etiam

416 4282 571 4355 Graecae
589 4285 730 4372 linguae
747 4285 1011 4372 spargebantur.
1063 4281 1159 4351 Haec
1184 4280 1280 4350 velut
1296 4306 1401 4351 auro-

414 4411 454 4457 ra
469 4387 710 4456 doctrinarum
733 4385 838 4453 bonis
861 4384 1018 4480 ingeniis
1036 4382 1290 4455 iucundissima
1316 4396 1400 4453 erat.
1433 4375 1443 4383 ’

417 4484 601 4579 llagrabat
615 4487 723 4576 igitur
732 4487 936 4557 adolescens
949 4485 1068 4557 studio
1082 4483 1259 4564 discendi,
1286 4498 1321 4555 et
1338 4509 1401 4554 cu-

413 4590 495 4680 pide
510 4590 646 4678 legehat
663 4602 795 4658 veteres
811 4589 954 4676 linguae
968 4585 1115 4658 Latinae
1133 4585 1340 4675 scriptores,
1368 4600 1403 4656 et

414 4693 502 4760 sein
518 4692 702 4762 scribenda
731 4691 843 4760 soluta
869 4689 1048 4772 oratione,
1073 4703 1109 4758 et
1129 4686 1169 4757 in
1184 4712 1396 4776 componen-

415 4795 462 4861 do
485 4794 638 4862 carmine
661 4794 854 4879 exercebat.
907 4790 997 4863 Cum
1020 4791 1090 4859 iam
1114 4789 1320 4878 vigesimum
1337 4814 1400 4858 an·

416 4915 504 4960 num
520 4895 706 4981 attigisset,
732 4896 771 4965 in
784 4895 919 4985 oppido
937 4891 1069 4983 Trepta
1094 4893 1219 4960 docere
1236 4891 1400 4963 iuventu-

415 5005 488 5064 tem
505 4994 607 5082 cepit,
631 4996 714 5078 ubi,
738 4997 820 5089 quia
836 4996 977 5085 linguae
991 4993 1141 5067 Latinae
1150 4993 1310 5063 exercitia
1327 5019 1401 5061 me-

412 5094 505 5165 liora
524 5106 641 5177 erant,
667 5120 769 5185 quam
795 5098 834 5166 in
851 5098 929 5167 aliis
952 5091 1101 5182 scholis,
1127 5100 1220 5167 fama
1236 5096 1403 5187 frequen-

413 5196 498 5271 tiam
516 5189 661 5264 scholae
676 5196 784 5284 ipsius
802 5201 959 5288 augebat.

420 5360 424 5367 ·
512 5327 603 5400 Cum
622 5342 737 5400 autem
754 5332 954 5423 adolescens
969 5334 1125 5404 studiose
1139 5332 1316 5402 didicisset
1332 5332 1401 5400 ele·
1437 5359 1439 5362 ⁴

415 5447 529 5501 menta
547 5432 732 5502 doctrinae
746 5429 967 5505 Christianae
986 5451 1158 5530 quantum
1176 5447 1261 5503 tnnc
1278 5433 1403 5524 potnit,

415 5550 447 5606 et
462 5530 607 5604 haberet
630 5535 733 5605 initia
758 5557 879 5604 earum
905 5538 1096 5619 virtutum,
1122 5561 1209 5630 quas
1223 5535 1317 5605 lilius
1334 5531 1402 5604 Dei

415 5633 696 5725 voceEvangelii
712 5651 747 5709 et
763 5636 900 5729 Spiritu
917 5651 1037 5709 sancto
1052 5641 1225 5724 accendit,
1251 5638 1402 5707 libenter

415 5750 447 5808 et
471 5740 616 5811 adsidue
641 5740 727 5830 legit
747 5741 876 5833 scripta
900 5739 1107 5832 prophetica
1138 5757 1173 5814 et
1197 5741 1402 5833 apostolica,
1428 5782 1430 5787 >

1003 597 1162 678 nucu.
1195 602 1268 679 nn
1300 557 1439 678 vira
1473 593 1860 719 uuuunuauu.

2367 601 2443 680 298

1457 785 1492 841 et
1514 766 1679 842 adhibuit
1695 772 1936 843 enarrationes
1949 769 2161 869 Hieronymi
2186 789 2220 843 et
2239 771 2442 865 Augustini,

1457 888 1490 968 et
1511 873 1680 942 miscebat
1700 874 1956 963 precationem,
1982 900 2102 969 quase
2124 875 2243 945 doceri
2260 890 2295 947 et
2313 878 2441 965 guber-

1456 973 1535 1044 nari
1558 974 1713 1064 petebat,
1738 985 1773 1042 et
1795 999 1875 1046 vera
1889 977 2019 1068 pietate
2030 973 2145 1047 Deum
2169 976 2316 1052 colebat.
2369 974 2440 1047 Ac-

1456 1088 1636 1145 cesserant
1659 1086 1694 1144 et
1718 1069 1856 1144 Erasmi
1889 1077 2171 1159 lucubrationes,
2203 1103 2293 1171 quae
2321 1092 2442 1150 taxant

1456 1171 1718 1247 Monachorum
1744 1172 2005 1264 histrionicam,
2040 1192 2075 1250 et
2095 1191 2289 1250 statuarum
2314 1181 2440 1248 adora·

1456 1278 1571 1350 tiones
1594 1275 1727 1347 similes
1747 1272 1921 1350 Ethnicis.
1974 1277 2064 1351 Cum
2087 1279 2196 1370 igitur
2213 1281 2330 1352 fontes
2345 1279 2441 1370 lege·

1455 1392 1511 1450 ret
1526 1392 1561 1450 et
1574 1379 1757 1450 veritatem
1781 1392 1982 1470 quaereret,
2006 1405 2080 1454 non
2103 1382 2172 1452 fuit
2187 1381 2289 1451 labor
2306 1382 2439 1455 irritus.

1455 1479 1611 1570 Fugiens
1625 1478 1686 1551 illa
1703 1493 1791 1551 tetra
1800 1482 1996 1571 spectacula
2003 1482 2238 1552 invocationis
2251 1479 2439 1552 hominum

1455 1595 1699 1667 mortuorum,
1732 1584 1889 1672 regulam
1914 1596 1990 1652 toto
2015 1596 2154 1673 pectore
2176 1584 2356 1675 amplexus
2372 1596 2441 1652 est:

1456 1681 1651 1753 Dominum
1675 1677 1790 1753 Deum
1815 1695 1916 1755 tuum
1938 1684 2121 1765 adorabis,
2155 1697 2190 1755 et
2205 1684 2259 1753 illi
2281 1684 2348 1753 soli
2369 1704 2441 1752 ser·

1456 1784 1545 1871 vies3
1580 1799 1613 1856 et
1636 1784 1828 1871 intellexit,
1858 1782 1974 1856 Deum
1996 1781 2183 1856 nouvelle
2205 1786 2273 1855 coli
2296 1781 2443 1855 histrio·

1456 1886 1536 1955 nica
1560 1898 1784 1956 externorum
1805 1901 1985 1976 gestuum,
2011 1890 2071 1957 sed
2093 1887 2137 1956 iis
2157 1887 2365 1971 virtutibus,
2397 1888 2442 1955 de

1454 1987 1586 2083 quibus
1605 1987 1682 2077 ipse
1701 1977 1850 2079 inquitz'
1872 1985 1913 2059 ln
1931 1988 2125 2081 praeceptis
2146 1988 2234 2057 meis
2253 1986 2440 2059 ambulate.

1457 2085 1504 2160 Ut
1521 2089 1628 2178 igitur
1651 2100 1684 2157 et
1698 2088 1878 2157 auditores
1892 2091 1934 2158 ad
1959 2114 2077 2159 veram
2093 2089 2258 2180 pietatem
2276 2088 2441 2173 flecteret,

1456 2214 1620 2260 enarrare
1634 2182 1868 2274 Matthaeum,
1894 2205 1928 2262 et
1936 2186 2132 2281 Epistolam
2146 2191 2190 2259 ad
2200 2184 2442 2273 Timotheum,

1456 2306 1490 2361 et
1511 2291 1670 2361 Psalmos
1694 2290 1733 2358 in
1752 2285 1883 2370 scholis
1898 2293 2008 2383 cepit,
2034 2304 2068 2361 et
2090 2284 2292 2384 κατήχησιν
2316 2291 2440 2359 iuven-

1455 2394 1522 2464 tuti
1538 2392 1702 2478 tradidit,
1727 2392 1848 2485 inqua
1870 2393 2024 2489 symboli
2048 2406 2082 2462 et
2095 2394 2214 2462 decem
2238 2404 2441 2483 praecepto-

1454 2520 1534 2566 rum
1559 2493 1736 2564 enarratio
1769 2507 1862 2581 erat,
1895 2495 1934 2563 in
1965 2519 2033 2589 qua
2056 2494 2344 2564 monstrabantur
2365 2492 2442 2562 veri

1454 2598 1569 2668 cultus
1585 2595 1675 2681 Dei,
1699 2610 1733 2667 et
1755 2597 1913 2688 exempla
1936 2591 2172 2668 Ethnicorum
2193 2593 2321 2664 similia
2344 2607 2441 2663 taxa-

1453 2702 1604 2783 bantur,
1628 2713 1668 2767 ac
1684 2699 1846 2767 docendo
1863 2699 2069 2789 proficiebat
2083 2698 2168 2790 ipse.
2218 2694 2321 2767 Adeo
2343 2707 2440 2784 grata

1453 2799 1523 2889 piis
1540 2795 1624 2867 haec
1639 2800 1678 2867 in
1694 2796 1824 2869 scholis
1846 2799 1951 2868 lectio
1967 2802 2053 2886 fuit,
2079 2813 2122 2870 ut
2135 2802 2177 2869 ad
2199 2822 2275 2868 eam
2292 2796 2441 2866 audien·

1454 2901 1537 2967 dam
1565 2899 1787 2985 accederent,
1818 2913 1851 2969 et
1875 2900 1987 2985 cives,
2020 2914 2054 2970 et
2087 2900 2274 2970 sacrificuli
2299 2911 2334 2968 et
2358 2896 2442 2966 Mo·
2509 2918 2516 2926 ·

1454 2993 1579 3081 nachi,
1612 2996 1674 3089 qui
1700 3007 1773 3065 don
1798 3013 1899 3069 erant
1919 2997 2038 3072 ἄθεοι.
2090 2995 2138 3069 Et
2153 3019 2354 3093 quanquam
2372 2993 2443 3064 Pa-

1453 3114 1529 3171 stor
1552 3121 1626 3169 non
1651 3110 1743 3182 erat,
1769 3099 1827 3166 sed
1851 3111 1988 3167 tantum
2011 3095 2151 3174 scholae
2166 3110 2343 3189 praeerat,
2365 3096 2443 3165 lue·

1454 3215 1541 3272 runt
1554 3215 1673 3270 tamen
1688 3213 1722 3269 et
1736 3194 1934 3268 hortatores
1950 3199 2073 3279 amici,
2098 3199 2190 3267 utin
2207 3197 2340 3288 templo
2357 3218 2443 3264 con·

1455 3303 1672 3383 cionaretur,
1708 3302 1802 3394 quod
1826 3314 1866 3369 ut
1887 3299 2002 3369 facere
2025 3313 2162 3391 posset,
2192 3293 2319 3369 usitato
2342 3320 2442 3367 more

1455 3401 1603 3491 collegio
1626 3403 1911 3494 presbyterorum
1938 3403 2127 3472 adiunctus
2154 3413 2217 3472 est.
2286 3396 2344 3469 Pii
2367 3399 2443 3468 eius

1456 3503 1686 3575 concionibus
1702 3517 1735 3574 et
1751 3503 1974 3573 laetabantur
1990 3518 2023 3574 et
2035 3502 2199 3572 meliores
2214 3501 2354 3571 fiebant.
2395 3496 2443 3571 Et
2499 3522 2501 3527 ·

1454 3608 1546 3677 fama
1570 3604 1752 3702 doctrinae
1776 3604 1906 3694 ipsius,
1932 3628 2013 3673 cunr
2035 3605 2081 3673 ab
2096 3602 2341 3686 auditoribus,
2365 3617 2441 3673 tum

1455 3708 1500 3777 ab
1514 3703 1594 3775 aliis
1611 3704 1679 3774 late
1696 3706 1935 3796 spargebatur.
1986 3701 2036 3775 Et
2050 3705 2134 3800 quia
2147 3704 2278 3773 multos
2290 3699 2444 3797 habebat

1455 3808 1633 3878 auditores
1657 3808 1915 3892 adolescentes,
1945 3818 2048 3876 natos
2070 3807 2108 3874 in
2131 3804 2282 3898 equestri
2307 3804 2443 3887 ordine,

1454 3908 1682 4001 expetebatur
1697 3908 1771 3978 eius
1785 3907 2008 3978 familiaritas
2024 3906 2259 3990 anobilibus,
2283 3928 2325 3975 ac
2340 3929 2444 3997 prae-

1453 4013 1556 4103 cipue
1572 4012 1617 4081 ab
1635 4010 1783 4080 eruditis
1789 4061 1802 4093 ,
1828 4034 1907 4081 cnm
1926 4011 2075 4101 quibus,
2098 4034 2178 4079 cum
2199 4007 2286 4077 alias
2307 4009 2351 4077 de
2372 4002 2443 4075 Ec·

1454 4113 1576 4195 clesia,
1612 4111 1699 4180 alias
1723 4112 1767 4178 de
1789 4110 1903 4199 patria
1920 4131 2023 4201 saepe
2044 4110 2321 4206 colloqueretur,
2354 4103 2442 4176 hor-

1454 4227 1575 4283 tantur
1591 4236 1671 4281 eum
1687 4209 1849 4303 plerique
1861 4211 1907 4278 ad
1923 4211 2157 4302 colligendam
2179 4212 2312 4303 patriae
2329 4205 2442 4278 histo·

1454 4315 1564 4398 riam,
1599 4334 1704 4406 quam
1725 4311 1769 4380 ad
1792 4334 1868 4380 rem
1891 4334 1971 4380 curn
2001 4326 2035 4384 et
2058 4313 2257 4403 sumptibus
2284 4324 2316 4379 et
2340 4331 2443 4376 man-

1455 4415 1546 4483 datis
1568 4412 1747 4504 Principis
1772 4435 1861 4503 opus
1883 4426 1990 4499 esset,
2016 4412 2123 4483 aulici
2144 4437 2218 4481 rem
2236 4415 2279 4481 ad
2302 4409 2444 4480 Princi-

1453 4540 1534 4608 pem
1556 4513 1749 4607 Bugslaum
1774 4515 1952 4600 referunt,
1982 4514 2145 4608 quicum
2170 4513 2309 4583 audiret
2323 4510 2444 4581 erudi-

1454 4619 1588 4687 tionem
1613 4629 1648 4687 et
1667 4616 1835 4686 virtutem
1856 4614 1927 4685 riri
1946 4615 2162 4707 praedicari,
2197 4628 2230 4684 et
2258 4609 2441 4683 historiam

1454 4718 1589 4811 patriae
1610 4718 1677 4789 sibi
1706 4732 1739 4789 et
1765 4717 1849 4788 liliis
1872 4730 1906 4786 et
1936 4715 2148 4788 consiliariis
2170 4715 2346 4785 notiorem
2371 4736 2444 4782 esse

1454 4822 1583 4909 vellet,
1606 4835 1640 4891 et
1662 4833 1787 4889 natura
1802 4817 1993 4890 munificus
2011 4833 2121 4903 esset,
2146 4814 2332 4888 consilium
2359 4839 2442 4907 pro·

1454 4925 1534 5008 bat,
1559 4922 1619 4994 dat
1636 4923 1819 5000 mandata,
1846 4936 1886 4992 ut
1907 4908 2136 4991 monumenta
2162 4933 2278 4989 vetera
2307 4920 2345 4986 in
2363 4917 2442 4986 aula

1454 5025 1705 5116 inspiciantur,
1733 5022 1829 5091 iubet
1852 5023 1967 5113 ipsum
1981 5017 2250 5114 Bugenhagium
2272 5022 2310 5087 in
2334 5019 2443 5087 colle-

1454 5128 1521 5217 giis
1552 5141 1586 5195 et
1612 5123 1835 5193 monasteriis
1866 5147 2032 5216 quaerere
2066 5119 2232 5191 historias
2259 5135 2294 5191 et
2331 5121 2444 5214 inspif

1454 5252 1532 5297 cere
1547 5227 1687 5311 literas,
1712 5238 1745 5294 et
1762 5225 1960 5315 sumptibus
1977 5248 2056 5293 eum
2073 5224 2233 5301 instnrit,
2257 5248 2325 5316 qua
2344 5224 2383 5290 in
2405 5245 2443 5289 re

1454 5354 1534 5399 cum
1567 5327 1753 5399 biennium
1785 5339 2026 5410 consumeret,
2066 5326 2191 5396 seriem
2225 5323 2442 5416 Principum,

1453 5430 1565 5515 bella,
1599 5426 1837 5501 Ecclesiamm
1860 5427 2130 5499 constitutiones
2153 5430 2280 5498 ordine
2302 5441 2336 5496 et
2356 5446 2441 5514 pru·
2525 5516 2527 5521 A

1454 5536 1578 5604 denter
1600 5531 1795 5624 descripsit.
1846 5528 1956 5601 Liber
1979 5525 2096 5601 adhuc
2124 5530 2164 5600 in
2186 5531 2264 5599 aula
2286 5522 2441 5608 custodi-

1453 5651 1530 5720 tur,
1557 5650 1685 5705 etcum
1703 5660 1721 5704 a
1738 5630 1985 5723 Principibus,
2007 5646 2113 5703 tuma
2130 5627 2341 5700 consiliariis
2365 5646 2441 5692 sae-

1454 5762 1497 5831 pe
1514 5734 1655 5827 legitur.
1706 5735 1780 5807 Nee
1795 5734 2015 5825 diligentiam
2033 5747 2169 5803 tantum
2186 5742 2220 5798 et
2234 5728 2338 5794 tidem
2355 5748 2440 5809 pro·
