6025 6775
492 465 565 538 tos

493 660 541 708 an
555 634 652 707 Deus
665 633 790 726 diligat
804 636 887 717 nos,
908 636 1089 729 quomodo
1105 631 1261 702 invocari
1281 629 1399 704 et'coli
1416 654 1477 702 ve-

494 740 555 825 lit,
580 761 626 806 an
641 751 675 809 et
691 761 755 807 cnr
773 736 937 827 recipiat,
962 762 1001 807 ac
1017 735 1180 806 exaudiat
1205 734 1323 824 lapsos
1347 745 1383 804 et
1398 732 1477 825 pol-

494 844 601 921 lutos,
621 842 705 912 sari·
720 863 766 909 ne
780 839 825 909 sit
840 840 987 933 alloqui,
1008 852 1041 907 et
1056 835 1186 906 intueri
1201 858 1282 905 eum
1298 833 1378 936 hele,
1396 858 1476 905 cum

494 966 569 1013 non
585 964 769 1012 cernamus
783 941 896 1011 oculis
909 937 976 1010 hoc
995 961 1126 1006 numen
1146 938 1239 1031 quqd
1250 928 1476 1041 -ntvsiqamus

494 1043 569 1116 Has
582 1044 827 1113 solicitudines
847 1042 949 1112 multi
963 1064 1004 1108 er
1019 1036 1350 1131 vobis-igtgtqili'gnnl.
1389 1034 1477 1121 Etsi,

493 1161 535 1219 ut
549 1147 642 1238 apud
659 1144 857 1215 Homerum
871 1130 1167 1245 Cyclopiillyisii
1174 1137 1306 1210 ‘concio
1322 1140 1366 1209 de
1382 1137 1478 1209 iudi·

493 1249 549 1319 cio
565 1248 703 1331 divino,
726 1245 874 1337 ridicula
889 1236 1324 1343 dietata-‘itaprophanis
1337 1241 1478 1311 audito·

493 1352 594 1421 ribus
607 1345 693 1419 haec
706 1332 1010 1441 camnemonita,
1035 1368 1134 1413 error
1148 1343 1276 1413 mentis
1289 1363 1361 1412 esse
1377 1342 1479 1413 duci-

494 1467 571 1534 tur,
624 1432 713 1552 pali}
723 1446 777 1531 ‘gii
791 1440 911 1530 in'iis,
936 1445 999 1538 qui
1019 1437 1167 1516 atrabile
1181 1446 1414 1534 exagitantur.

483 1614 501 1650 ·.
518 1580 529 1635 ;
545 1479 670 1653 ζζέυά
681 1520 819 1620 rideant
834 1542 1021 1640 prophani,
1040 1547 1150 1617 risum
1169 1548 1387 1628 sardonium,
1412 1548 1480 1615 do-

494 1649 718 1734 rt'ecideniant
734 1673 876 1739 poenae.
919 1646 995 1738 Ego
1012 1648 1090 1741 pios
1106 1650 1285 1720 auditores
1300 1649 1341 1717 in
1354 1643 1479 1717 Eccle-

493 1758 545 1827 sia
559 1752 628 1826 Dei
643 1752 819 1845 alloquor.
859 1750 927 1820 His
941 1750 1225 1822 dubitationibus
1239 1752 1283 1820 de
1297 1751 1479 1820 voluntate

490 1856 557 1929 Dei
582 1854 737 1926 occurrit
758 1868 793 1923 et
817 1854 977 1923 medetur
1000 1848 1061 1923 hic
1081 1865 1287 1943 conspectus
1312 1850 1378 1919 filii
1400 1848 1480 1934 Dei,

493 1958 567 2029 nati
583 1982 624 2027 er
636 1954 754 2027 Maria
771 1954 924 2043 virgine,
952 1968 1086 2024 certum
1102 1967 1137 2025 et
1156 1954 1301 2024 evidens
1320 1952 1481 2023 testimo-

491 2061 594 2131 nium
610 2072 673 2143 est,
698 2080 779 2127 vere
796 2079 862 2125 nos
877 2080 896 2125 a
912 2053 989 2125 Deo
1003 2055 1116 2145 diligi,
1142 2079 1221 2125 cum
1238 2066 1359 2125 nostra
1376 2075 1478 2123 cansa

492 2179 568 2232 non
590 2145 706 2231 solum
728 2157 929 2251 patefecerit
954 2151 1099 2227 sevoco
1124 2169 1159 2242 et
1186 2156 1387 2240 miraculis,
1419 2155 1478 2224 sed

493 2264 600 2335 etiam
625 2260 778 2331 voluerit
807 2260 919 2329 lilium
947 2283 1124 2330 assumere
1153 2252 1344 2328 humanam
1373 2269 1479 2326 natu·

494 2390 582 2436 ram.
647 2361 698 2433 Ne
733 2374 897 2455 putemus
922 2360 991 2431 hoc
1019 2374 1158 2432 tantum
1191 2360 1316 2430 foedus
1349 2358 1479 2428 frustra

493 2468 626 2538 factum
642 2488 725 2535 esse.

597 2564 812 2660 Quanquam
835 2577 953 2636 autem
977 2559 1084 2634 buius
1114 2559 1315 2633 admirandi
1340 2558 1480 2630 consilii

494 2691 616 2741 causas
630 2681 664 2739 et
680 2668 795 2738 fontes
807 2669 970 2736 nondum
987 2666 1025 2735 in
1042 2662 1109 2736 bac
1125 2666 1197 2735 vita
1215 2664 1358 2757 penitus
1372 2661 1481 2731 intel·

495 2772 655 2860 ligimus:
695 2764 781 2839 baec
811 2769 905 2838 enim
931 2768 999 2838 erit
1026 2768 1124 2837 illius
1149 2782 1311 2838 aeternae
1340 2758 1481 2833 scholae

493 2866 737 2962 Philosophia,
763 2870 880 2962 inqua
896 2870 1017 2939 divina
1033 2870 1206 2960 sapientia
1223 2866 1370 2959 propius
1384 2865 1482 2934 irne-

494 2999 592 3046 mur:
627 2996 723 3043 nunc
745 2986 866 3043 tamen
882 2972 959 3042 vult
975 2972 1080 3041 nobis
1095 2968 1191 3040 Deus
1216 2970 1348 3039 lactum
1365 2966 1481 3056 ipsum

494 3092 619 3148 notum
637 3098 729 3162 esse,
754 3088 788 3144 et
809 3074 848 3142 in
862 3068 928 3144 bac
943 3074 1014 3143 vita
1031 3074 1070 3141 in
1090 3069 1247 3141 Ecclesia
1268 3070 1313 3139 ab
1334 3067 1481 3136 infanti-

494 3181 562 3252 bus
576 3190 610 3249 et
626 3176 838 3248 lactentibus
852 3173 1036 3248 celebrari.
1085 3168 1134 3243 Et
1149 3166 1242 3241 hanc
1257 3169 1371 3264 praeci
1373 3162 1481 3262 priam

495 3304 635 3353 causam
661 3274 770 3350 huius
791 3277 893 3364 facti,
926 3299 1016 3371 qnae
1045 3299 1119 3345 non
1143 3286 1196 3343 est
1215 3274 1383 3357 obscura,
1415 3291 1483 3339 nos

495 3380 696 3454 meminisse
711 3381 799 3464 vult,
823 3394 858 3451 et
873 3402 1011 3470 semper
1022 3377 1190 3466 cogitare,
1200 3374 1375 3454 videlicet,
1400 3371 1482 3442 ideo

495 3486 620 3555 foedus
635 3479 704 3550 hoc
724 3482 855 3549 factum
871 3502 964 3561 esse,
988 3491 1029 3547 nt
1048 3490 1139 3546 extet
1155 3477 1301 3546 evidens
1321 3474 1483 3546 testimo-

496 3588 598 3654 nium
618 3581 692 3650 veri
708 3603 788 3668 erga
809 3601 876 3647 uos
891 3578 1022 3647 amoris
1037 3579 1075 3647 in
1093 3578 1179 3648 Deo.
1232 3577 1291 3648 Sic
1305 3577 1400 3646 enim
1424 3575 1484 3643 in-

497 3685 576 3779 quit
587 3677 764 3754 Christus:
791 3677 1085 3750 SicDeusdilexit
1101 3680 1287 3759 mundum,
1313 3691 1352 3749 ut
1368 3677 1481 3746 filium

497 3810 601 3857 snum
623 3783 844 3874 unigenitum
867 3781 1013 3855 miserit.
1075 3779 1363 3872 Magnitudinem
1383 3800 1483 3848 arno·

498 3890 548 3958 ris
570 3876 721 3957 affirmat
745 3880 852 3955 huius
879 3884 1107 3954 admirandae
1135 3883 1321 3975 legationis
1343 3901 1482 3952 cansam

500 4014 585 4062 esse.

601 4086 861 4162 Removeamus
882 4085 968 4161 baec
989 4088 1126 4174 Stoica,
1156 4103 1188 4159 et
1211 4109 1284 4157 non
1303 4083 1419 4153 solum
1442 4103 1484 4149 er

451 4197 460 4214 ’
500 4190 631 4264 scholis
650 4192 897 4282 explodamus,
929 4193 990 4263 sed
1011 4194 1190 4263 deleamus
1215 4213 1256 4260 er
1280 4183 1485 4280 pectoribus

501 4292 650 4380 nostris,
675 4318 851 4379 amorem,
875 4294 984 4377 iram,
1010 4295 1153 4380 odium,
1179 4293 1358 4375 dolorem,
1383 4286 1483 4356 suro·

501 4424 556 4471 res
568 4421 661 4483 esse,
685 4393 804 4469 Deum
826 4420 900 4467 esse
915 4409 1067 4468 mentem
1085 4396 1258 4489 quietam,
1282 4415 1357 4461 non
1372 4391 1486 4458 obno-

500 4500 597 4572 xium
629 4496 686 4570 bis
708 4500 823 4573 ventis
845 4501 1032 4572 stultarum
1053 4496 1381 4590 perturbationum,
1412 4487 1488 4560 Re-

501 4627 604 4672 move
632 4603 697 4672 ista
719 4601 849 4675 Stoica.
900 4598 979 4672 Etsi
1006 4600 1101 4669 enim
1130 4598 1169 4666 in
1200 4596 1305 4664 nobis
1331 4590 1487 4662 stulticia

502 4704 686 4777 affectibus
709 4705 811 4772 mista
835 4718 902 4787 est,
936 4715 969 4774 et
991 4697 1030 4771 bi
1050 4712 1169 4771 motus
1187 4698 1258 4767 alio
1272 4696 1378 4765 modo
1394 4704 1488 4776 sunt,

503 4804 541 4872 in
558 4802 633 4873 Deo
647 4816 763 4872 tamen
780 4804 1000 4874 verissimum
1015 4814 1085 4883 est,
1107 4813 1272 4869 mutuum
1289 4810 1323 4866 et
1335 4795 1488 4862 immen-

502 4930 580 4977 sum
596 4925 753 4975 amorem
771 4926 844 4973 esse
856 4904 992 4987 Patris,
1017 4900 1121 4980 Filii,
1148 4912 1182 4971 et
1196 4897 1351 4988 Spiritus
1364 4891 1487 4963 sancti.

500 5008 563 5079 ¹Sic
578 5007 673 5077 enim
689 5016 788 5097 pater
802 5005 847 5074 de
864 5007 938 5075 filio
948 5005 1090 5075 clamat:
1114 5000 1183 5073 Hic
1198 5013 1250 5071 est
1265 4999 1360 5069 filius
1377 5016 1489 5078 meus,

504 5135 575 5202 quo
599 5109 773 5189 delector,
798 5131 903 5203 quem
926 5107 1179 5200 complectens,
1204 5103 1341 5175 laeticia
1365 5110 1399 5169 et
1424 5120 1488 5166 vo-

504 5213 639 5303 luptate
652 5210 797 5280 afficior.
841 5207 942 5282 itaet
957 5233 1068 5302 genus
1084 5204 1281 5280 humanum
1300 5225 1381 5274 vere
1396 5209 1489 5269 amat

504 5315 621 5399 Deus,
644 5337 725 5382 vere
739 5312 902 5386 irascitur
916 5312 1124 5393 sceleribus,
1150 5333 1231 5380 vere
1246 5308 1343 5378 dolet
1356 5301 1488 5372 multos

495 5401 670 5491 ,horribili
685 5416 904 5485 contumacia
923 5418 1017 5486 ultro
1033 5415 1102 5485 sibi
1118 5413 1262 5484 exitium
1278 5427 1462 5479 accersere.

971 518 975 526 .
1091 457 1249 536 nucu.
1293 454 1368 531 oa
1403 453 1600 537 aanru
1633 433 1922 540 rutrum.

2438 470 2513 547 104

1527 632 1672 725 pressit,
1702 633 1818 723 imago
1842 635 1959 705 divini
1983 636 2115 707 amoris
2140 654 2192 713 est
2211 665 2292 734 erga
2314 665 2399 730 nos,
2423 639 2511 715 baec

1528 734 1603 826 ipsa
1618 731 1756 833 στοργὴ
1774 736 1909 806 intimis
1924 739 2163 828 penetralibus
2177 745 2293 813 cordis
2306 737 2423 832 insita,
2441 772 2510 841 qua

1528 850 1608 906 tuos
1624 851 1725 906 natos
1740 861 1845 923 amas,
1862 833 1953 907 hanc
1968 841 2105 932 quoties
2118 845 2235 929 sentis,
2256 849 2404 937 cogitato
2420 848 2511 920 ima·

1528 938 1645 1028 ginem
1661 952 1695 1007 te
1711 940 1825 1008 divini
1842 941 1972 1009 amoris
1986 941 2222 1031 circumferre,
2247 970 2288 1017 ac
2299 945 2384 1019 'vere
2398 954 2511 1022 amari

1529 1041 1574 1109 ab
1587 1054 1730 1110 aeterno
1745 1057 1855 1132 patre,
1878 1042 2050 1126 etlilium,
2075 1057 2109 1112 et
2126 1069 2201 1129 nos,
2228 1073 2379 1141 qnorum
2394 1052 2512 1125 induit

1530 1154 1693 1212 naturam
1709 1142 1819 1212 lilius:
1859 1156 1979 1236 estque
2003 1139 2108 1213 huius
2126 1151 2264 1236 paterni
2281 1153 2413 1222 amoris
2432 1177 2511 1245 erga

1530 1265 1596 1312 nos
1616 1244 1714 1313 testis
1740 1257 1774 1313 et
1800 1244 1937 1335 pignus.
1989 1241 2157 1317 Occurrit
2178 1248 2286 1336 igitur
2301 1251 2365 1320 lilii
2382 1257 2458 1327 nati
2474 1281 2515 1326 er

1530 1344 1668 1434 virgine
1697 1360 1902 1435 conspectus
1933 1341 2016 1416 huic
2040 1347 2174 1437 primae
2199 1350 2440 1441 solicitudini,
2475 1356 2514 1427 in

1531 1471 1598 1541 qua
1614 1447 1828 1540 quaerimus,
1852 1473 1899 1517 an
1914 1445 2011 1517 Deus
2026 1472 2092 1518 nos
2106 1450 2241 1541 diligat.
2276 1449 2374 1522 ldem
2390 1479 2516 1527 occur·

1531 1549 1577 1617 rit
1593 1547 1738 1619 caeteris
1752 1550 2029 1642 quaestionibus.
2081 1548 2245 1624 Affirmat
2262 1578 2327 1624 nos
2344 1570 2439 1627 certo
2456 1582 2515 1626 re-

1530 1649 1600 1740 cipi
1628 1662 1663 1721 et
1687 1651 1845 1720 exaudiri
1874 1653 1920 1721 ab
1947 1665 2092 1723 aeterno
2116 1667 2233 1744 patre,
2270 1671 2304 1726 et
2327 1658 2514 1728 liberaria

1529 1752 1681 1843 peccatis
1705 1764 1740 1822 et
1768 1754 1920 1824 aeternis
1941 1755 2064 1844 poenis
2087 1770 2233 1847 propter
2258 1758 2394 1849 ipsum,
2430 1761 2514 1853 quia

1531 1855 1742 1923 constitutus
1757 1867 1809 1924 est
1824 1855 1993 1946 placator,
2009 1852 2128 1949 ἱκέτης
2139 1854 2204 1929 καὶ
2215 1856 2375 1955 μεσίτης.
2405 1858 2515 1932 Affir-

1531 1969 1603 2024 mat
1618 1952 1733 2023 Deum
1749 1955 1799 2024 sic
1823 1958 1964 2047 agnosci
1990 1973 2024 2029 et
2045 1959 2114 2029 coli
2129 1961 2239 2047 valle,
2264 1986 2338 2032 non
2354 1963 2467 2039 aliter.

1632 2084 1751 2157 Multa
1774 2088 1950 2180 sapientes
1972 2091 2039 2159 viri
2070 2092 2109 2159 in
2133 2090 2282 2163 Graecia
2310 2098 2448 2167 erudite
2471 2099 2515 2171 de

1531 2186 1606 2258 Deo
1622 2189 1857 2279 disputarunt,
1881 2216 1954 2261 non
1970 2192 2180 2282 ignorabant
2195 2194 2368 2282 Socrates,
2393 2198 2516 2269 Xeno·
2585 2213 2593 2236 “

1532 2286 1650 2382 phon,
1674 2289 1792 2375 Plato,
1818 2317 1891 2361 esse
1904 2294 2019 2364 Deum
2038 2309 2190 2365 mentem
2207 2313 2405 2385 aeternam,
2432 2324 2517 2371 cau·

1531 2416 1605 2461 sam
1630 2392 1717 2461 boni
1738 2392 1776 2461 in
1793 2410 1937 2479 natura,
1962 2410 1997 2465 et
2015 2398 2111 2465 illam
2133 2421 2234 2467 suam
2252 2402 2289 2467 in
2307 2425 2386 2470 arce
2399 2398 2516 2475 Attica

1531 2490 1712 2561 Palladem
1736 2496 1961 2586 aspicientes,
1986 2524 2059 2568 non
2083 2494 2231 2569 Phidiae
2249 2515 2399 2573 statuam
2422 2506 2518 2575 cole-

1532 2595 1636 2677 bant,
1661 2608 1721 2664 aut
1749 2610 1885 2666 torvam
1904 2597 2108 2689 Gorgonem
2130 2601 2273 2671 infixam
2289 2604 2431 2696 clypeo,
2456 2608 2517 2675 sed

1531 2696 1742 2787 sapientiam
1769 2713 1929 2769 aeternae
1955 2701 2103 2784 mentis,
2135 2705 2316 2774 rectricem
2343 2700 2518 2778 humanae

1531 2796 1726 2878 societatis,
1751 2800 1958 2890 punientem
1982 2804 2133 2887 scelera,
2158 2817 2194 2875 et
2211 2821 2407 2876 servantem
2425 2808 2517 2880 iusta

1533 2899 1699 2989 imperia,
1729 2900 1940 2990 cogitabant.
1999 2903 2069 2976 Sed
2096 2905 2308 2995 ignorabant
2330 2921 2448 2978 tamen
2471 2934 2518 2980 an

1533 3002 1704 3092 reciperet
1729 3026 1770 3072 ac
1800 3005 1985 3075 exaudiret
2020 3006 2155 3098 lapsos,
2185 3023 2218 3080 et
2242 3011 2423 3103 quomodo
2446 3011 2518 3082 coli

1534 3102 1633 3175 velit·
1685 3100 1735 3174 At
1755 3104 1849 3176 filius
1865 3102 1931 3173 Dei
1956 3106 2107 3179 affirmat
2123 3123 2257 3199 patrem
2274 3110 2325 3180 sic
2348 3112 2518 3183 invocan-

1533 3204 1619 3273 dum
1640 3228 1733 3291 esse,
1765 3206 1816 3276 sic
1840 3207 1997 3298 recipere
2022 3223 2056 3279 et
2080 3210 2247 3280 exaudire
2270 3212 2406 3304 lapsos,
2438 3239 2519 3284 cnm

1533 3304 1603 3375 fide
1619 3300 1717 3376 hunc
1733 3306 1849 3399 ipsum
1865 3305 2001 3395 Deum,
2024 3310 2087 3403 qui
2104 3333 2140 3379 se
2156 3336 2241 3381 voce
2255 3307 2443 3405 Evangelii
2458 3341 2520 3408 pa-

1534 3407 1672 3492 telecit,
1705 3408 1907 3495 intuemur,
1940 3424 1976 3483 ct
2008 3436 2075 3484 nos
2105 3428 2249 3505 propter
2273 3416 2386 3486 filium
2409 3417 2519 3510 recipi

1535 3521 1570 3579 et
1585 3510 1746 3579 exaudiri
1762 3513 1960 3584 statuimus.

1635 3639 1684 3712 Et
1699 3666 1902 3736 quanquam
1921 3667 2019 3712 mens
2036 3648 2196 3733 angitur,
2223 3675 2269 3719 an
2286 3657 2370 3725 satis
2390 3654 2436 3727 sit
2452 3656 2520 3726 fide

1534 3744 1719 3826 invocare,
1745 3767 1851 3835 quem
1869 3767 1943 3812 non
1959 3745 2074 3813 cernis
2091 3747 2220 3833 oculis,
2246 3765 2281 3818 et
2300 3756 2430 3843 expetit
2451 3758 2520 3823 ali-

1534 3868 1641 3940 quam
1664 3844 1839 3916 illustrem
1860 3845 2028 3936 speciem,
2060 3865 2354 3946 quasconspecta,
2386 3854 2520 3923 discer-

1535 3961 1642 4016 natur
1655 3971 1780 4019 verum
1798 3971 1933 4018 numen
1952 3972 1971 4017 a
1986 3950 2259 4039 commenticiis,
2282 3966 2400 4024 tamen
2421 3955 2520 4026 iubet

1535 4050 1647 4135 filius,
1670 4064 1712 4121 ut
1736 4072 1810 4120 sese
1826 4049 2041 4125 intueamur.
2090 4048 2237 4142 Quime
2255 4055 2364 4142 vidit,
2389 4058 2520 4151 iuquit,

1536 4152 1634 4222 videt
1651 4165 1797 4243 patrem.

1636 4282 1719 4353 Non
1740 4285 1883 4354 aberras
1903 4310 1922 4355 a
1939 4282 2034 4371 Deo,
2059 4309 2140 4356 cnm
2163 4282 2260 4361 bunc
2277 4286 2392 4361 Deum
2416 4291 2520 4362 invo-

1538 4410 1615 4472 cas,
1639 4387 1702 4479 qni
1717 4408 1753 4456 se
1768 4387 1874 4456 misso
1890 4382 1959 4457 boc
1972 4389 2045 4457 filio
2068 4389 2233 4460 crucifixo
2260 4405 2293 4461 et
2313 4394 2519 4475 resuscitato

1539 4489 1721 4580 patefecit,
1748 4501 1785 4557 et
1798 4489 1827 4557 is
1842 4490 1994 4560 affirmat
2010 4491 2095 4579 lide,
2119 4514 2192 4562 non
2206 4493 2320 4564 oculis
2331 4517 2519 4588 corporum

1539 4592 1576 4659 in
1594 4587 1659 4660 hac
1676 4590 1746 4661 vita
1762 4611 1799 4660 se
1810 4590 2023 4662 intuendum
2039 4615 2122 4665 esse.
2153 4588 2318 4666 Affirmat
2334 4596 2430 4678 item,
2455 4622 2521 4668 nec

1538 4693 1708 4784 petendas
1725 4715 1798 4761 esse
1816 4693 1902 4763 alias
1926 4693 2190 4785 patefactiones,
2216 4720 2281 4767 nec
2303 4699 2392 4768 alios
2416 4700 2521 4770 invo-

1540 4793 1664 4871 candi,
1697 4806 1759 4862 arat
1781 4794 1921 4865 colendi
1946 4795 2016 4866 Dei
2039 4797 2165 4867 modos
2187 4801 2426 4892 quaerendos,
2457 4802 2520 4870 sed

1540 4908 1630 4963 recte
1644 4893 1712 4962 coli
1727 4891 1862 4981 Deum,
1887 4921 1967 4966 cum
1983 4921 2083 4968 mens
2103 4898 2172 4969 lide
2188 4902 2374 4995 acquiescit
2392 4903 2429 4971 iu
2452 4898 2522 4974 hoc

1540 4995 1616 5087 ipso
1633 4992 1730 5082 Deo,
1755 4999 1817 5091 qui
1840 5021 1925 5067 voce
1946 4994 2132 5088 Evangelii
2154 5002 2258 5072 nobis
2280 5005 2524 5092 concionatur,

1539 5111 1574 5169 et
1588 5098 1711 5170 statuit
1725 5122 1791 5169 nos
1807 5113 1952 5192 propter
1964 5100 2078 5170 filium
2094 5101 2215 5194 recipi.
2267 5101 2435 5179 Maximis
2455 5107 2521 5195 igi-

1539 5215 1599 5274 tur
1612 5201 1895 5272 dubitationibus
1918 5197 2094 5272 humanae
2108 5205 2253 5292 mentis,
2280 5201 2339 5278 bic
2363 5211 2436 5301 ipse
2455 5202 2519 5273 lilii

1539 5316 1747 5396 conspectus
1768 5304 1948 5385 medetur,
1981 5303 2044 5396 qui
2066 5302 2220 5378 induens
2242 5305 2433 5380 humanam
2454 5327 2519 5371 na-

1538 5419 1674 5486 turam,
1708 5403 1839 5474 nostris
1863 5406 1975 5474 oculis
1996 5429 2032 5474 se
2056 5404 2209 5494 ingessit.
2266 5411 2361 5480 llaec
2384 5405 2519 5496 praeci·

606 5518 687 5592 Non
702 5530 783 5587 sunt
799 5509 885 5586 baec
900 5517 939 5585 in
955 5514 1031 5585 Deo
1049 5516 1230 5597 simulata,
1253 5512 1326 5581 imo
1346 5532 1381 5578 se
1403 5530 1486 5578 suae
1537 5532 1607 5599 pua
1631 5505 1826 5577 consolatio
1847 5506 1936 5578 alias
1958 5507 2087 5578 deinde
2109 5508 2293 5582 inferiores
2313 5508 2520 5578 innumera-

504 5638 650 5696 naturae
676 5635 710 5693 et
731 5641 877 5689 suorum
899 5617 1090 5690 affectuum
1110 5615 1281 5704 imagines
1301 5611 1404 5681 nobis
1418 5611 1487 5678 im·
1537 5607 1627 5677 biles
1649 5607 1818 5679 continet.
1918 5705 1920 5707 ι
