6025 6775
981 634 1176 711 1049

981 829 1105 878 rus
1145 808 1290 879 dux
1332 803 1586 874 missus
1625 816 1728 874 est
1755 797 2451 894 Constantinopolin.
2571 795 2776 869 Hanc
2816 821 2940 868 ur-

983 909 1093 979 bis
1121 905 1395 978 Romae
1426 904 2028 998 recuperationem
2063 904 2263 994 ponit
2281 900 2667 992 Procopius
2697 901 2775 968 in
2806 922 2940 968 an-

982 1032 1156 1077 num
1184 1006 1635 1076 undecimum
1671 1003 2043 1076 lustiniani
2063 1055 2085 1087 ,
2138 1004 2263 1096 qui
2291 1015 2396 1072 est
2426 1022 2656 1071 annus
2672 995 2940 1069 Christi

984 1106 1590 1202 quingentesimus
1626 1106 2012 1176 tricesimus
2060 1105 2417 1194 septimus.
2519 1096 2789 1191 Estque
2831 1122 2942 1170 se-

983 1208 1377 1297 xagesimus
1403 1231 1632 1277 annus
1660 1218 2028 1297 postquam
2060 1206 2151 1273 ab
2183 1203 2435 1271 exteris
2463 1199 2789 1290 gentibus
2815 1224 2937 1271 oc-

983 1322 1233 1399 cupata
1289 1309 1446 1383 fuit.
1551 1306 1758 1395 Quod
1821 1307 2030 1395 plane
2092 1303 2631 1391 intelligendum
2691 1315 2793 1372 est
2849 1303 2939 1370 de

980 1403 1358 1491 Odoacro,
1436 1408 1559 1500 qui
1624 1407 1874 1476 urbem
1942 1403 2256 1475 Romam
2320 1404 2600 1473 circiter
2666 1424 2938 1472 annum

978 1503 1249 1579 Christi
1302 1504 2068 1601 quadringentesimum
2121 1504 2668 1593 octuagesimum
2721 1526 2941 1573 occu·

978 1620 1288 1698 paverat.

1177 1721 1536 1794 Reversus
1578 1733 1814 1792 autem
1848 1718 2119 1810 Vitiges
2163 1722 2410 1791 urbem
2441 1716 2749 1793 Romam
2801 1721 2937 1789 ob-

984 1823 1259 1894 sidione
1307 1822 1565 1912 cinxit,
1618 1845 1798 1915 quae
1845 1821 2130 1891 duravit
2171 1843 2438 1891 annum
2484 1822 2834 1910 integrum
2868 1834 2938 1892 et

978 1923 1132 1994 dies
1176 1946 1454 1995 novem.
1557 1921 1883 2014 Cumque
1923 1918 2173 1992 fierent
2234 1925 2520 1992 crebrae
2564 1943 2936 2014 oppugna-

985 2025 1247 2108 tiones,
1303 2044 1552 2110 magna
1594 2046 1759 2114 pars
1812 2022 2152 2091 exercitus
2203 2017 2475 2094 Gottici
2538 2023 2640 2090 ibi
2701 2022 2932 2112 periit.

983 2123 1120 2194 Sed
1193 2122 1349 2193 dira
1406 2122 1588 2192 fame
1649 2136 1718 2192 et
1775 2122 2043 2191 morbis
2096 2122 2364 2215 ubique
2419 2124 2495 2192 in
2541 2135 2685 2193 tota
2735 2121 2935 2192 Italia

983 2224 1192 2292 multi
1241 2223 1826 2308 absumebantur,
1891 2235 1957 2292 et
2010 2221 2086 2289 in
2124 2222 2545 2314 quibusdam
2581 2222 2755 2292 locis
2787 2247 2937 2293 ma-

979 2335 1122 2394 tres
1147 2322 1454 2391 filiorum
1489 2324 1820 2393 carnibus
1849 2336 2084 2413 pastae
2115 2333 2303 2393 sunt.

1181 2432 1453 2506 Eodem
1486 2449 1799 2529 tempore
1834 2433 2037 2505 Gotti
2071 2433 2565 2506 Mediolanum
2614 2437 2936 2510 funditus
2983 2479 2988 2495 ·

983 2535 1416 2618 deleverunt,
1465 2535 1853 2608 interfectis
1882 2532 2170 2626 triginta
2199 2537 2520 2608 millibus
2545 2531 2937 2609 hominum.

1186 2650 1511 2722 Tandem
1582 2673 1748 2719 vero
1826 2651 2167 2745 relinquit
2227 2654 2671 2725 obsidionem
2737 2657 2937 2726 urbis

985 2951 1338 3039 vitigem,
1401 2964 1470 3021 et
1513 2949 1866 3023 inclusum
1912 2952 2298 3025 Ravennae
2341 2957 2658 3043 obsidet,
2724 2982 2935 3051 quem

980 3064 1060 3122 ut
1089 3050 1292 3122 Gotti
1329 3053 1709 3136 dederent,
1751 3054 2000 3124 fraude
2049 3077 2166 3124 eos
2195 3055 2562 3148 persuasit.
2662 3055 2775 3129 lbi
2821 3083 2935 3128 ca-
2981 3108 2982 3114 η

984 3152 1256 3242 ptivum
1301 3173 1529 3241 regem
1561 3151 1865 3243 Vitigem
1908 3157 2235 3227 custodit.
2336 3155 2443 3228 lta
2489 3158 2694 3228 valde
2722 3159 2936 3230 incli-

981 3266 1146 3321 nata
1197 3253 1509 3341 potentia
1556 3250 1840 3323 Gottica
1876 3254 2262 3327 Belisarius
2304 3260 2492 3330 redit
2524 3258 2937 3332 Constanti-

981 3352 1280 3444 nopolin
1309 3374 1538 3443 regem
1573 3352 1881 3445 Vitigem
1929 3378 2162 3428 secum
2205 3360 2598 3445 adducens,
2649 3385 2808 3432 cum
2856 3362 2936 3431 in

982 3450 1188 3524 Italia
1214 3477 1440 3523 annos
1473 3454 1787 3549 quinque
1810 3456 1888 3528 in
1922 3457 2215 3529 summis
2255 3459 2791 3533 difficultatibus
2823 3484 2935 3532 res

983 3577 1274 3644 magnas
1303 3555 1638 3644 gessisset.

1185 3650 1341 3725 Etsi
1383 3669 1616 3725 autem
1660 3656 1982 3726 nondum
2028 3658 2203 3728 belli
2237 3657 2509 3731 Gottici
2558 3660 2719 3732 finis
2762 3662 2933 3736 fuit:

983 3768 1220 3823 tamen
1252 3756 1475 3845 gloria
1509 3754 1837 3827 Belisarii
1866 3779 2118 3847 magna
2148 3773 2336 3842 erat,
2389 3762 2582 3855 quod
2619 3776 2700 3834 ut
2729 3752 2939 3837 antes

983 3875 1220 3942 regem
1265 3855 1761 3927 vandalicum:
1811 3857 1912 3927 ita
1943 3881 2136 3928 nunc
2161 3882 2394 3950 regem
2426 3859 2787 3934 Gotticnm
2816 3887 2936 3934 ca-

981 3954 1255 4045 ptivum
1289 3956 1604 4041 adduxit,
1651 3958 1880 4028 victor
1910 3960 2209 4030 duarum
2242 3962 2731 4034 bellicosamm
2762 3986 2938 4054 gen·

983 4053 1168 4123 tium
1194 4053 1623 4126 vandalicae
1652 4069 1722 4127 et
1751 4056 2099 4134 Gotticae.
2201 4059 2342 4134 Sed
2390 4063 2933 4136 inconstantiam

990 4152 1315 4247 fqrtunae
1345 4170 1659 4227 metuere
1686 4179 1818 4227 nos
1844 4158 2066 4229 multa
2099 4163 2414 4254 exempla
2448 4177 2513 4234 et
2544 4164 2622 4235 in
2660 4159 2793 4235 hac
2820 4161 2938 4236 hi-

991 4252 1205 4322 storia
1252 4256 1523 4329 docent.

1189 4349 1470 4422 Nullius
1512 4356 1649 4426 viri
1690 4369 1861 4427 tunc
1905 4357 1983 4426 in
2030 4371 2179 4430 toto
2211 4360 2383 4432 orbe
2414 4375 2758 4435 terrarum
2788 4367 2940 4438 vir-

991 4465 1107 4522 tus
1139 4462 1207 4518 et
1239 4451 1460 4540 gloria
1486 4455 1710 4526 maior
1739 4458 1877 4528 fuit
1924 4482 2136 4551 quam
2169 4457 2514 4532 Belisarii.
2619 4462 2716 4536 At
2747 4468 2938 4537 redi-

989 4550 1106 4622 t'us
1135 4550 1213 4618 in
1246 4548 1517 4622 ltaliam
1549 4553 1686 4624 fuit
1716 4557 2029 4634 infoelix.
2111 4558 2372 4633 Fuerat
2402 4563 2736 4638 inclinata
2755 4559 2940 4640 Got'·

991 4665 1227 4722 torum
1260 4652 1606 4741 potentia,
1657 4658 1774 4726 sed
1808 4682 2051 4731 rursus
2082 4657 2318 4731 Totila
2347 4680 2683 4755 regnante
2713 4684 2937 4741 erecta

994 4766 1122 4822 est.

1097 5073 1326 5140 Omnia
1357 5089 1495 5140 sunt
1525 5078 1844 5142 hominum
1873 5085 2044 5142 tenui
2070 5062 2383 5165 pendentis
2411 5092 2535 5156 filo.

1196 5173 1276 5239 Et
1305 5179 1503 5241 subito
1536 5202 1678 5244 casu
1705 5203 1856 5268 quae
1889 5186 2126 5246 vnlnere
2154 5204 2356 5260 ruunt.

997 5304 1216 5379 Urbis
1264 5304 1539 5379 Romae
1601 5312 2032 5385 calamitates
2092 5315 2303 5385 etiam
2365 5321 2579 5393 fuisse
2639 5342 2948 5413 magnas,

999 5431 1159 5480 cum
1202 5409 1410 5490 toties
1453 5412 1896 5485 obsideretur
1943 5427 2012 5484 et
2053 5428 2451 5507 caperetur,
2501 5446 2776 5493 necesse
2818 5439 2949 5496 est.

1003 5506 1178 5578 Post
1217 5505 1546 5581 Belisarii
1593 5513 1867 5584 abitum
1918 5539 2110 5585 anno
2162 5517 2459 5607 septimo
2506 5547 2749 5596 rursus
2780 5527 2950 5596 urbs

998 5603 1236 5678 Roma
1275 5607 1554 5684 circiter
1600 5637 1868 5686 annum
1913 5617 2194 5688 obsessa
2250 5630 2356 5687 est
2396 5641 2436 5688 a
2489 5619 2763 5713 Totila,
2827 5628 2954 5722 qui

2068 631 2161 706 1..
2228 625 2814 707 CHRONICON
2875 622 3369 701 CARlONlS.
3476 624 3728 701 PARS
3782 626 3874 703 11.
3931 677 3936 684 -

1223 4748 1381 4823 Hoc
1406 4752 1772 4825 interfecto
1803 4756 1988 4833 intra
2031 4762 2452 4843 decennium
2490 4789 2735 4838 rursus
2766 4794 2939 4840 con-
2981 4826 2988 4837 ,-

990 4851 1188 4926 cidit.
1290 4851 1514 4946 Saepe
1560 4854 1778 4945 igitur
1817 4852 2003 4931 banc
2057 4863 2616 4937 admonitionem
2678 4870 2938 4962 cogite-
2984 4839 2988 4932 ξ
3038 4841 3203 4908 gum
3251 4817 3605 4906 collectio,
3684 4817 4018 4914 Synodns
4061 4843 4242 4912 quae
4287 4818 4700 4889 nominatur
4732 4816 4981 4909 quinta

2986 4941 2988 4948 ’
3040 4914 3545 5012 οἰκουμενικὴ,
3624 4934 3692 4992 et
3751 4921 4272 4992 aedificationes
4335 4922 4425 4991 ad
4510 4917 4978 5010 repressiones

4795 630 4993 706 1050

3039 808 3251 878 esset,
3300 794 3687 867 Belisarius
3725 821 4045 871 reversus
4089 821 4173 869 ex
4205 793 4508 869 Thracia
4556 800 4804 870 urbem
4837 825 4985 872 non

3039 896 3384 966 munitam
3434 899 3716 988 recipit,
3766 924 3896 970 nec
3936 913 4171 988 tamen
4220 901 4347 969 diu
4388 902 4663 975 retinet.
4765 900 4985 971 Cum-'-

3040 1020 3177 1090 que
3222 997 3323 1065 ibi
3355 994 3722 1068 Cononem
3754 999 4192 1072 Praefectum
4237 1001 4669 1094 reliquisset,
4721 1003 4981 1074 milites

3040 1120 3223 1179 eum,
3281 1100 3471 1190 quod
3508 1100 3945 1172 frumentum
3972 1103 4232 1173 iniuste
4262 1105 4632 1192 vendebat,
4686 1116 4752 1173 et
4787 1105 4984 1172 inae-

3037 1198 3336 1290 qualiter
3371 1200 3766 1286 dividebat,
3817 1202 4343 1274 interfecerunt.
4409 1204 4798 1296 Aliquanto
4816 1216 4982 1294 post

3034 1296 3425 1369 Belisarius
3465 1316 3829 1372 revocatus
3861 1327 4019 1374 cum
4051 1306 4195 1374 sere
4228 1305 4719 1402 quinquennio
4745 1304 4821 1373 in
4842 1303 4984 1373 Ita·

3038 1398 3134 1467 lia
3186 1412 3475 1486 vagatus
3515 1416 3726 1480 esset,
3804 1406 4013 1475 rebus
4069 1406 4312 1475 multis
4373 1407 4631 1478 frustra
4699 1405 4983 1475 tentatis

3035 1498 3187 1566 siue
3228 1499 3452 1584 gloria
3503 1502 3580 1569 in
3624 1498 4001 1573 Thraciam
4047 1507 4278 1577 rediit.
4385 1506 4493 1575 lbi
4538 1504 4780 1576 Totila
4827 1503 4983 1576 Ro-

3034 1621 3220 1666 mam
3274 1598 3530 1669 iterum
3576 1603 3882 1687 obsidet,
3925 1617 3996 1676 ct
4046 1604 4230 1696 capit
4271 1630 4458 1677 anno
4500 1619 4755 1700 quarto
4788 1619 4982 1696 post-

3034 1722 3243 1791 quam
3279 1712 3481 1769 antea
3514 1699 3718 1790 cepit.
3819 1702 3964 1772 Nec
3992 1707 4220 1777 multo
4250 1721 4403 1798 post
4431 1707 4794 1778 interfecto
4830 1704 4983 1776 To-

3036 1800 3161 1868 tila
3193 1797 3449 1869 Narses
3489 1823 3653 1886 gam
3693 1802 3963 1891 recipit.
4062 1805 4228 1877 Post
4275 1807 4347 1875 id
4397 1821 4667 1896 tempus
4698 1829 4844 1878 non
4878 1818 4984 1876 est

3033 1901 3311 1970 obsessa
3374 1923 3598 1994 usque
3656 1903 3749 1971 ad
3812 1901 4447 1994 Longobardorum
4510 1928 4743 1996 regem
4806 1906 4987 1998 Agi-

3034 2001 3304 2071 lolfum.
4351 2068 4376 2077 -

3233 2094 3522 2172 Nat-ses·
3557 2100 4083 2173 Persarmenius
4111 2125 4462 2175 successor
4475 2104 4800 2177 Belisarii
4832 2109 4984 2178 foe-

3032 2200 3263 2274 liciter
3293 2227 3374 2271 ex
3414 2202 3612 2272 ltalia
3652 2200 3909 2276 Gottos
3936 2204 4227 2297 expulit.
4331 2204 4470 2276 Sed
4519 2221 4754 2297 postea
4786 2206 4985 2278 Lon·

3034 2304 3383 2390 gobardos
3429 2304 3751 2388 attraxit,
3797 2314 3896 2375 ut·
3926 2328 4053 2381 suo
4084 2306 4242 2375 loco
4270 2306 4524 2377 dicam.
4629 2305 4982 2377 Scribitur

3036 2418 3268 2473 autem
3299 2401 3721 2476 Belisarium
3753 2419 3990 2495 postea
4035 2406 4382 2495 dignitate
4433 2419 4498 2476 et
4531 2407 4785 2499 opibus
4817 2428 4983 2496 spo·

3036 2504 3283 2574 liatum
3314 2527 3462 2574 esse
3494 2530 3533 2575 a
3571 2506 3983 2577 lastiniano.
4051 2505 4132 2577 Id
4161 2509 4349 2598 apud
4380 2505 4804 2597 Procopium
4834 2530 4986 2575 non

3037 2605 3325 2693 legitur,
3371 2608 3494 2699 qui
3525 2621 3761 2678 tamen
3791 2609 3879 2677 de
3913 2602 4231 2676 lohanue
4276 2611 4491 2690 duce,
4537 2610 4737 2677 cuius
4779 2629 4986 2696 prae-

979 2750 1251 2824 Romae
1301 2747 1608 2840 vffiges,
1675 2774 1836 2820 cum
1879 2752 2052 2823 alibi
2103 2749 2512 2827 Ariminum
2574 2755 2938 2843 amisisset,
2982 2745 2988 2793 ;
3036 2706 3239 2795 cipua
3272 2706 3409 2775 fuit
3445 2709 3753 2795 potentia
3795 2722 3951 2799 post
3978 2705 4442 2796 Belisarium,
4495 2729 4816 2800 expresse
4847 2702 4985 2776 hoc

983 2867 1053 2922 et
1083 2850 1470 2922 Ravennae
1513 2863 1877 2927 metueret.
1981 2852 2320 2947 Sequitur
2354 2878 2520 2945 ergo
2551 2855 2938 2927 Belisarius
2984 2869 2988 2902 ¹

3037 2806 3324 2885 scribit,
3405 2803 3876 2877 Iustinianum
3932 2810 3998 2878 ei
4042 2809 4456 2895 dignitatem
4505 2822 4573 2879 et
4625 2828 4795 2897 opes
4841 2808 4984 2875 eri·

3034 2905 3303 2998 puisse,
3368 2928 3671 3001 eumque
3713 2907 3840 2977 diu
3882 2910 4350 2979 mendicando
4393 2910 4657 2978 victum
4704 2908 4986 2999 quaesi-

3035 3006 3241 3080 visse.
3338 3001 3553 3078 Extat
3595 3010 3781 3100 apud
3834 3007 4127 3080 Suidam
4171 3004 4384 3079 buius
4433 3003 4771 3079 lobannis
4801 3002 4986 3099 Cap-

3036 3107 3371 3199 padociae
3398 3105 3752 3181 Praesidis
3778 3109 4192 3201 descriptio:
4260 3102 4555 3206 φύσεως
4580 3108 4791 3203 ἰ’σχυῖ
4828 3102 4985 3178 δεμ

3032 3201 3384 3295 νότατος,
3431 3212 3721 3306 γνῶναι
3775 3204 3871 3282 τὰ
3921 3205 4189 3282 δέοντα
4232 3207 4360 3281 καὶ
4422 3203 4634 3283 λύσιν
4678 3204 4983 3301 ἀπόροις

3034 3304 3275 3404 εὑρεῖν
3307 3302 3772 3397 ἱκανότατος,
3812 3305 4309 3409 πονηρότατος
4334 3305 4416 3383 ’δὲ
4432 3362 4456 3396 ,
4501 3324 4609 3381 etc
4722 3307 4986 3380 Annu-

2980 3398 2984 3517 ἢ
3035 3424 3346 3481 meretur
3404 3424 3638 3483 autem
3698 3412 4033 3505 exemplis
4089 3412 4600 3484 inconstantiae
4654 3415 4984 3482 fortunae

3035 3510 3344 3596 aulicae,
3395 3524 3478 3582 ut
3520 3509 3821 3584 Seianus
3865 3514 4053 3603 apud
4092 3512 4503 3594 Tiberium,
4555 3512 4982 3584 Severianus
5038 3530 5053 3545 ·

3034 3611 3225 3702 apud
3258 3608 3635 3697 Severum,
3684 3609 4074 3707 Eutropius
4104 3617 4290 3707 apud
4324 3610 4809 3684 Theodosium
4846 3608 4984 3682 Se·

3034 3713 3371 3782 cundum.
4959 3729 4963 3734 ’

3234 3809 3394 3884 Etsi
3423 3825 3655 3886 autem
3685 3811 4083 3886 Iustiniano
4116 3811 4286 3886 haec
4318 3812 4620 3902 gloriosa
4648 3814 4978 3883 fuerunt:

3036 3913 3353 4004 expulsio
3384 3913 3874 3986 Vandalorum
3920 3939 4001 3985 ex
4030 3915 4268 3983 Africa
4287 3966 4307 3996 ,
4351 3925 4419 3982 et
4449 3912 4763 4001 expulsio
4795 3909 4981 3981 Got-

3037 4027 3270 4084 torum
3322 4037 3404 4082 ex
3453 4012 3691 4084 Italia:
3767 4027 4005 4095 tamen
4064 4015 4296 4083 clades
4333 4013 4510 4081 alias
4554 4012 4630 4079 in
4676 4011 4978 4100 imperio

3036 4136 3324 4206 magnas
3352 4113 3652 4205 accepit:
3701 4109 3953 4183 Hunni
3984 4125 4346 4183 vastarunt
4387 4135 4709 4201 magnam
4740 4107 4979 4181 Thra-

3038 4215 3186 4284 ciae
3217 4226 3483 4303 partem
3503 4263 3523 4295 ,
3573 4227 3643 4286 et
3672 4212 4113 4285 Pannoniam
4159 4228 4662 4304 recuperarunt
4689 4212 4978 4284 domitis

3038 4316 3140 4385 ibi
3185 4312 3450 4386 Gottis.
3548 4309 3646 4386 Et
3702 4315 3869 4411 quia
3933 4315 4348 4386 coniunctae
4397 4327 4638 4403 gentes
4686 4315 4979 4383 fuerunt

3037 4411 3292 4486 Hunni
3344 4427 3415 4487 et
3457 4408 3767 4501 Avares,
3832 4440 4092 4487 nomen
4133 4412 4460 4504 Hungari
4517 4438 4599 4484 ex
4655 4413 4977 4506 utrisque

3036 4513 3295 4589 factum
3344 4528 3479 4601 est,
3526 4512 3923 4601 Hunniari,
3973 4529 4055 4588 ut
4088 4514 4473 4587 lornandes
4510 4514 4776 4587 scribit.

3239 4615 3415 4686 Tria
3445 4617 3636 4709 pacis
3661 4640 3870 4709 opera
3902 4618 3979 4688 in
4006 4611 4436 4688 Iustiniani
4468 4613 4979 4705 gubernatione

3037 4715 3342 4810 principi
3381 4717 3911 4804 convenientia,
3976 4734 4045 4792 et
4089 4721 4302 4811 digna
4336 4719 4546 4788 laude
4592 4729 4787 4786 sunt:
4841 4713 4985 4785 Le·

3038 5019 3515 5092 Barbarorum
3558 5020 3801 5090 factae.

3246 5121 3360 5211 De
3388 5120 3659 5211 legibus
3686 5143 3833 5190 non
3860 5120 4158 5192 dubium
4181 5133 4303 5205 est,
4346 5116 4700 5210 principes
4730 5115 4984 5186 debere

3043 5217 3179 5291 hoc
3227 5221 3531 5305 efficere,
3581 5233 3663 5292 ut
3700 5234 3886 5294 extet
3930 5220 4048 5292 ius
4090 5236 4278 5294 recte
4321 5220 4657 5312 scriptum
4708 5235 4777 5288 et
4832 5238 4983 5286 cer-

3045 5336 3226 5405 tum,
3275 5345 3416 5415 quo
3450 5335 3521 5392 et
3552 5338 3885 5413 regantur
3914 5319 4262 5410 homines,
4309 5335 4374 5392 et
4402 5321 4479 5391 in
4506 5319 4788 5390 iudiciis
4814 5336 4983 5383 con-

3047 5445 3292 5494 sensus
3341 5422 3655 5493 iudicum
3694 5427 4186 5499 constituatur.
4318 5423 4488 5494 ldeo
4533 5421 4709 5492 etin
4741 5413 4986 5509 politia

3050 5523 3272 5595 Israel
3305 5522 3417 5592 ius
3446 5526 3783 5617 scriptum
3810 5527 3946 5596 suit
3973 5525 4320 5596 divinitus
4346 5524 4713 5601 traditum,
4739 5531 4810 5586 et
4842 5514 4993 5583 col-

3048 5626 3311 5715 legium
3337 5624 3822 5717 interpretum.
3922 5625 4243 5699 Fuerunt
4266 5639 4334 5697 et
4371 5620 4674 5695 Athenis
4702 5616 4999 5706 scriptae

1006 5729 1169 5778 cum
1198 5730 1352 5777 eam
1399 5712 1725 5804 cepisset,
1775 5730 1842 5786 et
1874 5731 2145 5810 partem
2185 5741 2553 5791 murorum
2579 5723 2953 5801 demolitus
3054 5730 3243 5819 leges
3286 5739 3356 5799 et
3394 5719 3946 5824 νομοφύλακες,
4012 5743 4083 5800 et
4124 5727 4397 5801 Romae
4457 5725 4646 5811 leges
4708 5716 5008 5811 scriptae

1107 5810 1462 5881 Μιωπτιι.
1512 5817 1718 5890 Orrn.
1769 5821 1935 5887 Vol..
1963 5819 2122 5889 XII.

3895 5829 4000 5902 67
