6025 6775
499 607 576 689 aas
825 619 902 686 ·,
1033 687 1042 708 ,
1185 605 1215 680 1.
1267 560 1564 678 cuuoutcou
1586 595 1834 677 cauturus,
2447 608 2550 685 735.

498 783 618 856 minus
631 803 753 875 aspera
767 781 841 853 luit
848 802 928 872 erga
935 774 1148 862 Ecclesiam,
1175 799 1282 871 quam
1299 776 1388 846 aliae
1403 797 1484 844 mo-
1532 769 1641 841 fuisse
1655 766 1883 863 Prophetam,
1898 794 1918 843 a
1933 765 2011 845 Deo
2027 774 2186 861 missum,
2212 797 2335 846 recens
2347 780 2520 868 protectio

496 881 676 959 narchiae.
727 880 844 977 Cyrus
865 906 959 953 anno
983 881 1098 975 primo
1116 892 1194 970 post
1211 891 1348 971 captam
1363 874 1484 971 Baby·
1534 872 1631 943 iuter
1653 873 1774 943 leones
1798 874 1963 947 ostendit.
2013 872 2127 947 Erant
2144 877 2254 967 igitur
2267 874 2426 949 Ecclesia
2441 875 2521 967 Dei,

497 987 618 1059 lonem
641 984 754 1056 edidit
767 985 965 1067 decretum,
990 1007 1060 1075 quo
1076 981 1246 1052 concessit
1266 978 1406 1051 ludaeis
1425 1000 1484 1047 re·
1533 973 1646 1064 ipsius
1667 974 1867 1067 auditores,
1899 977 1962 1071 qui
1985 978 2163 1069 professus
2191 992 2243 1050 est
2261 979 2461 1051 doctrinam
2479 979 2521 1051 iu

498 1089 614 1160 ditum
635 1086 676 1155 iu
698 1086 868 1177 patriam,
893 1096 926 1154 et
943 1083 1041 1154 dedit
1063 1085 1228 1155 mandata
1244 1083 1288 1150 de
1305 1079 1486 1152 instaura·¹
1532 1076 1635 1146 libris
1648 1072 1908 1171 Prophetarum
1923 1079 2107 1165 traditam,
2131 1093 2164 1151 et
2184 1075 2277 1151 hanc
2295 1080 2344 1152 ita
2360 1081 2520 1154 illustra·

501 1192 600 1262 tione
627 1186 772 1279 templi,
795 1198 829 1256 et
849 1184 1012 1256 attribuit
1033 1185 1181 1255 reditus.
1232 1181 1387 1275 Fuitque
1411 1183 1484 1250 dux
1532 1177 1602 1263 vit,
1634 1189 1771 1248 utnon
1800 1180 1917 1252 solum
1942 1181 2087 1267 dixerit,
2119 1183 2224 1276 quale
2243 1184 2404 1254 futurum
2427 1195 2520 1254 esset

498 1287 625 1384 populi
654 1286 862 1358 Iudaeorum
885 1284 1105 1369 Zorobabel,
1134 1293 1246 1375 nepos
1269 1286 1359 1373 regis
1384 1280 1482 1352 leco·
1532 1300 1680 1369 regnum
1696 1278 1867 1368 Moesiae,
1893 1295 2031 1375 etquae
2044 1284 2224 1370 beneficia,
2250 1284 2432 1355 sedetiam
2447 1287 2518 1354 nu·‘

498 1391 591 1461 niae.
632 1385 803 1478 Deinceps
817 1386 913 1457 enim
938 1387 1016 1456 sine
1036 1386 1133 1476 regio
1157 1384 1304 1455 nomine
1320 1387 1424 1455 duces
1440 1407 1482 1453 ex
1530 1403 1669 1450 merum
1699 1405 1878 1453 annorum
1907 1385 2095 1475 expressit,
2135 1387 2229 1458 intra
2252 1408 2342 1479 quos
2366 1382 2517 1456 Messias

498 1492 607 1582 stirpe
625 1485 743 1558 David
765 1487 899 1580 populo
924 1485 1136 1559 ludaeorum
1165 1487 1413 1577 praefuerunt,
1446 1497 1482 1554 et
1531 1504 1596 1572 pro
1620 1504 1747 1570 genere
1771 1477 1929 1555 humano
1954 1485 2094 1557 iuturus
2117 1500 2191 1560 erat
2213 1488 2369 1580 victima.
2416 1483 2516 1558 Haec

497 1592 565 1663 fuit
586 1610 744 1658 summus
766 1590 928 1659 sacerdos
945 1586 1061 1675 lesus,
1085 1589 1179 1659 lilius
1196 1586 1352 1658 Iosedek.
1403 1585 1482 1657 Hos
1531 1583 1655 1651 concio
1678 1586 1903 1678 praecipuam
1923 1583 2111 1678 Evangelii
2133 1589 2330 1662 doctrinam
2357 1587 2515 1680 comple-

496 1695 585 1762 duos
605 1689 770 1760 ductores
790 1711 919 1779 magua
941 1690 1131 1761 multitudo
1155 1690 1319 1761 comitata
1346 1701 1416 1774 est,
1440 1698 1481 1758 ut
1531 1682 1650 1753 ctitur.
2029 1760 2031 1764 ¹
2259 1769 2262 1779 Ι

494 1790 664 1883 scriptum
687 1802 740 1860 est
759 1790 799 1859 in
821 1789 916 1861 libro
931 1787 1076 1862 Esdrae.
1128 1791 1182 1862 Hi
1202 1790 1334 1861 reversi
1356 1790 1396 1858 iu
1419 1786 1480 1859 lu·
1632 1781 1687 1854 Ae
1710 1785 1814 1855 valde
1836 1791 1980 1877 prodest
2000 1792 2168 1864 omnibus
2192 1787 2399 1864 homiuibus
2420 1784 2515 1864 hauc

494 1895 619 1964 dagam
633 1911 757 1962 rursus
778 1893 931 1962 condere
947 1895 1073 1963 urbem
1088 1891 1338 1988 lerosolymam
1356 1913 1481 1982 coepe·
1531 1882 1642 1975 ipsam
1667 1886 1874 1958 contionem
1898 1891 2119 1962 notissimam
2142 1917 2236 1980 esse,
2261 1917 2350 1987 quae
2367 1889 2515 1985 quidem

493 2007 602 2080 runt,
628 2005 664 2063 et
682 1993 912 2064 fundamenta
932 1996 1055 2085 templi
1077 1993 1246 2064 iecerunt.
1529 1999 1566 2056 et
1586 1986 1770 2077 perspicue
1792 1990 1921 2060 refutat
1935 1987 2095 2063 ludaeos.
2145 1995 2241 2085 Quia
2256 2018 2337 2065 cum
2352 1992 2514 2078 affirmet,

593 2091 692 2163 Haec
721 2093 909 2166 laetissima
937 2094 1040 2166 initia
1070 2096 1209 2168 turbata
1238 2106 1322 2166 sunt
1350 2091 1479 2184 partim
1530 2099 1644 2158 stante
1674 2088 1799 2179 politia
1827 2088 1985 2162 Mosaica
2013 2106 2202 2165 venturum
2231 2118 2305 2166 esse
2334 2091 2514 2179 Messium,

493 2217 514 2266 a
533 2194 663 2264 vicinis
693 2192 943 2280 samaritanis,
975 2195 1104 2287 partim
1136 2196 1261 2268 aulicis
1283 2193 1479 2268 calumniis.
1530 2210 1605 2257 nou
1619 2188 1769 2259 dubium
1784 2205 1854 2277 est,
1867 2189 1996 2263 'errare
2010 2190 2178 2281 Iudaeos,
2199 2196 2262 2289 qui
2275 2199 2437 2267 nondum
2453 2217 2514 2263 ve-

492 2292 586 2369 Cum
606 2296 703 2365 enim
720 2309 819 2388 pater
830 2292 944 2391 Cyrus
958 2298 1093 2368 bellum
1117 2299 1284 2367 adversus
1299 2294 1479 2385 Massage-
1528 2288 1622 2358 uisse
1634 2287 1803 2363 Messiam
1818 2294 2070 2369 vociferantur.
2120 2296 2231 2387 Saepe
2247 2296 2355 2386 igitur
2376 2297 2515 2386 legatur

477 2403 544 2467 'tas
560 2407 713 2487 gereret,
737 2408 772 2467 et
786 2393 975 2491 Cambyses
991 2398 1090 2468 domi
1107 2410 1288 2488 regnaret,
1314 2392 1480 2468 inchoata
1529 2402 1635 2482 caput
1651 2415 1788 2462 nouum
1796 2392 1967 2483 Danielis,
1983 2398 2047 2468 ubi
2060 2399 2232 2490 scriptum
2245 2411 2312 2469 est:
2338 2395 2515 2488 „Septua-

494 2497 689 2567 aedilieatio
713 2498 838 2590 templi
867 2499 980 2569 edicto
1008 2496 1193 2592 Cambysis
1215 2493 1393 2592 prohibita
1416 2509 1478 2572 est.
1528 2491 1625 2581 ginta
1648 2487 1888 2566 hebdomades
1913 2500 2073 2571 decretae
2095 2514 2179 2573 sunt
2205 2523 2311 2593 super
2338 2499 2514 2592 populum

494 2593 544 2668 Et
563 2609 836 2668 consentaneum
859 2612 928 2684 est,
960 2600 1231 2672 calumniatores
1249 2601 1289 2670 in
1310 2598 1391 2670 aula
1412 2595 1478 2670 hac
1528 2607 1649 2679 tuum,
1675 2608 1710 2666 et
1724 2618 1831 2689 super
1849 2600 1974 2670 urbem
1995 2614 2152 2673 sanctam
2169 2614 2287 2689 tum,
2310 2615 2351 2672 ut
2367 2600 2514 2672 finiatur

494 2719 579 2769 usos
597 2719 671 2768 esse
692 2700 895 2784 occasione,
928 2702 1024 2792 quod
1047 2724 1127 2772 cum
1150 2702 1284 2772 bellum
1313 2701 1478 2771 illaturus
1527 2696 1794 2788 praevaricatio,
1816 2712 1851 2770 et
1864 2700 2070 2791 obsignetur
2086 2716 2279 2793 peccatum,
2304 2716 2338 2773 et
2352 2702 2414 2773 liat
2428 2725 2514 2794 pro·

493 2795 779 2893 essetCsmbyses
787 2796 989 2895 Aegyptiis,
1008 2802 1224 2894 disputatum
1239 2818 1300 2888 est,
1327 2801 1478 2874 ludaeos
1528 2795 1671 2887 piciatio
1685 2819 1751 2887 pro
1767 2814 1929 2887 peccato,
1954 2817 1989 2873 et
2004 2802 2203 2874 adducatur
2223 2803 2361 2874 iusticia
2384 2802 2514 2893 sempi-

492 2922 533 2970 αι
548 2895 722 2994 Aegyptia
738 2899 847 2993 stirpe
862 2923 955 2983 esse,
980 2914 1015 2972 et
1030 2904 1225 2975 cavendum
1242 2927 1331 2991 esse,
1355 2927 1401 2973 ne
1416 2901 1478 2972 lu·
1528 2909 1647 2981 terna,
1671 2909 1713 2967 ut
1723 2900 1941 2990 compleatur
1956 2904 2045 2974 visio
2063 2917 2098 2975 et
2118 2899 2325 2996 prophetia,
2349 2917 2514 2992 11111181·
2537 2983 2542 2992 ,

492 3001 571 3073 daei
592 3022 629 3072 se
646 3023 725 3086 cum
741 2997 926 3096 Aegyptiis
947 3004 1212 3095 coniungerent.
1265 3004 1318 3078 lta
1334 3028 1355 3075 a
1371 3002 1479 3076 Cam..
1528 3011 1588 3068 tur
1601 3008 1742 3069 sanctus
1757 3009 1984 3077 sanctorum..
2013 3002 2110 3076 Scito
2128 3025 2210 3094 ergo
2226 3016 2261 3076 et
2274 3003 2511 3074 considerato:

491 3102 589 3198 bysis
608 3114 766 3193 tempore
783 3105 956 3196 usquead
981 3108 1175 3177 secundum
1195 3131 1328 3178 annum
1342 3103 1479 3195 Longi·
1528 3094 1588 3171 Ab
1603 3098 1699 3169 exitu
1718 3102 1912 3185 sermonis,
1937 3117 1978 3176 ut
1998 3105 2127 3176 iterum
2144 3101 2325 3178 habitetur
2339 3116 2374 3176 et
2389 3102 2513 3175 aedifi-

493 3202 593 3274 mani
608 3202 817 3276 instauratio
834 3204 1003 3297 impedita
1017 3220 1079 3279 est
1113 3205 1256 3281 Actum
1271 3231 1394 3280 rursus
1410 3231 1479 3278 no·
1529 3213 1628 3272 cetur
1639 3200 1849 3289 Ierusalem,
1873 3227 1984 3299 usque
1998 3208 2043 3276 ad
2055 3203 2237 3280 Christum
2251 3204 2399 3293 Ducem,
2421 3200 2512 3275 heb·

491 3325 538 3374 vs
552 3304 791 3377 consolatione
814 3305 968 3399 populus
987 3332 1051 3401 per
1063 3306 1268 3402 Haggaeum
1293 3324 1327 3382 et
1341 3305 1479 3380 zacha.
1529 3303 1697 3373 demades
1726 3316 1857 3397 septem
1887 3321 1922 3378 et
1948 3303 2188 3396 hebdomades
2217 3307 2397 3400 sexaginta
2420 3308 2513 3377 duae

492 3406 584 3478 riatu
596 3408 821 3479 confirmatus
834 3421 898 3480 est.
1530 3416 1653 3484 eruut,
1679 3416 1714 3474 et
1735 3430 1878 3477 rursum
1898 3404 2058 3481 habitata
2075 3411 2159 3497 erit,
2183 3424 2219 3482 et
2239 3411 2420 3481 aedificata
2433 3408 2513 3501 pla·

593 3504 672 3579 Etsi
690 3522 807 3582 autem
822 3507 963 3582 eductio
978 3533 1020 3579 ex
1035 3507 1196 3607 Aegypto
1211 3511 1400 3602 gloriosior
1415 3524 1478 3592 est,
1528 3519 1585 3577 tea
1601 3503 1855 3603 lerosolymae,
1881 3523 1915 3579 et
1929 3512 2043 3595 muri,
2069 3512 2108 3581 in
2124 3513 2284 3603 angustia
2298 3525 2512 3603 temporum.

493 3619 529 3677 et
548 3606 743 3680 manifestis
764 3609 945 3682 miraculis
968 3613 1079 3703 magis
1102 3624 1246 3694 oruata,
1276 3611 1359 3706 quia
1381 3609 1479 3683 Deus
1528 3603 1578 3680 Et
1611 3604 1962 3699 posthebdomades
1996 3613 2175 3704 sexaginta
2212 3616 2300 3685 duas
2332 3612 2513 3682 occidetur

494 3706 610 3777 voluit
634 3710 818 3782 ostendere
841 3713 1043 3783 testimonia
1071 3716 1114 3785 de
1137 3716 1232 3805 lege,
1263 3727 1478 3785 tamennon
1527 3705 1710 3796 Christus,
1748 3724 1785 3781 et
1812 3712 1978 3785 nouerit
2005 3715 2180 3809 popolus,
2214 3728 2250 3788 et
2272 3713 2449 3785 civitatem
2476 3724 2514 3782 et

493 3807 615 3877 minus
641 3808 784 3881 difficile
805 3813 890 3899 fuit,
921 3815 1106 3906 dissipatas
1126 3815 1279 3887 familias
1303 3816 1478 3905 colligere,
1529 3808 1779 3882 sanctuarium
1799 3815 1957 3887 destruet
1985 3816 2138 3908 populus
2159 3813 2269 3888 Ducis
2289 3814 2451 3894 venturi,
2478 3825 2514 3885 et

492 3922 528 3980 et
543 3909 695 3980 inermes
710 3933 774 4004 per
786 3925 839 3983 tot
852 3913 1013 3987 inimicas
1028 3929 1147 4007 gentes
1162 3918 1310 4002 ducere,
1335 3930 1370 3988 et
1384 3917 1479 3989 inter
1528 3911 1608 3982 finis
1622 3912 1697 3984 eius
1710 3913 1921 4004 inundatio,
1948 3930 1983 3989 et
1996 3917 2077 3986 finis
2093 3918 2180 3989 belli
2195 3917 2339 3989 definita
2354 3915 2514 3986 vastitas.-

492 4004 611 4082 hostes
625 4033 749 4084 rursus
761 4026 922 4086 extruere
935 4018 1080 4105 urbem,
1105 4033 1141 4090 et
1159 4019 1348 4112 collapsam
1364 4016 1478 4093 Rem·
1528 4011 1577 4083 Et
1605 4014 1827 4085 confirmabit
1857 4028 2109 4088 testamentum
2137 4019 2260 4091 multis
2287 4014 2513 4088 hebdomade

492 4112 667 4205 publicam
680 4114 867 4189 restituere
882 4131 961 4207 post
975 4143 1087 4190 anuos
1106 4120 1345 4214 septuaginta,
1370 4145 1477 4216 quam
1528 4137 1619 4198 una,
1647 4126 1683 4184 et
1710 4114 1749 4183 iu
1772 4115 1923 4185 dimidio
1951 4109 2185 4189 hebdomadis
2203 4119 2366 4190 deficient
2395 4110 2512 4185 hostia

493 4213 580 4284 olim
599 4215 712 4291 suerat
733 4242 814 4290 cum
839 4219 959 4290 valido
991 4222 1144 4294 exercitu
1171 4222 1323 4294 alienam
1345 4234 1477 4292 terram
1528 4230 1563 4286 et
1576 4214 1804 4301 sacrificium,
1826 4229 1861 4288 et
1875 4215 1944 4287 erit
1957 4219 2149 4308 superalas
2163 4219 2380 4290 abominatio
2397 4228 2513 4286 vasta·

494 4334 673 4404 occupare.
715 4317 876 4414 Utraque
891 4342 948 4389 res
963 4324 1118 4395 ostendit
1133 4322 1248 4394 Deum
1265 4322 1478 4393 mirabiliter
1528 4316 1637 4389 tionis
1656 4329 1862 4410 perpetuae,
1888 4329 1922 4389 et
1936 4318 2082 4390 delinita
2098 4320 2242 4399 vastitas
2257 4320 2366 4390 ellusa
2382 4317 2460 4388 erit

494 4433 633 4484 servare
654 4428 690 4485 et
707 4441 827 4510 regere
849 4416 1063 4506 Ecclesiam,
1095 4436 1129 4494 et
1151 4423 1242 4493 velle
1263 4422 1335 4514 peti
1358 4435 1393 4495 et
1415 4444 1478 4493 ex·
1631 4414 1675 4486 In
1691 4412 1758 4488 hoc
1771 4418 1940 4491 vaticinio
1956 4433 1992 4493 ct
2006 4422 2174 4493 beneficia
2191 4419 2343 4493 Messiae
2358 4418 2512 4490 recitau-

494 4511 627 4603 pectari
643 4514 804 4590 divinum
821 4521 1014 4606 auxilium,
1037 4521 1128 4594 sicut
1144 4538 1178 4594 et
1194 4523 1232 4593 in
1247 4520 1313 4594 hac
1328 4523 1403 4615 ipsa
1419 4546 1478 4595 re·
1527 4533 1607 4599 tur,
1633 4530 1669 4590 et
1688 4543 1783 4590 mors
1804 4518 1957 4593 Messias
1976 4523 2210 4614 praedicitur,
2235 4537 2271 4596 et
2287 4534 2425 4614 tempus
2445 4520 2513 4590 ad·

494 4610 680 4683 stitutione
705 4621 905 4695 consolatur
928 4619 1156 4709 Zachariam,
1188 4626 1334 4696 anxium
1355 4630 1399 4696 de
1415 4627 1478 4696 de-
1527 4631 1655 4691 ventus
1672 4620 1891 4713 exprimitur.
1930 4621 2181 4696 Hebdomades
2196 4625 2292 4695 cnim
2308 4622 2512 4711 intelligen-

492 4710 656 4784 icnsione
680 4717 938 4808 multitudinis,
972 4727 1181 4809 rnrrlicrum,
1214 4751 1478 4818 puerperarum,
1528 4725 1594 4793 dae
1620 4734 1705 4793 suut
1724 4746 1901 4794 annorum
1933 4720 2190 4818 hebdomades,
2222 4739 2263 4797 ut
2289 4724 2329 4793 in
2351 4722 2510 4794 Levitico

494 4814 692 4902 infantum,
721 4838 863 4913 senum,
888 4825 1118 4901 imbecillium
1143 4828 1370 4914 familiarum,
1396 4854 1476 4899 urm
1529 4822 1642 4916 capite
1654 4819 1717 4899 25.
1736 4837 1852 4897 textus
1868 4827 2038 4919 loquitur.
2086 4827 2179 4901 Sunt
2193 4827 2301 4918 igitur
2315 4821 2512 4896 hebdoma-

495 4915 658 5030 noudum
680 4913 853 4993 haberent
874 4937 982 5019 tecta,
1007 4953 1129 5003 muros
1146 4943 1181 5001 et
1200 4930 1394 5023 praesidia,
1420 4931 1478 5000 ina
1528 4928 1590 4996 des
1616 4928 1837 5017 septuaginta
1859 4928 1945 4996 anni
1969 4924 2055 5001 490.

486 5036 638 5119 'qureusz
665 5017 747 5088 Nou
769 5019 807 5089 in
822 5025 993 5115 exercitu,
1016 5057 1092 5104 non
1119 5033 1158 5102 in
1180 5033 1330 5116 robore,
1355 5032 1417 5100 sed
1439 5032 1478 5100 in
1630 5027 1731 5097 Dicit
1745 5041 1861 5097 autem
1877 5024 2023 5096 Daniel:
2055 5026 2142 5100 Post
2157 5024 2397 5098 hebdomades
2413 5048 2512 5095 sexa-

483 5114 633 5207 'Spiritu
647 5141 738 5205 meo,
759 5121 846 5196 dicit
862 5121 1048 5208 Dominus.
1098 5133 1203 5207 Item:
1227 5129 1478 5225 Egoeromu-
1528 5127 1626 5216 ginta
1649 5129 1738 5196 duas
1761 5127 1941 5196 occidetur
1961 5123 2142 5209 Christus,
2172 5128 2223 5199 sic
2245 5143 2384 5212 umen,
2409 5141 2450 5198 ut
2472 5127 2512 5194 iu

495 5239 556 5287 rus
571 5215 696 5306 igneus
711 5221 844 5296 circum
859 5247 931 5299 eos.
1528 5228 1680 5298 dimidio
1705 5222 1937 5299 hebdomadis
1964 5227 2146 5300 confirmet
2173 5242 2441 5314 testamentum,
2473 5227 2512 5296 id

596 5317 680 5407 Quo
703 5321 813 5413 igitur
836 5325 877 5395 in
902 5325 982 5395 loco
1005 5341 1089 5401 tunc
1112 5334 1220 5409 fuerit
1245 5331 1422 5417 Ecclesia,
1444 5346 1477 5403 et
1529 5342 1599 5409 est,
1624 5332 1749 5400 doceat
1764 5341 1799 5399 et
1815 5329 2012 5400 testimonia
2035 5332 2215 5418 ostendat,
2240 5344 2275 5403 et
2296 5331 2427 5402 deiude
2450 5353 2511 5419 pa·

494 5440 583 5510 <1⁰³0
597 5414 762 5497 hlblstffi
786 5425 1007 5512 1111ἷ11101111,
1030 5436 1183 5507 ostendit
1204 5433 1290 5509 haec
1306 5435 1478 5520 reductio,
1528 5431 1638 5502 tiator
1653 5442 1688 5500 et
1705 5443 1874 5519 resurgat.
2499 5488 2505 5501 .

494 5517 531 5586 in
555 5544 625 5613 qua
650 5526 761 5597 multa
783 5540 869 5601 scrut
890 5528 1072 5602 miracula.
1133 5530 1291 5629 Tempus
1312 5536 1477 5628 congruit
1631 5531 1812 5621 Significat
1832 5545 1950 5603 autem
1962 5528 2113 5619 Daniel,
2136 5536 2234 5606 uude
2248 5534 2294 5604 sit
2309 5526 2510 5601 inchoanda

492 5642 573 5689 cum
597 5624 766 5696 vaticinio
789 5626 975 5709 Ieremias,
1009 5630 1070 5723 qui
1097 5637 1286 5722 praedixit,
1311 5652 1390 5731 post
1410 5662 1477 5708 au·
1527 5633 1748 5712 numeratio,
1773 5656 1851 5703 eum
1878 5632 1945 5704 ait:
1980 5629 2039 5705 Ab
2061 5635 2157 5705 exitu
2171 5634 2362 5713 sermonis,
2388 5644 2428 5698 ut
2444 5628 2512 5697 3¹⁰·

492 5743 560 5789 uos
583 5719 633 5793 70
656 5730 827 5818 populum
858 5731 1056 5802 rediturum
1087 5753 1172 5800 osse.
1219 5730 1267 5806 Et
1289 5734 1474 5811 Danielem
1528 5758 1607 5805 rum
1639 5729 1818 5808 habitetur
1848 5746 1884 5815 et
1917 5734 2119 5806 aedificetur
2149 5732 2352 5804 Ierusalem.
2413 5727 2512 5799 Haec
