6025 6775
467 692 562 821 ιιι
1120 734 1280 816 uuor.
1321 736 1397 813 un
1429 737 1764 818 suanense
1798 763 1882 818 arc.

2431 757 2505 830 112

455 906 457 910 Α
490 917 637 1015 quidem
663 912 827 1007 scriptori
849 915 967 1005 ignota
989 922 1088 993 suut,
1120 913 1182 979 sed
1205 925 1245 982 ut
1269 912 1325 982 sui
1347 906 1476 986 theatri
1527 938 1597 1010 qua
1619 937 1694 985 non
1716 917 1831 986 solum
1855 917 1917 988 illa
1940 917 2032 988 mala
2052 919 2299 1011 depelluntur,
2324 923 2509 994 sedetiam

491 1023 636 1116 plausus
665 1029 859 1108 mereatur,
892 1012 1017 1104 repetit
1041 1011 1253 1084 cantilenam
1277 1012 1478 1086 Monacbo-
1527 1016 1642 1108 reipsa
1664 1017 1703 1085 iu
1722 1019 1826 1088 nobis
1839 1019 2086 1101 restituuntur,
2108 1020 2191 1107 vita,
2211 1022 2394 1114 sapientia,
2413 1025 2516 1097 iusti.

491 1146 592 1207 rum,
616 1142 678 1189 seu
693 1114 905 1213 Cynicorum
924 1112 1052 1203 potius.
1103 1112 1275 1185 Nominat
1291 1115 1478 1206 perfectio·
1528 1118 1581 1187 cia
1605 1131 1639 1189 et
1653 1118 1791 1190 laeticia
1806 1133 1961 1194 aeterna.
2015 1119 2191 1193 illucescit
2205 1117 2418 1221 ἦγεμογικῶ
2434 1151 2516 1198 vera

491 1247 576 1297 nem
599 1222 690 1308 illud
713 1215 882 1306 Diogenis
904 1214 1040 1285 dolium
1064 1228 1098 1286 et
1124 1216 1386 1287 mendicitatem
1410 1242 1478 1309 pu·
1528 1215 1596 1290 Dei
1624 1220 1777 1308 noticia,
1817 1246 1897 1294 cum
1929 1224 2049 1293 audita
2078 1249 2163 1294 voce
2193 1195 2519 1327 Evangelii⁵tdyog

492 1339 658 1419 gnantem
681 1344 760 1390 cum
783 1316 897 1386 civilis
920 1317 1012 1387 vitae
1034 1318 1154 1386 nervis
1180 1333 1212 1386 et
1237 1311 1476 1408 pulcherrimo
1528 1321 1662 1392 aeterni
1700 1323 1830 1414 patris,
1872 1324 1947 1415 ipse
1982 1324 2201 1396 voluntatem
2237 1327 2370 1396 aeterni
2408 1332 2518 1418 patris

492 1429 619 1501 ordine
635 1422 718 1508 legis
733 1418 892 1503 divinae,
914 1419 1282 1512 quaedistinctionem
1297 1421 1478 1492 dominio-
1528 1423 1700 1505 ostendit,
1726 1438 1761 1494 et
1778 1425 1846 1495 tibi
1865 1427 1974 1498 vitam
1995 1427 2124 1499 reddit.
2175 1425 2362 1499 Hicetiam
2379 1427 2517 1521 Spiritu

491 1554 574 1601 rum
596 1520 852 1616 sapientissime
874 1521 1000 1593 sanxit.
1059 1520 1200 1592 Scilicet
1223 1515 1308 1590 huic
1330 1523 1479 1612 praesti·
1528 1546 1592 1594 suo
1618 1524 1790 1595 laeticiam
1813 1526 1852 1595 in
1874 1529 1979 1598 corde
2001 1528 2161 1599 accendit
2181 1530 2456 1622 acquiescentem
2479 1533 2517 1600 in

492 1627 618 1724 giatori
640 1647 714 1693 non
737 1634 820 1693 suut
839 1623 987 1715 perfecti
1007 1617 1209 1706 Abraham,
1231 1616 1379 1715 loseph,
1401 1624 1479 1694 Da·
1528 1624 1624 1712 Deo,
1650 1650 1740 1720 quae
1763 1627 1916 1719 impellit
1929 1644 1970 1700 ut
1989 1632 2131 1701 accedas
2150 1632 2193 1700 ad
2207 1627 2340 1716 Deum,
2365 1647 2398 1703 et
2413 1634 2518 1704 invo-

490 1734 571 1816 vid,
604 1720 788 1818 Iosophat,
811 1719 998 1811 Ezechias,
1023 1726 1086 1820 qui
1107 1724 1251 1794 divitias
1273 1738 1308 1793 et
1329 1724 1478 1818 imperia
1530 1751 1609 1797 care
1634 1728 1738 1798 ausis.
1791 1727 1869 1799 Hae
1893 1755 2006 1802 novae
2028 1732 2191 1802 flammae
2213 1734 2252 1802 in
2274 1736 2379 1803 corde
2403 1737 2516 1826 repri·
2573 1753 2577 1759 ’

491 1859 571 1905 eum
591 1841 773 1913 tenerent,
804 1840 897 1897 recte
917 1827 1172 1898 invocaverunt
1194 1822 1331 1911 Deum,
1359 1842 1394 1899 et
1416 1853 1479 1899 cu-
1529 1845 1633 1900 munt
1664 1845 1821 1900 errantes
1853 1832 2017 1924 impetus.
2080 1831 2130 1904 lta
2158 1859 2233 1904 nou
2262 1819 2518 1907 tantum'foris

379 2025 381 2030 ‚
491 1936 607 2006 stodes
624 1930 806 2002 doctrinae
821 1930 986 2015 fuerunt,
1013 1944 1046 2000 et
1061 1928 1321 1997 invocationem
1335 1928 1375 1995 in
1389 1955 1480 2022 quo-
1529 1930 1726 2022 aspergitur
1748 1932 1984 2025 fermentum,
2010 1937 2070 2005 sed
2094 1950 2253 2027 penetrat
2276 1961 2404 2017 omnes,
2415 1939 2519 2022 vires,

490 2035 638 2109 tidiauis
662 2033 755 2103 vitae
776 2032 942 2124 periculis
965 2045 1212 2115 exercuerun13
1244 2030 1379 2100 interea
1398 2056 1479 2124 per·
1530 2032 1620 2103 sicut
1635 2029 1752 2102 Ebrea
1766 2036 2002 2127 adpellatione
2017 2038 2129 2127 magis
2145 2038 2329 2130 perspicue
2344 2040 2520 2128 significa-

490 2129 979 2228 lectutn'nomiuatCynicum
995 2133 1116 2216 illum,
1141 2131 1283 2215 scilicet,
1309 2131 1371 2224 qui
1386 2134 1480 2204 inter
1531 2148 1606 2204 turn
1631 2123 1792 2219 est,'ubi
1813 2138 1961 2209 dicitur:
1995 2138 2083 2209 Tria
2099 2153 2172 2209 sata
2196 2140 2330 2210 farinae
2352 2141 2519 2230 subigito.

492 2253 648 2325 caeteros
673 2230 911 2327 Philosophus
939 2260 959 2306 a
987 2232 1169 2305 Demetrio
1198 2228 1406 2305 Phalereusi
1434 2238 1479 2305 ad
1532 2233 1592 2305 Fit
1615 2229 1702 2304 haec
1724 2238 1881 2310 subactio
1905 2240 1945 2309 in
1968 2235 2025 2310 his
2048 2241 2265 2336 quotidianis
2286 2243 2469 2312 laboribus
2486 2257 2521 2311 et

492 2340 697 2414 convivium
719 2352 882 2414 vocatus.
909 2361 989 2407 cum
1014 2337 1046 2404 ei
1068 2336 1191 2424 lagena
1210 2335 1314 2426 plena
1330 2356 1479 2422 genero-
1532 2336 1729 2420 aerumnis,
1753 2338 1883 2431 quibus
1900 2342 1937 2410 in
1950 2365 2014 2413 suo
2027 2345 2177 2437 quisque
2191 2344 2309 2414 officio
2323 2355 2383 2413 aut
2397 2344 2519 2414 dolore

493 2442 623 2516 sissimi
652 2439 730 2509 vini
760 2438 939 2531 proposita
970 2450 1076 2517 esset,
1114 2449 1290 2528 arreptam
1318 2437 1478 2528 lagenam
1532 2462 1607 2508 non
1632 2438 1758 2509 leviter
1787 2454 1978 2518 exercetur.
2036 2442 2162 2514 Fiebat
2191 2440 2277 2516 haec
2300 2445 2458 2516 subactio
2480 2447 2519 2514 in

492 2543 641 2638 impegit
653 2540 950 2633 capitiDemetrii‚
974 2539 1158 2633 inquiens,
1189 2536 1271 2640 lion
1286 2562 1480 2630 congruere
1532 2537 1685 2625 Davide‚
1718 2565 1798 2611 cum
1817 2567 1858 2612 ex
1877 2567 1986 2634 regno
2011 2546 2140 2615 scelere
2158 2547 2223 2616 filii
2249 2547 2451 2627 eiiceretur‚
2486 2560 2520 2615 et

490 2646 626 2742 Cynico
644 2643 800 2716 delicias.
854 2640 953 2712 Talis
975 2657 1027 2712 est
1042 2640 1145 2710 istius
1157 2636 1283 2734 Cynici
1300 2643 1481 2732 perfectio,
1533 2642 1646 2712 multo
1661 2642 1771 2731 magis
1786 2644 1823 2712 in
1841 2646 1963 2714 animo
1980 2646 2196 2717 cruciaretur
2207 2650 2450 2719 recordatione
2463 2648 2521 2717 sui

492 2773 576 2819 nam
594 2762 628 2818 et
641 2746 792 2835 scriptor
807 2744 868 2813 ille
883 2768 1014 2814 nomen
1029 2767 1050 2812 a
1064 2740 1162 2812 Cane
1174 2736 1292 2815 hahet.
1532 2743 1649 2833 lapsus
1663 2745 1870 2835 turpissimi.
1923 2744 2061 2818 interea
2075 2762 2195 2819 tamen
2211 2751 2425 2820 sustentabat
2439 2773 2520 2819 eum

593 2845 808 2918 Brevissime
835 2845 910 2915 dixi
937 2848 982 2915 de
1010 2843 1165 2916 tenebris
1194 2844 1233 2911 in
1256 2839 1480 2941 ἡγεμονικῷ.
1532 2840 1642 2944 λόγος
1657 2844 1779 2915 vivens
1795 2848 1969 2926 fermento
1986 2862 2107 2923 tectus.
2151 2848 2221 2920 Hic
2233 2852 2437 2920 immensam
2453 2852 2521 2920 bo·

492 2950 567 3023 lam
595 2948 712 3044 qualis
733 2948 894 3018 confusio
916 2948 964 3019 sit
984 2944 1241 3038 adpetitionum
1265 2945 1304 3012 in
1326 2946 1482 3040 θυμικῷ
1533 2943 1752 3017 nitatemDei
1768 2962 1802 3020 et
1820 2973 1974 3020 amorem
1990 2950 2053 3020 filii
2068 2975 2148 3042 erga
2167 2975 2232 3021 nos
2248 2952 2523 3032 consideremus,

492 3068 528 3125 et
551 3051 829 3145 ἐπιθιιμητικῷ,
854 3062 955 3119 vetus
978 3049 1114 3139 pictura
1133 3043 1292 3118 Platonis
1313 3049 1479 3120 ostendit.
1533 3071 1783 3139 agnoscamus,
1816 3051 1907 3140 grati
1935 3053 2170 3139 celebremus,
2201 3067 2234 3125 et
2259 3056 2303 3124 de
2326 3053 2525 3146 praesentia
2558 3108 2563 3126 .

492 3154 568 3246 Qui
590 3155 640 3224 ait
662 3146 843 3222 hominem
865 3148 1003 3245 Scyllae
1023 3147 1174 3218 similem
1191 3171 1284 3232 esse,
1310 3150 1410 3221 cuius
1423 3149 1481 3219 in·
1534 3149 1599 3218 filii
1620 3148 1686 3220 Dei
1709 3152 1747 3220 in
1764 3149 1922 3223 Ecclesia
1943 3155 2193 3246 gubernantis,
2216 3156 2370 3245 regentis
2393 3168 2429 3227 et
2452 3178 2526 3224 ser·

492 3258 603 3328 ferior
629 3279 709 3347 pars
732 3252 861 3344 partim
891 3253 1051 3335 leonem,
1081 3250 1213 3341 partim
1237 3274 1341 3321 canes
1363 3252 1481 3325 refert.
1533 3254 1649 3321 vantis
1672 3275 1766 3338 eam,
1791 3278 1859 3324 nos
1883 3268 1919 3325 et
1939 3257 2027 3326 alios
2045 3271 2138 3328 recte
2157 3259 2362 3338 doceamus,
2387 3270 2428 3327 ut
2443 3278 2524 3324 vera

469 3359 537 3457 ⁸ln
564 3370 753 3449 conspectu
775 3367 858 3424 sunt
878 3352 1099 3424 tristissimae
1123 3352 1338 3425 calamitates
1361 3354 1482 3448 publi·
1534 3353 1713 3427 invocatio
1728 3359 1951 3435 accendatur.
1990 3356 2058 3429 His
2072 3359 2343 3450 cogitationibus
2358 3381 2424 3428 nos
2439 3379 2525 3426 exu-

492 3486 572 3546 cae,
605 3482 695 3554 quae
722 3456 890 3524 oriuntur
918 3455 963 3524 ab
992 3452 1037 3522 iis
1062 3451 1179 3537 viciis,
1211 3455 1255 3523 de
1276 3456 1406 3548 quibus
1425 3457 1482 3526 di·
1535 3457 1716 3542 scitemus,
1747 3462 1844 3552 quod
1875 3485 1956 3530 eum
1977 3463 2163 3544 faciemus,
2198 3463 2311 3533 aderit
2332 3460 2426 3530 lilius
2447 3457 2526 3542 Dei,

493 3579 588 3636 ctum
604 3564 688 3632 est?
1535 3572 1570 3630 et
1589 3559 1790 3629 studiorum
1807 3574 1841 3630 et
1858 3560 1950 3629 vitae
1965 3583 2105 3629 cursum
2123 3575 2239 3648 reget,
2267 3563 2371 3631 faciet
2386 3583 2452 3630 nos
2467 3582 2527 3630 or·

647 3665 728 3733 Nem
740 3680 853 3730 metere
865 3685 966 3748 regna.
1535 3684 1623 3752 gana
1639 3660 1806 3731 salutaria
1821 3659 1925 3730 nobis
1939 3673 1973 3731 et
1986 3656 2174 3731 Ecclesiae.
2224 3658 2305 3748 Quo
2320 3661 2416 3728 bono
2431 3656 2526 3727 nibil

597 3771 752 3836 Luxuries
766 3773 853 3834 ricus
868 3770 1006 3855 odiisque
1021 3771 1160 3853 superbia
1175 3773 1275 3832 vertit.
1535 3763 1682 3853 cogitari
1698 3763 1812 3832 maius
1827 3776 1889 3833 aut
1905 3761 2031 3831 melius
2045 3774 2170 3854 potest.
2223 3759 2359 3850 Quanti
2374 3772 2458 3830 sunt
2472 3759 2525 3826 la-

493 3871 591 3943 Haec
629 3880 702 3939 es'se
734 3868 772 3937 in
806 3867 962 3962 θυμικῷ
993 3879 1027 3937 et
1059 3864 1317 3959 ἐπιθυμητικῷ
1324 3914 1336 3949 ,
1366 3861 1483 3932 mani·
1536 3868 1657 3951 bores,
1690 3879 1823 3959 quanta
1850 3864 2040 3935 certamina
2066 3860 2230 3950 Periclis,
2262 3856 2528 3944 Demosthenis,

493 3977 622 4046 festum
646 3986 715 4054 est,
742 3984 775 4039 et
797 3970 1005 4059 magnitudo
1024 3968 1247 4058 publicarum
1272 3980 1307 4036 et
1327 3963 1483 4058 privata-

495 4102 575 4149 rum
596 4074 835 4144 calamitatum
857 4072 1010 4166 ostendit
1034 4071 1071 4139 in
1094 4069 1258 4162 plurimis
1278 4063 1484 4138 bominibus

496 4181 560 4250 illa
585 4177 676 4247 vicia
698 4174 894 4260 dominari,
920 4188 954 4246 et
971 4198 1052 4244 vere
1066 4173 1292 4267 tyrannidem
1313 4193 1484 4241 exercere·

494 4280 678 4353 Adversus
699 4273 787 4349 baec
806 4277 962 4367 ingentia
986 4276 1078 4344 mala
1101 4275 1138 4342 in
1156 4271 1211 4344 his
1225 4275 1340 4344 tribus
1358 4268 1485 4343 huma·

494 4408 560 4454 nae
583 4398 730 4454 naturae
754 4380 935 4474 partibus,
967 4390 1143 4447 monstrat
1162 4377 1256 4446 filius
1275 4375 1343 4447 Dei
1370 4372 1485 4455 ἅλιξι·

495 4477 718 4581 φάρμακον,
752 4507 827 4554 non
849 4482 949 4575 moly
971 4477 1224 4561 Homericum,
1251 4479 1310 4546 scd
1331 4481 1486 4547 fermen-

1538 3962 1750 4057 Phociouis,
1784 3965 1983 4052 Ciceronis,
2014 3962 2119 4035 Bruti
2152 3979 2186 4034 et
2218 3966 2413 4036 multorum
2437 3962 2527 4032 alio-

1537 4093 1639 4154 rum,
1664 4092 1816 4162 quorum
1841 4068 1989 4138 infoelix
2012 4091 2133 4138 cursus
2157 4067 2226 4139 fuit
2248 4081 2282 4137 et
2306 4067 2392 4160 ipsis
2408 4079 2444 4135 et
2459 4064 2529 4133 im·

1537 4170 1656 4264 periis.
1708 4170 1781 4239 Nos
1796 4167 1873 4239 Deo
1887 4169 2016 4260 gratias
2034 4192 2194 4260 agamus,
2226 4172 2322 4263 quod
2345 4169 2389 4238 ad
2416 4181 2529 4237 aeter-

1538 4296 1603 4342 nae
1618 4269 1796 4342 Ecclesiae
1813 4273 2013 4344 societatem
2030 4285 2062 4341 et
2080 4271 2124 4339 ad
2140 4271 2279 4341 labores
2293 4271 2399 4342 utiles
2413 4265 2529 4338 vocati

1537 4398 1677 4454 sumus,
1712 4388 1747 4444 et
1777 4375 1872 4467 quod
1902 4373 2080 4464 promittit
2101 4370 2197 4442 Deus
2227 4397 2264 4443 se
2291 4373 2529 4465 perfecturum

1538 4500 1632 4561 esse,
1657 4489 1699 4546 ut
1723 4476 1861 4545 labores
1887 4474 2129 4545 invocantium
2154 4498 2234 4544 eum
2257 4475 2331 4546 sint
2350 4475 2532 4554 salutares,

494 4601 592 4669 tum,
623 4588 719 4677 quod
748 4586 824 4674 ipse
854 4583 973 4654 attulit
992 4577 1169 4651 Ecclesiae
1199 4578 1340 4649 sonanti
1363 4603 1484 4648 vocem
1538 4579 1629 4648 sicut
1651 4578 1903 4670 scriptumest:
1930 4575 2148 4648 Commenda
2164 4572 2241 4645 Deo
2260 4577 2354 4645 viam
2378 4591 2475 4646 tuam
2497 4586 2533 4642 et

494 4684 694 4773 Evangelii.
753 4681 844 4771 Quis
871 4684 1046 4753 existimet
1074 4694 1192 4750 autem
1222 4693 1355 4749 tantam
1379 4674 1486 4750 huius
1540 4703 1640 4771 spera
1658 4680 1695 4747 in
1713 4704 1805 4763 eum,
1827 4694 1861 4751 et
1878 4679 2080 4770 ipsefaciet.
2134 4675 2242 4749 ltem:
2270 4676 2352 4748 Non
2372 4676 2534 4747 eritina-

495 4787 663 4859 fermenti
679 4785 752 4853 vim
768 4806 860 4868 esse,
883 4800 924 4856 ut
947 4798 1018 4853 tam
1034 4804 1153 4851 saevas
1173 4794 1287 4871 pestes
1309 4781 1486 4871 depellere
1539 4783 1595 4850 nis
1623 4782 1726 4850 labor
1749 4795 1863 4850 vester
1885 4784 1923 4850 in
1949 4778 2119 4851 Domino.
2171 4777 2205 4848 T
2207 4804 2226 4849 e
2256 4780 2364 4868 igitur
2385 4778 2437 4847 lili
2454 4775 2536 4860 Dei,

496 4889 627 4983 possit,
652 4886 816 4959 tenebras
836 4885 876 4954 in
896 4898 1036 4969 mente,
1061 4882 1225 4953 incendia
1243 4884 1420 4953 malorum
1435 4883 1487 4952 af·
1539 4881 1694 4954 Domine
1709 4881 1789 4952 lesu
1804 4879 1963 4967 Christe,
1987 4895 2061 4952 toto
2084 4893 2225 4972 pectore
2239 4906 2325 4967 oro,
2351 4895 2392 4951 ut
2408 4876 2535 4949 Eccle-

495 4995 651 5063 fectuum
666 4989 705 5059 in
723 4990 849 5074 corde,
875 4986 1104 5073 ambitiones,
1130 4987 1231 5068 odia,
1258 4985 1486 5077 cupiditatem
1540 4986 1607 5054 sias
1622 4979 1748 5054 barum
1763 4986 1947 5074 regionum
1963 5006 2080 5052 serves
2095 4996 2130 5053 et
2145 4984 2340 5072 gubernes,
2367 4995 2401 5052 et
2416 4981 2533 5060 facias,

497 5093 695 5179 vindictae,
722 5106 879 5164 errantes
902 5113 1059 5173 amores,
1086 5103 1119 5161 et
1136 5091 1370 5160 obscenarum
1385 5086 1489 5158 volu-

497 5211 634 5289 ptatum
658 5194 888 5285 cupiditates,
923 5194 996 5263 imo
1017 5192 1144 5272 etiarn,
1170 5208 1211 5262 ut
1231 5192 1408 5283 depellere
1430 5190 1488 5258 in-

473 5382 476 5389 ,
498 5298 666 5368 sidiantes
686 5296 849 5364 diabolos
871 5296 993 5386 possit.
1060 5292 1242 5365 Adversus
1266 5307 1405 5364 tantum
1427 5316 1489 5362 cu-

497 5400 635 5470 mulum
655 5397 852 5479 malorum,
877 5391 962 5487 quid
981 5395 1133 5487 opponis
1150 5395 1310 5482 exiguam
1325 5393 1489 5462 fermenti

498 5525 667 5580 massam,
696 5499 790 5592 quod
809 5496 956 5587 perinde
974 5497 1134 5574 videtur,
1161 5518 1199 5563 ac
1218 5495 1248 5563 si
1264 5495 1351 5564 velis
1369 5497 1489 5564 omnia

499 5601 648 5694 Alpium
662 5603 742 5691 iuga
758 5599 870 5689 digito
888 5611 946 5668 aut
965 5596 1082 5685 fragili
1100 5597 1275 5665 arundine
1290 5597 1491 5666 transferre.

500 5701 570 5774 Sed
587 5706 737 5774 sciamus
753 5703 869 5795 ipsum
886 5700 999 5769 hlium
1011 5698 1078 5769 Dei
1095 5699 1217 5767 adesse
1232 5692 1317 5767 huic
1334 5699 1491 5765 fermen-

500 5817 559 5888 to,
590 5829 655 5874 nec
685 5830 757 5876 esse
787 5806 931 5874 inanem
961 5801 1118 5872 sonitum
1148 5824 1270 5870 vocem
1293 5795 1492 5885 Evangelii,

500 5907 560 5974 sed
584 5928 705 5977 revera
727 5931 800 5977 esse
819 5906 1014 5999 potentiam
1037 5902 1121 5989 Dei,
1147 5918 1188 5976 ut
1208 5892 1341 5974 Paulus
1365 5897 1493 5992 iuquit,

1542 5102 1582 5157 ut
1599 5087 1637 5155 in
1654 5084 1730 5156 Deo
1745 5111 1857 5158 unum
1876 5087 1999 5156 simus
2051 5081 2146 5157 Dixi.

2153 5300 2534 5320 -.—--.-.--—-

2365 5495 2414 5539 an.
2440 5468 2538 5535 1555.

2358 5557 2533 5608 m

1542 5470 1611 5540 No.
1635 5509 1767 5524 —-

1551 5567 1764 5604 Μ

1615 5688 1787 5744 Aenariam
1806 5688 1847 5740 od
1863 5687 2002 5742 Doctores
2013 5689 2272 5772 tfmtmhrgemer,
2289 5682 2445 5767 incipieuss·
2455 5681 2543 5764 „Uti-

1646 5766 1941 5898 tdffb‘itohewfu?
1956 5757 2089 5882 gqqlpcsur
2102 5756 2194 5812 erset¹'
2210 5763 2277 5820 stc„
2295 5753 2420 5812 videatur
2436 5770 2466 5806 ru
2480 5751 2542 5822 Epr-
