6025 6775
499 532 573 612 aaa
1110 535 1114 544 ’
1148 524 1211 618 -ι
1249 515 1544 622 cflttoNtcoN
1567 513 1817 603 canionis.
2003 493 2005 496 ’
2440 534 2515 617 aaa

497 724 573 782 tum
587 705 631 779 de
646 721 768 781 nostro
787 705 996 794 exitio‚ctc.
1044 697 1140 774 Huic
1154 714 1362 792 argumento
1377 702 1478 772 nulla
1526 721 1600 770 esse
1629 697 1761 790 inquit.
1817 689 1873 767 Ac
1905 694 2015 767 verbo
2037 693 2130 795 ‘qui
2135 696 2302 773 ascend
2306 697 2321 773 i
2351 701 2513 781 horribi.

416 826 421 836 ’
498 824 657 883 creatura
683 811 897 902 respondere
925 820 1053 901 posset.
1110 800 1182 874 Sed
1207 803 1302 874 filius
1323 800 1391 874 Dei
1419 825 1477 873 re·
1526 800 1572 870 lis
1586 798 1754 872 securitas
1769 798 1908 889 generis
1929 791 2079 870 humani
2101 814 2217 875 taxata
2233 819 2301 891 εει,
2325 829 2416 898 quac
2429 834 2509 882 coe-

497 910 725 1005 sponsionem
747 911 920 995 ostendit,
952 908 1013 1002 qui
1035 903 1216 974 Minorem
1237 905 1287 975 sic
1309 901 1476 995 explicat:
1526 925 1566 972 ca
1589 915 1625 973 et
1642 901 1766 971 furens
1787 900 1981 974 contemnit
2000 900 2090 973 iram
2107 900 2195 989 Dei,
2220 908 2334 980 donec
2350 910 2508 983 sentiun-

497 1010 643 1085 lusticia
657 1011 730 1081 Dei
746 1025 816 1097 est,
829 1024 869 1082 ut
883 1008 1125 1080 inobedientes
1137 1018 1300 1098 pereant:
1324 1003 1405 1075 Nisi
1420 1027 1477 1075 sa·
1525 1015 1586 1075 tur
1610 1025 1757 1095 poenae.

496 1115 604 1187 tisiiat
617 1112 777 1184 iusticias
789 1112 861 1183 Dei
878 1130 992 1202 poena
1011 1107 1233 1199 deprecantis
1253 1105 1320 1173 tilii
1332 1128 1398 1196 pro
1416 1127 1479 1195 ge-
1627 1102 1753 1175 Postea
1773 1117 1964 1177 narrantur
1981 1130 2096 1199 poena
2117 1104 2227 1197 Cain,
2259 1123 2294 1183 et
2313 1111 2428 1186 series
2441 1138 2510 1208 po-

495 1238 582 1285 nere
602 1207 778 1296 humano,
804 1224 838 1281 ει
857 1210 897 1278 in
919 1233 994 1281 sese
1013 1210 1105 1279 iram
1119 1205 1353 1277 inenarrabili
1369 1207 1478 1277 roise-
1525 1203 1692 1277 steritatis
1709 1205 1839 1297 ipsius,
1864 1220 1898 1280 ει
1920 1208 2052 1279 artium
2071 1211 2243 1286 inventio.
2293 1212 2441 1287 Necesse
2456 1232 2509 1290 est

496 1313 651 1387 ricerdis
672 1311 872 1384 derivantis.
930 1310 1075 1382 Prolata
1102 1307 1213 1397 igitur
1241 1307 1478 1398 promissione
1526 1319 1562 1377 et
1582 1307 1670 1376 anni
1693 1307 1866 1379 rationem
1890 1310 2008 1381 statim
2026 1309 2131 1384 initio
2146 1315 2322 1405 cognitam
2338 1330 2372 1388 et
2394 1320 2510 1389 tradi-

496 1437 620 1488 rursos
639 1410 794 1484 Ecclesia
822 1413 965 1484 condita
986 1424 1056 1496 est,
1087 1433 1129 1480 ac
1153 1410 1319 1500 deinceps
1340 1432 1478 1502 semper
1524 1419 1597 1478 um
1612 1429 1704 1496 esse,
1729 1410 1813 1502 quia
1830 1412 1936 1481 series
1954 1435 2129 1484 annorum
2142 1416 2228 1487 inde
2246 1441 2356 1510 usque
2369 1420 2415 1490 ab
2437 1419 2510 1489 ini-

497 1514 605 1616 buips
616 1512 862 1605 promissionis
874 1513 1037 1585 doctrina
1050 1510 1120 1582 fuit
1131 1505 1308 1581 Ecclesiae
1321 1512 1478 1602 propria,
1525 1508 1576 1579 tio
1588 1511 1726 1598 generis
1742 1506 1893 1582 humani
1915 1511 1955 1581 in
1970 1515 2076 1585 sacris
2093 1517 2196 1588 libris
2213 1518 2403 1608 diligenter
2419 1524 2508 1591 reci-

497 1632 530 1689 et
551 1635 634 1702 cam,
652 1614 699 1684 ab
720 1614 802 1686 aliis
822 1614 1001 1699 coetibus,
1027 1612 1091 1707 qui
1112 1635 1150 1682 se
1171 1624 1292 1704 postea
1309 1634 1331 1683 a
1350 1611 1477 1706 primis
1525 1621 1597 1681 tata
1619 1623 1682 1684 est.
1730 1607 1779 1684 Et
1801 1628 1921 1704 postea
1942 1615 1981 1684 in
1998 1618 2200 1689 narratione
2221 1620 2349 1690 diluvii
2369 1644 2509 1693 menses

491 1715 699 1812 parentibus
712 1715 959 1801 seiunxerunt,
983 1713 1155 1787 distinxit,
1525 1722 1770 1786 numerantur.
1816 1711 1893 1788 Est·
1905 1730 2022 1789 autem
2043 1740 2169 1808 magna
2183 1744 2264 1812 pars
2281 1721 2447 1794 scientiae
2464 1724 2508 1793 de

592 1813 678 1895 Vll.
703 1815 865 1910 Septimo
881 1818 1075 1889 recitantur
1088 1836 1211 1887 musae
1226 1815 1477 1890 calamitatum.
1525 1810 1682 1882 motibus
1713 1823 1909 1901 astrorum,
1941 1819 2030 1888 scire
2058 1835 2177 1893 motus
2198 1820 2292 1892 Solis
2315 1836 2350 1895 et
2374 1824 2508 1896 lunae.

494 1917 637 1992 Poenae
658 1932 742 1990 sunt
762 1920 871 2011 primi
890 1919 1027 2012 lapsus,
1053 1941 1168 1998 mors,
1194 1939 1385 1988 aerumnae
1405 1913 1477 1987 Ec·
1527 1909 1647 2000 Quare
1667 1911 1850 1984 fatendum
1873 1927 1940 2001 est,
1974 1932 2010 1989 et
2029 1914 2137 1993 huius
2157 1923 2338 1994 doctrinae
2362 1925 2467 1997 initia
2487 1950 2509 1995 a

493 2021 638 2105 clasiae,
671 2017 894 2091 tristissimae
918 2021 1069 2090 insidiae
1100 2017 1345 2106 diabolorum,
1381 2017 1477 2090 iuxta
1526 2011 1652 2105 primis
1672 2014 1879 2105 parentibus
1900 2019 2028 2087 tradita
2059 2045 2146 2094 esse.
2194 2020 2245 2096 Et
2277 2049 2358 2096 cum
2389 2023 2509 2096 Adam

494 2122 645 2196 dictum:
687 2115 865 2190 Ponam
899 2117 1191 2191 inimicicias
1224 2115 1347 2188 inter
1377 2139 1478 2188 scr·
1526 2127 1608 2186 ante
1628 2114 1766 2206 lapsum
1791 2117 2092 2206 aspicienstotom
2119 2126 2209 2193 coeli
2227 2125 2510 2218 etterrseopiii-

492 2229 666 2318 perstem
696 2228 736 2292 ct
754 2243 896 2292 semen
923 2220 1154 2293 mulieris.
1211 2218 1333 2292 Simul
1360 2234 1477 2291 autem
1526 2214 1641 2301 cium,
1668 2215 1782 2286 multa
1804 2218 2034 2305 intellexerit,
2073 2244 2164 2313 quae
2192 2240 2312 2316 postea
2346 2224 2510 2298 homines

493 2324 709 2416 amplissima
736 2323 931 2396 consolatio
959 2324 1141 2418 proposita
1167 2334 1220 2392 est
1250 2322 1296 2391 de
1326 2321 1478 2411 gloriosa
1525 2318 1600 2387 acie
1613 2317 1743 2387 mentis
1762 2333 1946 2409 penetrare
1968 2344 2041 2390 non
2057 2335 2241 2414 poterant,
2267 2352 2342 2398 non
2358 2330 2511 2399 dubium

494 2425 661 2509 victoria,
693 2448 764 2517 qua
788 2419 947 2496 Ecclesia
975 2425 1255 2515 omnitempore
1280 2424 1479 2496 servabitur
1527 2431 1589 2504 est,
1613 2440 1694 2489 cum
1708 2419 1842 2491 semina
1859 2423 2103 2492 doctrinarum
2116 2423 2257 2512 deDeo‚
2283 2430 2327 2498 de
2335 2428 2423 2498 coeli
2434 2453 2512 2497 mo-

495 2527 543 2597 ab
555 2526 619 2595 illo
630 2522 805 2614 Domino,
829 2527 894 2623 qui
906 2541 1084 2620 assumpta
1099 2519 1254 2595 humans
1268 2537 1395 2595 natura
1411 2525 1478 2596 crit
1526 2520 1641 2604 tibus,
1666 2520 1758 2590 etde
1772 2522 1879 2593 rebus
1894 2524 2121 2596 nascentibus
2141 2526 2327 2599 tradidisse
2350 2533 2512 2622 posteris.

492 2648 617 2698 semen
637 2623 808 2703 mulieris.
858 2625 957 2698 Haec
976 2640 1050 2701 tota
1071 2627 1232 2698 doctrina
1246 2626 1416 2718 paulatim
1430 2626 1477 2695 il·
1625 2619 1859 2712 longaevitas
1881 2626 1986 2697 etiarn
2003 2638 2147 2715 patrum
2163 2628 2304 2718 signum
2319 2644 2389 2717 est,
2414 2632 2513 2725 quod

493 2727 640 2800 lustrata
662 2740 733 2814 est,
764 2742 903 2800 utnon
927 2730 1070 2816 dubito,
1102 2726 1291 2820 colloquiis
1319 2726 1385 2797 tilii
1409 2724 1476 2798 Dei
1527 2723 1702 2807 ostendit,
1727 2725 1927 2796 doctrinam
1942 2727 1988 2797 ab
2003 2728 2053 2797 eis
2067 2744 2295 2820 propagatam
2308 2756 2391 2805 esse.
2425 2730 2512 2803 Ideo

494 2851 575 2900 cum
588 2829 813 2921 parentibus,
834 2828 923 2902 sicut
1025 2829 1260 2922 nnesinquit:
1287 2826 1401 2899 Filius
1415 2828 1477 2921 qui
1527 2822 1624 2892 enim
1649 2822 1756 2914 longa
1779 2827 1873 2898 vitae
1893 2827 2009 2919 spacia
2024 2829 2146 2898 multis
2167 2854 2328 2903 concessa
2345 2847 2448 2918 sunt,
2471 2848 2513 2905 ut

494 2943 546 3002 cst
566 2929 606 2998 in
627 2930 710 3000 sinu
732 2919 857 3020 patris,
883 2932 921 3022 ip
939 2955 959 3002 ε
976 2931 1156 3003 enarravit
1176 2929 1293 2999 nobis.
1341 2924 1391 2999 Et
1403 2929 1478 3021 ipse
1527 2936 1643 2993 esseut
1656 2935 1761 2995 testes
1784 2927 1829 2997 de
1844 2929 2024 2999 continuis
2043 2930 2339 3019 patefactionibus
2353 2931 2442 3022 Dei,
2467 2935 2514 3004 de

494 3029 663 3112 affirmat,
688 3053 726 3100 se
749 3031 854 3101 initio
875 3032 1034 3105 locutum
1052 3055 1126 3104 esse
1141 3032 1181 3100 in
1195 3027 1371 3115 Ecclesia,
1397 3054 1478 3100 curn
1526 3026 1660 3111 forma,
1686 3025 1944 3101 collectioneet
1957 3029 2162 3100 defensione
2177 3027 2374 3121 Ecclesiae,
2399 3046 2434 3103 ct
2457 3046 2513 3106 to-

491 3133 626 3226 inqnit:
659 3126 730 3227 τὴν
750 3127 879 3227 ἀρχὴν·
898 3128 955 3205 ὅτι
981 3131 1046 3207 καὶ
1072 3136 1172 3205 icini
1196 3127 1302 3224 ὑμῖν.
1360 3127 1411 3202 Et
1437 3131 1478 3200 in
1528 3127 1599 3200 tius
1612 3127 1795 3198 doctrinae
1812 3127 2058 3206 illustratores.

492 3231 697 3306 Proverbiis
718 3231 936 3306 Salomonis:
970 3233 1384 3331 Delectatioqsapientiae
1412 3233 1478 3303 iiiii
1629 3226 1739 3300 lnitio
1755 3241 1802 3313 fet
1830 3230 1957 3319 figuras
1987 3233 2186 3305 literarum'
2203 3233 2412 3324 extentatas
2438 3258 2512 3308 esse

494 3357 577 3407 curn
596 3334 685 3407 filiis-
699 3330 902 3412 hominum.
1528 3349 1668 3401 necesse
1690 3343 1753 3402 est.
1803 3329 1898 3421 Quia
1923 3347 1963 3405 ut
1982 3347 2123 3427 patrum
2147 3337 2254 3410 series
2271 3349 2515 3424 annotaretur,

596 3434 697 3510 Vlll.
737 3433 895 3525 Octavo,
920 3433 1109 3510 Paradisus
1124 3437 1297 3530 significat
1312 3453 1347 3509 ει
1359 3438 1476 3509 locum
1528 3454 1618 3524 opus
1636 3431 1706 3502 iuit
1729 3431 1852 3505 literis.
1906 3430 1956 3506 Et
1983 3436 2112 3509 citatur
2140 3435 2328 3531 prophetia
2348 3436 2513 3524 chocb‚
2560 3442 2581 3535 Ἰ

493 3551 608 3608 terrae
628 3538 831 3626 meliorem,
862 3553 898 3611 et
918 3538 1025 3607 talem
1050 3534 1240 3610 hominum
1263 3552 1412 3619 statum,
1438 3538 1478 3607 in
1528 3555 1634 3627 quam
1650 3533 1816 3625 scriptam
1832 3557 1906 3604 esse
1922 3550 2196 3610 consentaneum
2213 3554 2276 3611 est.

495 3660 570 3729 quo
583 3636 660 3707 sine
675 3652 815 3729 peccato
829 3654 866 3712 et
881 3640 957 3710 sinc
971 3652 1086 3710 morte
1105 3641 1285 3714 vixissent.
1334 3635 1478 3710 Etcum
1627 3632 1682 3704 Ac
1703 3637 1874 3706 memoria
1899 3638 2047 3727 dignum
2075 3653 2144 3726 est,
2170 3645 2266 3735 quod
2281 3658 2416 3715 veteres
2433 3641 2514 3733 qui·

494 3738 843 3831 quatuoriluminum
853 3743 968 3813 sontes
981 3742 1019 3810 in
1029 3742 1194 3834 paradiso
1208 3741 1352 3825 fuerint,
1367 3740 1478 3830 signi-
1529 3735 1612 3805 dam
1625 3748 1784 3827 tempora
1799 3740 1926 3807 mundi
1942 3740 1992 3808 sic
2010 3740 2279 3817 distribuerunt.
2326 3741 2377 3814 Ut
2390 3744 2428 3811 in
2446 3739 2515 3812 ho-

494 3839 638 3910 ficatum
657 3853 728 3926 est,
761 3839 858 3913 illam
880 3843 1065 3914 meliorem
1080 3857 1216 3936 partem
1232 3857 1344 3914 terrae
1360 3838 1478 3912 homi·
1529 3837 1625 3906 mine
1642 3836 1849 3929 praecipuae
1864 3838 1957 3910 vires
1971 3855 2054 3914 sunt
2076 3836 2322 3939 ἡγεμονικὸν,
2348 3840 2516 3937 θυμικὸν

493 3940 681 4012 nes'inisse
695 3937 933 4029 habitaturos,
958 3945 1021 4037 qui
1039 3947 1208 4036 irrigatur
1219 3944 1272 4014 'ab
1284 3940 1478 4034 Euphrate,
1531 3953 1565 4009 et
1597 3935 1887 4037 ἐπιθυμητικὸν,
1911 3940 1958 4011 ἰιε
1975 3943 2100 4012 dicunt
2116 3945 2221 4014 initio
2239 3947 2277 4015 in
2305 3968 2431 4035 genere
2447 3940 2518 4015 hu-

493 4040 661 4132 Tigride‚
689 4040 817 4133 Gange
839 4058 874 4117 ct
895 4043 991 4119 Nilo.
1043 4044 1086 4116 ld
1107 4047 1265 4137 spacium
1287 4067 1478 4135 propemo-
1529 4062 1636 4110 mano
1652 4041 1841 4132 praecipue
1853 4061 2013 4128 regnasse
2022 4038 2257 4139 ἡγεμονικὸν,
2278 4049 2314 4115 id
2325 4059 2389 4130 est,
2401 4047 2517 4117 excel-

492 4146 575 4213 dom
593 4159 644 4217 est
661 4147 764 4219 tertia
779 4168 862 4236 pars
882 4148 994 4219 totius
1007 4144 1107 4219 orbis
1128 4161 1252 4219 ienae.
1530 4141 1639 4211 luisse
1654 4140 1863 4230 sapientiam
1886 4164 1966 4209 cum
1983 4157 2075 4212 artes
2092 4144 2257 4216 inventae
2274 4160 2377 4230 sunt,
2402 4158 2436 4216 et
2450 4169 2517 4233 gu-

592 4244 686 4319 Eiici
707 4260 827 4321 autem
847 4271 890 4317 ex
910 4246 1081 4320 Paradiso
1101 4263 1171 4336 est,
1197 4273 1237 4319 ex
1254 4248 1317 4318 illo
1332 4247 1478 4317 meliore
1531 4241 1693 4312 bernatio
1729 4234 1845 4309 adhuc
1876 4253 2022 4330 paterna
2058 4243 2146 4330 iuit,
2180 4248 2287 4338 plena
2314 4246 2519 4336 sapientiae,

494 4360 583 4415 statu
599 4352 696 4436 eiici,
721 4350 917 4443 etquidem
938 4342 1071 4419 habere
1084 4352 1205 4420 omnia
1221 4351 1394 4418 elementa
1411 4348 1479 4416 mi·
1531 4340 1691 4410 iustitiae
1715 4351 1749 4409 el
1772 4341 1982 4416 autoritatis.

494 4465 562 4511 nus
580 4447 727 4521 foelicia.
757 4511 760 4515 .
779 4449 906 4522 Fuisse
927 4461 1047 4519 autem
1062 4452 1180 4520 sedem
1198 4450 1395 4541 primorum
1411 4445 1479 4517 ho·
1633 4439 1796 4512 Secunda
1813 4454 1908 4513 aetas
1929 4444 2001 4516 fuit
2015 4442 2180 4540 θυμικὴ,
2207 4448 2246 4515 in
2262 4448 2519 4540 qua'excclluit

494 4542 632 4613 minum
661 4549 700 4617 in
729 4552 873 4642 regione
892 4548 1010 4620 vicina
1032 4548 1205 4621 Damasco
1230 4573 1305 4619 non
1328 4549 1479 4620 dubium
1530 4543 1705 4614 fortitudo
1720 4542 1759 4611 in
1773 4543 1897 4625 bellis,
1923 4559 1958 4616 ει
1973 4545 2122 4637 imperia
2139 4547 2331 4620 constituta
2345 4562 2440 4623 sunt.
2474 4547 2517 4619 ln

494 4658 556 4716 est.
599 4642 718 4733 Quare
732 4653 830 4724 etibi
847 4651 1012 4727 conditos
1029 4674 1102 4722 esse
1117 4653 1313 4725 credamus.
1352 4649 1479 4722 Postea
1530 4641 1597 4716 hac
1626 4657 1737 4716 aetate
1758 4646 1972 4736 complector
1999 4661 2152 4741 quatuor
2181 4646 2427 4731 monarchias,
2458 4650 2520 4735 δὴ,

493 4745 708 4816 describitur
728 4759 908 4837 generatio
932 4754 1069 4847 primae
1093 4754 1246 4835 sobolis,
1271 4767 1307 4824 et
1321 4754 1480 4824 ostendi·
1530 4760 1571 4818 ut
1586 4745 1730 4820 initium
1745 4748 1792 4818 sit
1805 4770 1825 4817 a
1840 4744 2028 4835 Nimrotb,
2053 4772 2166 4844 usque
2183 4751 2227 4821 ad
2244 4747 2378 4823 lulium
2391 4749 2520 4823 Caesa·

492 4862 570 4931 tur,
597 4848 712 4941 qualis
734 4851 841 4925 suerit
862 4859 978 4949 prims
997 4851 1172 4941 Ecclesia,
1196 4869 1233 4927 et
1254 4876 1344 4949 quae
1358 4856 1494 4925 'cenae
1531 4872 1625 4930 rem,
1645 4861 1725 4941 post
1739 4872 1845 4942 quern
1860 4863 1976 4922 secuta
1992 4866 2044 4923 est
2058 4866 2220 4924 senectus
2235 4848 2424 4925 hominum
2439 4854 2520 4925 lan·

435 5034 444 5051 ί
492 4947 591 5017 mina
624 4951 743 5020 statim
779 4952 872 5025 inter
901 4961 1027 5030 iratres
1064 4971 1185 5029 exorta
1210 4957 1293 5028 sint.
1350 4952 1402 5025 Ac
1426 4954 1480 5026 ihi
1530 4949 1637 5041 guida
1652 4962 1687 5021 et
1701 4952 1819 5023 dedita
1836 4952 2093 5042 voluptatibus.
2146 4952 2189 5023 ln
2213 4948 2280 5024 hac
2304 4968 2427 5046 regnat
2443 4954 2520 5027 ἐπι-

493 5048 682 5121 conciones
706 5052 792 5142 legis
817 5056 1027 5145 recitantur,
1052 5074 1086 5133 et
1110 5058 1267 5130 sancitur
1281 5056 1360 5140 lex,
1389 5079 1480 5149 quae
1530 5046 1758 5146 θυμητικὸν.
1815 5047 1908 5122 Ειεί·
1926 5054 2023 5123 enirn
2052 5068 2087 5126 et
2112 5054 2150 5124 in
2177 5067 2354 5147 postrema
2380 5068 2522 5128 senecta
2542 5068 2544 5073 ’

491 5144 662 5241 prohibet
682 5165 718 5224 et
739 5153 844 5245 punit
866 5151 1075 5248 homicidia,
1107 5174 1144 5232 et
1166 5180 1326 5251 expresse
1347 5157 1481 5228 dicitur
1529 5154 1684 5223 multum
1710 5164 1761 5222 est
1781 5152 1979 5234 bellorum,
2003 5167 2123 5225 tamen
2145 5178 2220 5225 non
2247 5157 2384 5246 geritur
2399 5181 2454 5228 res
2470 5155 2521 5228 si-

492 5251 537 5320 de
559 5265 711 5323 venturo
736 5255 888 5327 iudicio:
919 5254 974 5327 Si
999 5258 1146 5333 bonus
1173 5256 1355 5360 fucris,
1388 5256 1480 5327 aris
1529 5253 1610 5323 mili
1624 5252 1745 5344 vigore
1761 5248 2167 5329 animorumctlabore.
2219 5256 2413 5330 Tumultus
2433 5260 2522 5330 assi·

492 5361 727 5448 acceptus:
754 5356 821 5430 Sin
835 5358 971 5444 malos,
995 5377 1176 5449 peccam
1191 5377 1293 5435 tuum
1315 5361 1482 5456 quiescet,
1529 5356 1593 5426 dut
1613 5367 1718 5440 sunt,
1750 5356 1881 5450 quibos
1900 5355 1992 5427 liunt
2020 5358 2256 5447 vastationes,
2288 5385 2363 5432 non
2387 5359 2523 5431 consti·
2596 5436 2599 5441 ,

492 5452 606 5524 donec
621 5459 851 5534 revelabitur.
889 5455 959 5529 Hic
975 5459 1207 5548 significatum
1222 5479 1293 5554 est,
1317 5464 1481 5536 futurum
1530 5470 1682 5530 tuuntur
1695 5478 1761 5528 nec
1779 5469 1954 5530 ornantur
1970 5458 2131 5552 imperia.
2183 5458 2235 5532 lta
2252 5462 2425 5556 paulatim
2441 5462 2523 5529 lan-

493 5576 587 5642 esse,
614 5571 656 5629 ut
678 5559 890 5657 aliquandiu
918 5559 1133 5632 differantur
1155 5590 1303 5660 poenae.
1352 5562 1481 5654 Quau-
1530 5559 1674 5650 gualieri
1708 5570 1874 5632 naturam
1905 5558 2186 5650 consideremus,
2234 5576 2269 5634 et
2311 5562 2525 5652 cogitemus,

491 5677 600 5746 susm
631 5675 751 5736 autem
778 5660 1011 5747 differantur,
1034 5671 1164 5751 ,umen
1183 5682 1280 5743 certo
1313 5680 1481 5742 venturas
1529 5663 1643 5736 multa
1657 5660 1799 5760 ‚deuna
1825 5663 1866 5734 in
1888 5654 2049 5737 Εεείεείε
2073 5676 2111 5738 ει
2142 5663 2305 5758 imperiis
2331 5675 2526 5758 sequutura
