6025 6775
1854 442 1867 450 .,
1878 452 1955 486 ηχ-

492 570 562 645 1s1
869 563 1027 646 orco.
1063 568 1139 646 nn
1175 561 1528 646 marmurae
1565 573 1777 657 runnu
1808 585 2001 676 romu.
2033 525 2137 716 sic
2234 587 2238 592 ·
2289 603 2295 610 ·
2423 650 2499 696 n„

492 762 597 825 nam,
629 752 670 812 ut
696 743 860 813 nominat
876 738 1026 826 Daniel,
1059 739 1135 811 vult
1157 738 1308 830 intelligi
1329 761 1395 810 nos
1416 761 1475 810 re·
1523 747 1647 831 gratias
1663 750 1773 841 agite,
1797 760 1894 849 quod
1910 755 2004 836 banc
2019 790 2118 842 snam
2132 774 2245 850 lucem
2260 784 2360 857 vobis
2374 788 2495 878 donat,

494 844 678 915 conciliari
696 860 729 916 et
744 847 882 937 placere
894 842 971 914 Deo
985 843 1053 910 lide
1069 854 1214 933 propter
1233 839 1476 926 mediatorem,
1524 849 1616 934 (prod
1632 853 1750 924 munit
1768 877 1830 925 vos
1846 874 1969 933 contm
1984 870 2169 947 seditiosas
2185 894 2219 951 et
2233 882 2399 959 fanaticas
2413 892 2493 981 opi.

495 971 571 1017 non
595 959 739 1038 propter
765 959 883 1017 nostra
907 946 1014 1026 lacta,
1046 956 1107 1012 aut
1127 942 1209 1011 illos
1229 955 1363 1033 gestus,
1396 941 1476 1059 vult
1524 947 1654 1023 nbnes.
1711 950 1842 1027 Curate
1862 960 1986 1045 etiam,
2018 983 2060 1039 ut
2082 986 2235 1072 utroquo
2255 1004 2379 1072 geom
2398 1004 2491 1061 rocco

495 1070 562 1116 nos
586 1069 791 1138 agnoscere,
817 1043 916 1130 diligi
938 1065 1003 1112 nos
1023 1043 1061 1111 in
1081 1042 1228 1123 dilecto,
1251 1043 1347 1135 quod
1364 1042 1475 1131 tigm-
1524 1051 1684 1132 Ulurtini,
1715 1070 1830 1128 amate
1853 1060 1946 1151 leges
1963 1068 2141 1158 politicas,
2168 1091 2203 1149 et
2223 1102 2421 1158 reverenter
2441 1092 2491 1162 oio

496 1148 658 1221 licautius
675 1148 808 1221 Graece
824 1145 954 1213 dicitur
967 1168 985 1213 a
1000 1141 1128 1225 Paulo,
1160 1166 1316 1226 noscsse
1328 1165 1475 1238 κεχαρι-
1527 1144 1774 1247 obceoperate,
1812 1182 1989 1236 memores
2012 1161 2120 1241 lsuius
2138 1177 2240 1248 dicti:
2273 1181 2420 1259 Necesse
2440 1205 2492 1263 est

496 1248 685 1345 τωμένους
700 1249 740 1319 ἐν
754 1241 1057 1342 τίῦῆγαπημὲνῳ»
1072 1246 1110 1315 id
1126 1260 1188 1332 ⁹⁸¹,
1202 1243 1475 1336 P‘fmloefifflf·
1525 1245 1662 1364 obedire
1681 1268 1826 1349 propter
1846 1264 2105 1343 conscientiam.
2163 1273 2263 1349 Laeti
2287 1286 2394 1356 etiam
2416 1286 2493 1362 Deo

496 1354 594 1421 diam
609 1353 746 1440 placere
761 1359 905 1437 propter
919 1346 1051 1433 tilium,
1079 1347 1140 1440 qui
1163 1359 1290 1416 natura
1303 1345 1475 1436 diligitur.
1526 1357 1655 1437 ganas
1668 1356 1777 1446 agite,
1814 1363 1911 1452 quod
1933 1363 1972 1434 in
1995 1363 2187 1462 Evangelio
2211 1385 2366 1456 ostendit
2390 1414 2492 1463 veros
2552 1469 2559 1476 ,

495 1449 586 1521 Vult
605 1448 774 1538 intelligi,
799 1447 914 1519 Deum
931 1470 1005 1517 sese
1020 1448 1124 1517 nobis
1140 1446 1417 1532 communicare,
1441 1457 1478 1517 et
1527 1446 1712 1564 cultus,·ce¹
1733 1457 1893 1534 lihemgo
1912 1464 1964 1535 oio
1985 1472 2152 1559 utamini,
2176 1492 2216 1550 ug
2239 1500 2393 1556 mmm
2415 1493 2492 1560 ,erp

392 1543 397 1551 '
495 1573 561 1619 nos
575 1550 650 1618 fieri
667 1550 796 1642 templa
811 1546 896 1633 Dei,
920 1571 1000 1618 curn
1018 1548 1112 1619 filins
1130 1542 1238 1647 λόγος
1258 1549 1392 1618 &eterni
1413 1569 1477 1639 12⁸·
1527 1548 1642 1619 tillim
1673 1567 1704 1620 ¹²
1730 1562 1946 1650 pectoribus,
1986 1590 2070 1641 cora
2099 1574 2273 1667 discendi,
2310 1583 2489 1661 invocatio

495 1651 561 1723 tris
584 1652 740 1721 ostendit
767 1649 875 1740 petris
899 1649 1199 1735 mirericordiam,
1232 1662 1266 1721 et
1296 1649 1406 1721 effuso
1438 1647 1478 1715 in
1527 1647 1613 1734 Dei,
1644 1647 1772 1767 dolaret
1792 1676 1937 1754 propter
1957 1681 2078 1741 nostra
2102 1675 2248 1765 delicta,
2285 1688 2489 1777 consolatio,

494 1773 561 1822 nos
575 1749 713 1843 Spiritu
726 1763 847 1821 sancto
862 1752 1104 1822 accenduntur
1118 1750 1295 1822 invocatio
1310 1746 1396 1833 Dei,
1421 1747 1479 1818 di·
1527 1750 1597 1820 fide
1611 1769 1770 1864 scopans
1785 1762 2045 1857 remissionem,
2069 1774 2211 1850 dilectio
2226 1777 2294 1852 Dei
2314 1785 2485 1859 etEccle-
2574 1862 2578 1873 ,

494 1854 619 1938 lectio,
644 1852 754 1924 etalii
769 1865 886 1921 motus
904 1852 1009 1936 tales,
1034 1854 1150 1946 qualis
1167 1864 1217 1922 est
1236 1853 1311 1943 ipse
1323 1849 1478 1943 Spiritus
1527 1851 1611 1935 siae,
1634 1849 1775 1928 studtrn
1788 1867 2008 1955 concordiae,
2031 1875 2181 1964 castitas,
2195 1893 2229 1951 et
2242 1898 2396 1958 caeterae
2411 1892 2486 1960 vir-

470 1967 646 2026 .sanctus.
701 1951 787 2021 Vult
803 1952 884 2021 sciri
893 1949 1002 2037 Deus,
1026 1953 1118 2021 velle
1133 1974 1169 2022 se
1184 1951 1274 2037 coli,
1299 1951 1478 2040 sicutipse
1527 1965 1634 2031 tutes,
1660 1971 1830 2068 quassent
1843 1978 1878 2036 et
1891 1991 1997 2058 opera
2010 1968 2098 2060 Dei,
2122 1991 2157 2049 et
2170 1982 2368 2058 testimonia
2382 2014 2486 2082 prae-

493 2056 689 2147 praecepit,
715 2075 791 2120 non
806 2052 934 2122 ritibus
948 2053 1149 2144 excogitatis
1173 2066 1296 2123 nostro
1319 2051 1478 2121 consilio.
1528 2051 1661 2123 sentiae
1678 2046 1784 2129 Decio
1808 2066 1918 2150 vobio,
1976 2067 2031 2141 Ac
2048 2097 2269 2174 neqfflqmm
2292 2088 2485 2163 „mimate

492 2155 632 2226 Harum
645 2154 879 2223 maximarum
894 2175 1013 2223 rerum
1028 2156 1188 2225 doctrina
1203 2153 1380 2237 obruitur,
1397 2175 1479 2222 cum
1530 2153 1727 2224 libertatem
1740 2175 1792 2231 ete
1808 2163 1886 2237 sine
1897 2168 1999 2240 freno
2016 2196 2138 2262 ruere,
2163 2206 2235 2274 quo
2250 2210 2368 2260 caecae
2383 2194 2484 2285 cupi.

492 2259 723 2327 abducuntur
745 2254 840 2321 oculi
860 2266 895 2323 et
912 2267 1046 2325 mentes
1066 2256 1112 2324 ad
1136 2255 1197 2325 illa
1226 2255 1322 2322 varia
1346 2265 1480 2344 specta·
1530 2251 1857 2370 ditatesimpclmc,
1880 2268 2000 2341 vim,
2012 2275 2090 2346 ,ine
2107 2302 2190 2351 cu„
2207 2286 2383 2377 diffindi,
2406 2295 2483 2363 ,pne

495 2356 574 2427 cola
600 2354 868 2433 sacrificiorum,
898 2354 1133 2439 ieiuniorum,
1157 2353 1360 2425 Platonicae
1382 2375 1480 2421 com·
1530 2354 1742 2443 cogitatione
1755 2353 1869 2469 dtDeo
1875 2415 1888 2453 ,
1910 2370 1985 2441 sine
2006 2373 2243 2457 invocatione.
2294 2387 2392 2480 Quid
2415 2395 2483 2462 rni-

493 2454 745 2526 municationis
769 2466 804 2523 et
827 2454 967 2523 similia.
1025 2455 1108 2545 Quo
1138 2455 1233 2524 euim
1255 2452 1480 2545 progreditur
1530 2479 1598 2525 nus
1620 2464 1786 2544 congrtnl
1801 2468 1834 2535 td
1860 2472 2094 2562 evangelicam
2118 2479 2336 2576 libertatem,
2375 2516 2482 2586 quam

492 2553 650 2627 bumana
666 2555 830 2637 audacia,
856 2577 936 2624 cum
951 2554 1207 2644 tingitcnltus?
1247 2552 1479 2626 Mactationcs
1530 2579 1596 2625 nec
1615 2553 1724 2637 scire,
1765 2568 1970 2641 nestorium
1989 2577 2141 2667 ,ymboli
2164 2588 2295 2658 verba?
2355 2591 2481 2664 Talem

494 2654 681 2727 bominum
722 2655 870 2726 usitatae
911 2655 1056 2726 luerunt
1097 2656 1265 2727 omnibus
1304 2654 1478 2745 gentibus.
1529 2679 1614 2726 vero
1636 2677 1710 2723 esse
1732 2653 1898 2737 multtum
1923 2673 2189 2770 muggam,
2213 2711 2318 2780 ωερε
2340 2694 2480 2784 expeti,

493 2752 632 2828 Omitto
650 2755 720 2823 alia
735 2755 866 2837 multa,
892 2778 982 2847 quae
1001 2759 1198 2827 verecunde
1213 2756 1286 2827 dici
1298 2767 1377 2825 ³non
1396 2776 1480 2847 pos-
1530 2779 1623 2829 mur.
1666 2752 1865 2871 Ususlurn,
1880 2775 2107 2848 “comtum
2122 2782 2373 2862 docffimmm·
2418 2795 2479 2866 spe

495 2869 589 2928 sunt.
640 2854 762 2944 Quare
782 2851 879 2926 Deus
901 2878 968 2925 nos
991 2858 1038 2926 ad
1060 2880 1160 2927 suam
1182 2879 1305 2928 vocem
1327 2865 1481 2939 revocat,
1530 2856 1641 2947 igitur
1668 2868 1796 2924 rectius
1825 2869 1998 2959 suffigat,
2027 2890 2062 2949 ες
2092 2873 2184 2956 hm,
2209 2890 2404 2964 dominam
2433 2898 2477 2964 de

493 2982 570 3029 non
591 2956 669 3028 vult
694 2956 855 3027 doctores
884 2956 925 3024 in
955 2952 1112 3027 Ecclesia
1137 2959 1268 3028 addere
1287 2956 1355 3026 alia
1377 2978 1481 3046 prae·
1532 2955 1736 3028 discrimine
1755 2953 1841 3043 legn
1865 2972 2089 3060 politicarum
2109 2998 2145 3056 et
2167 2982 2371 3081 Evangelii,
2395 3020 2476 3065 cum

495 3075 595 3154 cepta
610 3070 671 3131 aut
683 3057 861 3147 dogmata,
883 3057 962 3129 vult
976 3052 1081 3130 ctiam
1097 3058 1269 3147 intelligi,
1294 3056 1392 3126 aliud
1407 3076 1480 3125 0⁸⁸²
1532 3072 1684 3150 uimque
1697 3077 1822 3172 88119ῐο
1835 3080 1895 3139 ute
1906 3076 2068 3151 utemini.
2121 3082 2229 3173 Quod
2244 3104 2285 3163 ut
2297 3094 2477 3182 iaciamus,

495 3162 687 3255 imperium
719 3161 926 3250 politicum,
966 3160 1065 3232 aliud
1095 3158 1334 3231 ministerium
1360 3152 1482 3227 Evan·
1532 3153 1972 3243 telilirrmDer,Dni11um
1986 3184 2273 3260 nonsummum
2283 3188 2478 3281 Christum,

495 3265 600 3352 gelii‚
624 3265 665 3330 in
690 3284 761 3350 quo
787 3264 907 3331 elticar
931 3274 983 3330 cst
1005 3263 1081 3353 ipse
1104 3261 1200 3335 lilius
1218 3258 1286 3332 Dei
1312 3251 1420 3357 λόγος
1442 3260 1480 3326 ῐῐὶ
1534 3260 1717 3331 θῦδῑθᾶθῐῦ
1732 3252 1892 3375 heleb,
1918 3269 1999 3368 (qui
2016 3302 2098 3350 cum
2113 3307 2263 3358 massam
2281 3295 2396 3365 nostri
2417 3319 2478 3388 ge·

493 3361 684 3430 mentibus.
734 3354 905 3426 Doctores
936 3369 1076 3430 tantum
1110 3378 1195 3432 sunt
1228 3384 1361 3453 organa
1387 3360 1483 3441 vocis
1535 3361 1632 3432 neriss
1646 3360 1865 3451 adtuml‘ffl'l
1886 3387 1921 3446 ct
1935 3400 2001 3468 pro
2017 3382 2123 3453 nobis
2137 3385 2309 3462 lactuosis
2324 3398 2475 3482 victima,

497 3457 619 3522 divina
623 3478 653 3525 e·
1535 3461 1693 3531 ostendis
1716 3474 1751 3530 tc
1774 3459 1912 3545 verisne
1933 3479 2036 3550 adfici
2051 3507 2141 3565 ,cura
2165 3493 2275 3562 nostri

599 3547 737 3618 Videtis
754 3548 978 3634 gravissimas
996 3568 1117 3616 causas
1132 3571 1217 3629 esse,
1243 3573 1353 3637 quare
1367 3576 1483 3640 neque
1535 3573 1674 3638 pectora
1690 3573 1809 3628 nostra
1824 3561 1972 3663 gulsffl„
1997 3595 2032 3652 gp
2051 3584 2158 3658 faci„
2177 3614 2242 3663 nos

495 3649 605 3721 condi
625 3670 740 3740 noque
760 3646 869 3736 recipi
893 3664 1006 3711 novos
1031 3642 1147 3712 cultus
1160 3642 1257 3712 Deus
1280 3645 1377 3712 velit.
1429 3648 1482 3712 Ac
1534 3650 1722 3735 ricordiae,
1748 3668 1783 3722 et
1799 3676 2067 3749 orgalaalutaria
2088 3697 2123 3754 et
2143 3692 2248 3760 nobis
2264 3617 2474 3770 bissinililesre:

494 3763 611 3822 totum
639 3745 707 3817 boc
738 3746 928 3814 discrimen
953 3740 1185 3833 imperiorum
1221 3753 1255 3809 et
1288 3740 1482 3830 evangelici
1532 3770 1590 3818 sae
1603 3744 1792 3824 Ecclesiae.
1899 3786 1902 3793 ·

495 3846 685 3920 ministerii
702 3845 855 3935 conspici
875 3839 1024 3910 maxime
1039 3842 1276 3911 necessarium
1293 3856 1361 3926 est,
1384 3843 1478 3935 quod
1635 3847 1730 3922 Haec
1747 3878 1882 3925 mecum
1928 3900 1998 3970 qu,
2014 3885 2150 3971 precari
2172 3909 2235 3959 νο,
2257 3916 2382 3964 omne,
2405 3902 2468 3971 de,

496 3969 577 4018 cum
594 3948 795 4036 ignoratur,
821 3951 1019 4034 sequuntur
1041 3956 1077 4014 ct
1095 3942 1249 4013 fanatica
1273 3943 1416 4036 deliria,
1447 3956 1482 4013 ct
1533 3964 1604 4033 cet,
1630 3954 1838 4042 cogitantes,
1864 3982 1912 4028 no
1935 3980 2228 4074 nquamchomm
2251 3997 2346 4085 ,pud
2369 4020 2468 4069 ,um-

497 4046 655 4118 seditiosi
670 4047 850 4118 clamores,
901 4039 1067 4114 Vidimus
1087 4045 1237 4130 multos,
1260 4046 1420 4138 quicum
1442 4044 1480 4112 in
1533 4076 1630 4123 mum
1654 4059 1867 4128 sacerdotem
1890 4085 1915 4128 n
1970 4105 2006 4150 m
2025 4083 2139 4155 filium
2162 4088 2231 4161 Dei
2253 4108 2363 4178 aare,
2403 4126 2467 4192 pe,

496 4172 610 4222 unum
634 4145 740 4219 chao's
765 4145 1023 4218 confunderent
1043 4145 1223 4239 politicam
1255 4144 1480 4236 gubernatio·
1532 4167 1663 4224 tentem
1680 4155 1725 4224 ab
1737 4170 1878 4228 aeterno
1901 4187 1924 4252 p
1957 4235 1968 4267 ‚
1993 4198 2034 4255 „p
2056 4188 2193 4283 aliqu„
2214 4194 2381 4290 reliqui„
2396 4199 2467 4274 Ec,

496 4276 579 4324 nem
606 4263 640 4322 ct
662 4246 916 4339 Evangelium,
941 4246 1149 4321 reiiciebant
1169 4244 1353 4318 Romanas
1375 4246 1480 4335 leges,
1532 4256 1656 4325 clesiae
1670 4270 1800 4340 servet,
1827 4265 1936 4357 etqui
1987 4283 2027 4352 i„
2044 4281 2113 4358 hoc
2127 4292 2204 4383 ³9⁸⁰
2219 4311 2320 4368 coetu
2340 4318 2453 4375 ,emp

497 4370 532 4428 et
562 4353 728 4425 dicebant
757 4375 795 4421 se
825 4348 1015 4439 scripturos
1043 4371 1116 4418 esse
1147 4370 1258 4419 novas
1284 4345 1479 4435 Evangelio
1532 4357 1595 4428 ubi
1610 4358 1725 4428 studia
1743 4376 1826 4432 sunt
1841 4364 1899 4455 pia
1916 4392 1936 4433 v
1986 4386 2179 4463 docffinae,
2230 4393 2326 4472 Dixi·
2456 4357 2465 4390 ’

499 4469 743 4546 congruentes.
817 4448 866 4519 Hi
896 4472 961 4515 nec
990 4447 1145 4516 officium
1177 4471 1244 4516 uec
1271 4446 1478 4535 dignitatem

497 4557 764 4643 magistratuum
791 4548 1054 4637 intelligebant,
1089 4569 1177 4639 quos
1198 4546 1294 4616 Deus
1317 4542 1382 4615 bac
1404 4546 1479 4636 ipsa

498 4666 668 4743 potestate
689 4653 856 4732 armavit,
894 4646 1071 4716 condendi
1090 4647 1201 4734 leges,
1240 4646 1369 4714 rationi
1393 4670 1476 4715 con·
1530 4641 1595 4716 No.
1616 4640 1699 4720 161.
2301 4714 2351 4762 ,m
2368 4695 2464 4762 1550·

499 4763 681 4841 gruentes‚
707 4754 749 4818 ad
766 4748 1006 4818 defensionem
1022 4741 1190 4815 honestae
1206 4747 1391 4815 societatis.
1430 4746 1479 4818 At
1536 4739 1707 4770 Μ
2286 4783 2457 4812 ‘0⁴⁹

499 4849 734 4938 Evangelium
757 4852 801 4916 de
823 4846 896 4915 lilio
916 4844 1006 4930 Dei,
1038 4845 1084 4915 dc
1105 4845 1408 4932 reconciliatione,
1434 4850 1478 4916 de
1685 4850 1763 4936 De
1793 4853 1982 4964 dignita
2051 4881 2156 4968 udit-
2181 4886 2304 4975 imis·

499 4940 722 5022 restitutione
744 4949 837 5017 vitae
856 4958 1039 5031 aeternae,
1070 4960 1105 5019 et
1127 4950 1172 5018 de
1194 4946 1390 5039 praesentia
1410 4946 1477 5018 Dei
1596 4986 1627 5042 ,ῃ
1641 4987 1734 5046 select.
1745 4989 1870 5050 nectem.
1883 4994 1914 5050 T.
1928 4994 1975 5053 lv.

2276 3489 2401 3587 )oro‚
2432 3510 2473 3568 ut

499 5053 540 5122 in
567 5053 671 5123 nobis
693 5049 933 5121 concionatur.
1000 5046 1054 5120 Ac
1074 5050 1118 5122 'nt
1140 5051 1195 5120 illi
1218 5049 1303 5119 novi
1324 5047 1477 5141 Lycurgi
1632 5057 1720 5121 Etirm
1740 5062 1883 5130 messim
1900 5065 2011 5185 prodiit.-
2038 5039 2117 5146 'illis
2138 5022 2265 5152 issara&
2276 5029 2462 5157 Τριέζρἒῖζ

499 5153 680 5225 seditiosas
694 5150 880 5244 opiniones
891 5138 1079 5240 spargrint,
1103 5153 1152 5223 ita
1168 5151 1229 5220 alii
1245 5151 1477 5242 superstitiosi
1623 5125 1699 5224 ‘sibl
1713 5127 1782 5184 Md·
1800 5128 1853 5184 ΝΟ·
1865 5131 1900 5184 ⁴⁷
1963 5135 2083 5231 inp-pm,
2097 5161 2159 5217 hice

499 5256 638 5344 fingunt
656 5255 885 5342 perfectiones
899 5276 988 5336 esse,
1012 5252 1244 5338 coelibatum,
1272 5253 1476 5324 discrimina
1528 5254 1656 5325 Oratio
1681 5251 1727 5324 tle
1754 5251 1943 5350 dignitato
1966 5228 2048 5363 Vm
2070 5290 2197 5381 gun-33
2242 5297 2405 5365 wopam
2433 5320 2459 5367 a

498 5356 681 5437 ciborum,
707 5366 740 5420 et
763 5353 904 5444 cynicos
924 5374 1051 5421 mores.
1100 5350 1220 5440 Quare
1234 5377 1313 5424 cum
1331 5350 1399 5424 Dei
1414 5356 1477 5424 be·
1529 5356 1722 5452 Georpio
1757 5357 1948 5433 droconi
1987 5378 2048 5441 'aad
2068 5404 2112 5451 ese
2134 5398 2173 5456 ad
2193 5402 2315 5459 omum
2343 5401 2457 5482 erdem,

498 5455 625 5528 nelicio
646 5453 684 5520 in
709 5447 774 5520 hac
797 5445 935 5534 schola,
975 5474 1079 5544 saepe
1107 5453 1217 5545 repeti
1244 5468 1278 5525 et
1305 5454 1474 5524 illustrari
1527 5460 1875 5543 quartodeno·
2017 5467 2252 5565 dedimnsw,
2264 5520 2343 5560 „mo
2361 5502 2455 5566 1543·

498 5557 688 5630 discrimen
701 5552 818 5640 legum
832 5550 1054 5641 politicarum
1070 5565 1104 5623 et
1112 5548 1297 5644 Evangelii
1310 5554 1475 5639 audiatis,
1526 5559 1658 5642 Noas,
1683 5567 1737 5626 otri
1752 5569 1940 5635 inscribitur
1987 5564 2136 5644 &eor‘tote
2150 5579 2257 5658 lemn,

496 5658 590 5732 hanc
606 5655 800 5729 doctrinam
818 5653 1048 5724 necessariam
1070 5650 1473 5745 rectediscite,et1)eo
1525 5660 1907 5743 sompniantium.
1960 5720 1966 5741 ,
2307 5589 2456 5665 mmm

1931 5858 1945 6011 l

1920 6092 1929 6223 l

1910 6228 1922 6367 l
