6025 6775
490 510 562 586 123

487 696 528 754 ut
544 677 694 770 plantae.
735 663 806 736 Sed
822 656 1009 729 consilium
1025 653 1120 722 aliud
1140 649 1218 716 fuit.
1261 644 1387 716 Voluit
1405 671 1469 717 nos

491 783 568 851 cibo
590 785 623 841 et
647 766 769 839 multis
791 764 896 832 rebus
919 758 1091 843 indigere,
1114 761 1154 816 ut
1179 749 1272 817 vitae
1297 750 1470 837 praesidia

476 871 536 952 'ab
557 879 632 968 ipso
657 882 871 960 peteremus,
892 874 925 926 et
949 880 1026 924 eram
1051 871 1327 937 agnosceremus.
1383 847 1468 918 Cre.

494 986 619 1053 damus
634 973 755 1060 igitur,
780 988 836 1033 res
851 984 924 1029 non
941 958 1025 1024 vites
1040 972 1128 1031 esse,
1152 951 1342 1028 frumenta,
1366 951 1474 1030 olera,

494 1094 641 1175 potum,
682 1093 743 1138 seu
767 1075 900 1136 coctum
926 1082 965 1124 er
990 1050 1175 1120 frumentis
1200 1064 1234 1117 et
1260 1074 1372 1140 aqua,
1413 1072 1473 1117 seu

496 1195 579 1251 nata
601 1174 708 1255 uiua,
732 1182 766 1237 et
786 1164 869 1232 alias
891 1179 963 1238 res,
992 1154 1029 1220 in
1052 1150 1287 1219 nutricatioue
1309 1164 1343 1219 et
1361 1149 1475 1217 medi-

500 1281 637 1352 catione
654 1263 872 1341 necessarias.

601 1376 643 1446 ln
668 1369 723 1440 his
744 1380 883 1456 quoque
907 1352 1016 1422 salem
1039 1373 1284 1433 numeramus,
1305 1348 1387 1441 quia
1411 1369 1476 1414 ne·

500 1480 638 1553 cessitas
663 1472 701 1538 in
727 1469 915 1550 conspectu
948 1467 1009 1525 est.
1066 1451 1138 1520 Nec
1171 1453 1346 1519 ducantur
1377 1448 1477 1530 vilia,

499 1602 590 1675 quae
603 1574 697 1644 Deus
712 1559 904 1632 necessaria
920 1577 993 1623 esse
1009 1552 1132 1621 voluit.
1183 1547 1232 1621 Et
1252 1564 1376 1619 natura
1401 1548 1475 1637 ipsa

500 1673 699 1756 satisdigna
720 1677 771 1733 est
793 1656 1046 1753 admiratione,
1077 1664 1111 1719 et
1131 1650 1331 1738 effectioues
1353 1648 1477 1716 mirifi-

500 1801 557 1851 cas
575 1771 692 1843 habet.
758 1759 824 1831 Est
843 1758 936 1827 enim
963 1777 1037 1821 non
1057 1751 1203 1820 mixtum
1226 1750 1479 1840 imperfectum,

498 1892 539 1950 ut
554 1878 786 1945 excrementa:
811 1861 871 1929 sed
888 1853 1065 1941 singulare
1081 1848 1255 1940 opusDei,
1281 1863 1315 1918 et
1330 1850 1476 1918 mixtum

459 2035 461 2039 Α
498 1977 709 2073 perlectum,
732 1976 806 2033 arte
830 1958 950 2029 divina
969 1955 1012 2020 ad
1029 1953 1158 2021 multos
1174 1972 1257 2020 usus
1273 1949 1378 2018 uobis
1393 1971 1478 2017 cun·

501 2080 631 2149 ditum.
682 2067 735 2137 Ac
749 2087 793 2132 ne
808 2063 941 2130 deesset
957 2056 1032 2121 eius
1045 2053 1163 2141 copia,
1199 2051 1306 2120 salem
1324 2048 1421 2118 nasci
1441 2048 1479 2114 iu

499 2177 663 2270 pluribus
677 2169 782 2237 rebus
795 2159 924 2240 voluit,
950 2156 989 2222 in
1010 2168 1120 2236 terra,
1144 2152 1181 2218 in
1207 2151 1313 2234 anari,
1338 2151 1376 2217 in
1398 2150 1478 2217 lon-

503 2280 600 2351 tibus
617 2285 652 2340 et
666 2266 826 2337 lacubus.

605 2371 648 2441 lu
680 2386 804 2457 genere
832 2371 948 2430 autem
977 2351 1135 2423 definitio
1162 2346 1248 2419 baec
1270 2350 1329 2418 sit:
1363 2348 1480 2419 Salem

504 2502 564 2549 seu
585 2469 760 2546 fossilem,
785 2485 846 2532 seu
869 2469 1024 2537 coctum,
1047 2474 1187 2521 succum
1213 2472 1285 2517 esse
1308 2473 1348 2516 ex
1369 2462 1481 2517 terrea

504 2592 632 2649 natura
656 2571 780 2638 adusta
806 2576 840 2630 et
870 2560 973 2646 igneo
997 2554 1111 2622 calore
1134 2563 1330 2629 attenuata,
1369 2548 1480 2615 mixto

505 2675 653 2748 humido
670 2669 793 2746 ae'reo,
818 2658 1007 2738 divinitus,
1031 2651 1200 2739 singulari
1224 2664 1296 2720 arte
1311 2662 1483 2739 percocto,

507 2776 705 2850 conducens
727 2779 762 2833 et
787 2758 916 2830 nostris
943 2768 976 2823 et
1002 2753 1081 2822 aliis
1101 2753 1326 2841 corporibus,
1359 2749 1402 2815 ad
1422 2770 1480 2816 ar·

507 2878 654 2948 cendam
678 2861 986 2960 putrefactionem,
1022 2854 1147 2922 iuvans
1168 2852 1271 2920 etiam
1293 2871 1417 2938 sapore
1443 2848 1481 2915 in

511 2977 608 3048 cibis.

446 3086 453 3100 '
598 3070 768 3146 ,Dicerem
783 3058 1003 3152 explicatius,
1028 3053 1057 3121 si
1073 3074 1225 3142 possem,
1257 3053 1316 3120 sed
1338 3070 1484 3138 genero·

508 3151 643 3250 sitatem
660 3193 744 3242 usus
766 3162 932 3235 ostendit.
982 3152 1130 3224 Etcum
1154 3151 1271 3243 iuquit
1294 3151 1386 3217 filius
1400 3145 1482 3236 Dei:

508 3280 630 3349 Bonus
648 3286 700 3341 est
720 3268 789 3347 sal,
814 3262 985 3351 significat
999 3254 1102 3323 etiam
1124 3249 1219 3323 huuc
1235 3264 1412 3320 terrenum
1429 3272 1485 3316 sa-

509 3384 578 3452 lem
598 3399 673 3446 rem
696 3372 826 3439 honam
848 3377 882 3431 et
903 3360 1028 3428 utilem
1051 3376 1133 3422 esse.
1186 3352 1260 3421 Nec
1284 3363 1419 3424 tantum
1441 3349 1484 3416 de

510 3482 579 3553 sale
595 3471 735 3545 coelesti
747 3463 916 3553 loquitur.
965 3454 1070 3523 Prius
1089 3468 1206 3523 autem
1222 3454 1264 3520 de
1286 3473 1410 3543 sapore
1430 3451 1485 3516 di-

511 3603 598 3651 cam.
629 3570 694 3641 Est
708 3564 854 3635 omniuo
869 3552 1073 3626 admiranda
1089 3551 1272 3621 fabricatio
1289 3548 1486 3620 hominum.

512 3680 552 3749 Si
579 3671 686 3743 homo
708 3688 783 3734 non
806 3672 894 3729 esset
918 3667 1043 3724 natura
1065 3651 1284 3741 intelligens,
1308 3650 1485 3743 quomodo

511 3778 609 3849 Deus
636 3793 707 3841 sese
738 3763 840 3834 nobis
869 3753 1164 3827 communicaret?
1229 3751 1353 3822 Voluit
1371 3765 1486 3820 autem

514 3869 724 3967 cognitionis
740 3863 840 3934 initia
860 3882 933 3929 esse
953 3881 973 3924 a
997 3857 1167 3927 sensibus.
1219 3851 1334 3941 Quam
1356 3852 1486 3921 multae

513 4001 569 4049 res
583 3977 660 4043 luce
676 3966 778 4038 uobis
793 3961 1036 4033 ostenduntur.
1075 3954 1213 4025 Deinde
1227 3956 1391 4034 verbum,
1417 3974 1487 4043 quo

513 4088 658 4149 vocatur
678 4083 712 4139 et
731 4062 910 4150 colligitur
929 4071 1067 4127 aeterna
1084 4052 1257 4135 Ecclesia,
1284 4053 1408 4123 auditu
1430 4074 1489 4118 ac-

515 4178 655 4270 cipitur.
691 4167 788 4238 Haec
803 4186 874 4234 esse
889 4179 1013 4247 magna
1027 4169 1062 4225 et
1075 4155 1295 4226 admirabilia
1308 4153 1487 4223 latendum

515 4292 578 4350 est.
629 4270 766 4345 Deinde
782 4278 910 4346 tactus,
934 4270 1054 4349 gustus
1073 4272 1107 4328 et
1129 4258 1276 4327 ollactus
1301 4251 1385 4324 huic
1411 4274 1490 4321 cor·

513 4377 629 4471 potali
645 4374 736 4444 vitae
751 4367 920 4438 serviunt.
970 4357 1066 4427 Haec
1081 4383 1159 4429 cum
1175 4360 1225 4428 ita
1240 4357 1311 4426 sint
1328 4353 1490 4424 ordinata

515 4479 687 4549 divinitus
703 4474 742 4542 in
762 4481 907 4550 natura,
935 4460 1023 4530 velle
1044 4480 1084 4528 ea
1103 4459 1246 4541 tollere,
1268 4450 1332 4528 καὶ
1348 4453 1490 4545 θεομα-

514 4579 594 4669 χεῖν
602 4626 615 4667 ,
638 4572 822 4647 horribilis
835 4569 935 4637 lutor
950 4571 1048 4632 esset.
1361 4655 1370 4672 ,

617 4670 791 4744 Adiunxit
803 4679 920 4739 autem
935 4661 1032 4733 Deus
1047 4678 1206 4747 saporem
1222 4667 1490 4724 convenaentem

1051 476 1211 553 DECL.
1243 472 1315 549 DE
1348 472 1581 554 SALlNlS
1614 474 1941 554 SAXONICIS.

2433 487 2506 560 124

1526 651 1626 721 dunt.
1677 645 1789 719 Aeida
1806 663 1944 720 tantum
1958 650 2084 740 frigida
2101 668 2193 727 sunt.
2243 653 2313 727 Sed
2327 650 2371 727 τὸ
2385 651 2505 747 ἁλμυ-

1525 747 1594 842 ρὸν
1608 750 1725 819 irritat
1740 751 1873 835 calore,
1901 752 1983 843 quia
2001 755 2155 839 absumit
2170 757 2443 847 superfluitates,
2470 772 2505 827 et

1525 853 1631 920 simul
1646 847 1832 922 humectat.

1628 966 1775 1058 Semper
1806 983 1923 1039 autem
1952 970 1990 1036 in
2018 971 2186 1060 operibus
2215 973 2348 1040 divinis
2375 976 2505 1045 multae

1525 1083 1617 1152 sunt,
1642 1069 1811 1138 utilitates
1825 1070 2018 1160 copulatae,
2042 1084 2083 1138 ut
2099 1071 2347 1160 multipliciter
2359 1070 2428 1142 Dei
2442 1077 2507 1144 bo·

1526 1170 1619 1237 nitas
1636 1170 1843 1239 celebretur.
1884 1169 1976 1240 Salis
1992 1192 2076 1239 usus
2091 1183 2234 1260 propter
2250 1194 2411 1260 saporem
2428 1198 2509 1262 gra·

1527 1284 1583 1340 tus
1600 1279 1675 1354 est,
1709 1271 1769 1338 sed
1794 1269 1958 1340 suavitati
1981 1269 2112 1339 multae
2134 1269 2302 1340 utilitates
2322 1273 2509 1350 adiunctae

1527 1383 1610 1439 suut
1637 1372 1676 1439 in
1695 1369 1770 1459 ipsa
1794 1370 2040 1444 nutricatione.
2091 1366 2262 1440 Prohibet·
2281 1372 2533 1460 putrefactio·¹

1527 1494 1601 1541 nes.
1653 1469 1744 1540 Nam
1759 1471 1835 1538 sine
1852 1470 1922 1538 sale
1938 1471 2048 1539 coctio
2070 1471 2186 1539 minus
2208 1471 2282 1540 fieri
2304 1485 2441 1561 posset,
2474 1490 2509 1543 ct

1528 1571 1669 1640 relictae
1684 1592 1817 1640 massae
1833 1566 1929 1663 chyli
1946 1583 1978 1639 et
1995 1564 2113 1662 chymi
2130 1572 2363 1662 putrefierent.
2404 1570 2508 1643 Nunc

1528 1671 1611 1739 salis
1627 1682 1750 1740 natura
1773 1672 1927 1761 absumit
1948 1671 1985 1738 in
2009 1671 2139 1740 nostris
2161 1672 2366 1762 corporibus
2386 1695 2508 1763 super-

1529 1772 1618 1841 fluas
1633 1765 1879 1855 humiditates,
1900 1770 2017 1860 aperit
2032 1785 2065 1842 et
2081 1773 2267 1861 abstergit,
2292 1787 2325 1843 et
2340 1776 2509 1843 corrobo-

1529 1884 1583 1941 rat
1599 1883 1713 1961 partes
1728 1871 1854 1942 leviter
1873 1872 2070 1944 desiccatae.
2102 1870 2236 1942 Densat
2254 1874 2375 1958 etiam,
2402 1887 2435 1943 et
2449 1877 2526 1943 co-¹

1530 1973 1580 2061 git
1596 1981 1724 2061 partes.
2380 1981 2391 2000 ⁰

1630 2083 1754 2155 Postea
1771 2087 1976 2160 manifestus
1991 2111 2076 2158 usus
2092 2090 2194 2160 estin
2219 2090 2370 2159 arcenda
2387 2104 2509 2181 putre·

1530 2185 1682 2255 factione
1705 2187 1883 2276 manium,
1923 2211 2012 2279 quae
2036 2187 2220 2261 servantur‘
2240 2194 2285 2259 ad
2308 2214 2391 2259 usus
2413 2191 2511 2281 longi

1531 2286 1711 2376 temporis.
1761 2284 1993 2357 Usitatissima
2010 2303 2060 2358 est
2074 2290 2182 2377 igitur
2197 2292 2395 2375 conditura,
2421 2315 2509 2381 quae

1533 2382 1709 2454 Graecum
1731 2409 1860 2456 nomen
1883 2383 1990 2457 habet
2012 2384 2129 2481 ἅλμη,
2158 2389 2325 2460 Latinum
2340 2390 2510 2472 Muriam,

1532 2487 1628 2577 quod
1650 2486 1711 2555 alii
1728 2510 1747 2554 a
1764 2487 1854 2555 mari
1873 2488 2003 2557 factum
2016 2513 2087 2559 esse
2103 2490 2328 2581 scripserunt.
2379 2487 2454 2579 Ego
2471 2515 2512 2559 ex

1534 2584 1670 2655 Graeco
1695 2579 1836 2679 μύρον,
1864 2588 1961 2680 quod
1982 2602 2033 2666 est
2053 2583 2290 2680 unguentum,
2322 2591 2512 2681 piscatores

1533 2687 1721 2778 sumpsisse
1736 2687 1909 2760 existimo.

1634 2800 1759 2871 Postea
1782 2814 1817 2871 et
1841 2801 1879 2868 in
1905 2802 2138 2872 medicatione
2163 2807 2346 2875 vulnerum
2368 2808 2407 2874 in
2432 2831 2512 2876 cor-

1534 2902 1681 2993 poribus
1697 2896 1895 2986 hominum,
1915 2906 2006 2972 etad
2023 2904 2187 2993 pellenda
2201 2906 2339 2973 fastidia
2353 2907 2512 2977 alimenti

1536 3004 1572 3070 in
1590 3002 1783 3094 pecudibus
1800 3002 2105 3093 frequentissimus
2118 3006 2200 3075 salis
2211 3028 2296 3076 usus
2310 3019 2371 3081 est
2415 3005 2512 3077 Haec

1536 3115 1668 3173 norunt
1682 3125 1804 3170 omnes
1820 3117 1985 3193 pastores.

1624 3218 1731 3322 ‘Cum
1746 3234 1862 3294 autem
1878 3243 1963 3290 usus
1977 3234 2048 3290 tam
2062 3223 2247 3314 multiplex
2269 3225 2315 3292 sit
2328 3224 2410 3293 salis
2424 3226 2516 3297 inter

1536 3320 1630 3390 vitae
1650 3319 1842 3412 praesidia,
1868 3321 1997 3410 ingrati
2011 3335 2113 3407 sunt,
2136 3324 2200 3416 q'ui
2221 3348 2335 3417 neque
2356 3328 2516 3395 couside-

1536 3435 1619 3491 raut
1646 3420 1840 3491 ho'nitatem
1872 3425 1965 3506 eius,
2003 3447 2118 3516 neque
2138 3423 2214 3494 Deo
2237 3450 2301 3517 pro
2325 3420 2393 3493 hoc
2418 3428 2514 3493 douo

1537 3522 1665 3610 gratias
1681 3534 1800 3608 agunt.
1850 3519 1952 3599 Certe
1967 3521 2062 3591 Deus
2077 3526 2291 3594 considerari
2311 3525 2393 3593 salis
2412 3538 2517 3595 uatu-

1538 3645 1611 3690 ram
1629 3620 1761 3702 voluit,
1787 3642 1868 3687 cum
1882 3621 2011 3687 diserte
2028 3623 2071 3686 de
2086 3645 2126 3688 eo
2141 3623 2178 3688 in
2195 3625 2270 3710 lege
2291 3627 2517 3719 praeceperit,

1538 3744 1582 3789 ne
1600 3718 1740 3787 victima
1754 3717 1830 3785 sine
1853 3718 1923 3785 sale
1944 3716 2141 3790 offerretur.
2199 3719 2305 3789 Scitis
2330 3724 2451 3806 enim,
2477 3728 2515 3793 in

1541 3819 1694 3890 secundo
1717 3818 1829 3907 capite
1848 3817 1994 3886 Levitici
2018 3818 2184 3907 scriptum
2208 3802 2296 3889 esse':
2337 3818 2418 3889 Non
2444 3823 2516 3892 fer-

1541 3932 1709 3999 mentum,
1735 3941 1808 3987 uou
1823 3918 1893 3986 mel
1909 3918 2123 3987 miscendum
2139 3943 2212 3989 esse
2225 3919 2270 3990 iis
2286 3920 2402 4002 rebus,
2427 3946 2516 4014 quae

1539 4019 1751 4090 offeruntur.
1814 4017 1957 4088 Nullam
1987 4033 2103 4106 autem
2134 4021 2311 4092 victimam
2340 4023 2516 4123 sine-sale

1540 4121 1759 4190 offerendam
1790 4140 1872 4190 esse.
1935 4112 2018 4189 ‘Eoi
2045 4120 2133 4190 ritus
2158 4123 2344 4213 praecipue
2374 4139 2518 4217 propter

1540 4221 1831 4308 significationem
1862 4219 2015 4288 instituti
2043 4233 2143 4306 sunt,
2186 4234 2302 4292 tamen
2335 4239 2369 4312 et
2398 4248 2517 4295 rerum

1542 4321 1696 4411 dignitas
1709 4320 1748 4387 iu
1763 4318 1813 4388 eis
1825 4321 2069 4391 commendata
2084 4334 2143 4390 est.
2182 4321 2230 4394 Et
2244 4325 2394 4395 sumitur
2407 4326 2518 4396 inter·
2613 4336 2619 4345 '

1541 4420 1691 4515 pretatio
1723 4445 1763 4488 ex
1788 4419 2042 4501 similitudine,
2077 4445 2165 4514 quae
2194 4448 2268 4494 nou
2299 4425 2520 4516 intelligitur,

1543 4523 1612 4594 uisi
1627 4546 1745 4591 rerum
1760 4535 1886 4594 natura
1902 4521 2130 4593 considerata.

1644 4652 1873 4723 Fermentum
1888 4678 1962 4724 non
1982 4655 2058 4726 vult
2080 4655 2219 4744 offerri,
2245 4661 2329 4752 quia
2349 4663 2520 4753 signifieat
2545 4648 2551 4660 ¹

517 4769 758 4852 nutricatioui.
809 4763 960 4836 Addidit
979 4758 1186 4831 suavitatem
1203 4755 1368 4836 utilitati,
1390 4767 1431 4823 ut
1453 4754 1492 4819 in
1544 4755 1668 4825 mixtas
1694 4754 1879 4846 opiniones
1908 4751 2080 4853 humanas
2105 4758 2285 4831 doetrinae
2305 4761 2380 4833 Dei.
2432 4763 2521 4838 Vult

515 4874 639 4947 multis
668 4871 792 4949 rebus,
832 4877 871 4934 ut
898 4885 996 4933 suam
1026 4854 1220 4927 bonitatem
1251 4853 1494 4943 multipliciter
1545 4834 1930 4925 autem⁰Deusretineri
1949 4857 2136 4947 puritatem
2153 4882 2236 4930 suae
2255 4863 2456 4950 doctrinae,
2480 4881 2523 4938 ut

429 4992 431 4996 <
518 4975 726 5048 ostenderet.
790 4963 862 5035 Nee
885 4962 954 5032 alia
975 4959 1175 5050 quaerenda
1197 4969 1248 5026 est
1269 4975 1393 5036 causa,
1433 4955 1493 5022 sed
1546 4979 1647 5047 saepe
1659 4956 1842 5046 praecipit.
1892 4955 1979 5026 Vult
1989 4946 2170 5041 invocari,
2190 4962 2279 5034 sieut
2301 4987 2337 5032 se
2358 4961 2524 5059 patefecit

520 5074 709 5167 sapientiae
744 5083 777 5138 et
811 5062 983 5136 bonitatis
1009 5056 1151 5129 divinae
1183 5054 1495 5147 testimoniagrati
1546 5058 1630 5147 ipse.
1681 5055 1762 5124 Non
1776 5058 1852 5127 vult
1867 5057 1986 5145 affingi
2000 5052 2170 5129 humanas
2190 5065 2377 5154 opiniones
2397 5083 2433 5139 et
2456 5093 2521 5138 uo-

521 5176 790 5246 consideremus.
843 5160 960 5234 Tanta
982 5159 1118 5229 fastidia
1134 5161 1205 5231 cibi
1227 5169 1440 5251 sequuntur,
1465 5154 1495 5223 si
1546 5155 1757 5240 marullus,
1784 5171 1823 5227 ut
1837 5154 2057 5228 horribiliter
2077 5162 2244 5233 omuibus
2266 5168 2438 5238 aetatibus
2457 5169 2520 5235 ad-

522 5279 593 5348 sim
615 5275 690 5344 sine
705 5270 794 5351 sale,
817 5281 857 5337 ut
871 5278 996 5336 natura
1008 5262 1054 5330 ab
1068 5260 1118 5329 eis
1130 5255 1328 5332 abhorreat.
1380 5252 1421 5324 ld
1436 5279 1495 5327 ex·
1546 5257 1674 5325 mixtae
1702 5270 1785 5325 sunt
1813 5260 1993 5328 doctrinae
2020 5257 2089 5330 Dei
2118 5265 2354 5356 corruptelae,
2391 5266 2519 5358 quibus

520 5375 691 5470 perientia
706 5367 877 5447 ostendit,
909 5366 938 5432 ai
953 5364 1033 5455 quis
1047 5360 1197 5431 dubitat.
1247 5356 1424 5452 lusipida,
1455 5370 1496 5427 ut
1546 5359 1662 5427 fontes
1691 5356 1848 5425 coelestis
1881 5360 2070 5450 sapientiae
2097 5374 2159 5432 aut
2187 5366 2319 5436 turbati
2339 5377 2399 5436 aut
2417 5385 2519 5454 pror-

520 5479 623 5570 panis
637 5475 712 5545 siue
727 5468 798 5539 sale
814 5484 956 5555 prorsus
969 5464 1105 5549 ingrata
1120 5469 1215 5532 sunl.
1264 5455 1391 5528 Dulcia
1405 5456 1496 5525 eele-
1549 5476 1608 5524 sus
1636 5453 1755 5569 obruti
1787 5469 1886 5542 suut,
1922 5473 1963 5532 ut
1994 5463 2089 5552 apud
2122 5456 2293 5537 Ethuicos
2323 5475 2358 5535 et
2385 5463 2532 5535 similes

520 5581 606 5650 riter
627 5571 867 5647 fastidiuntur.
919 5556 1051 5631 Amara
1070 5571 1106 5629 et
1126 5557 1220 5629 aeria
1239 5568 1349 5627 umut
1363 5568 1405 5649 ‘et
1424 5557 1498 5627 lae-
1547 5555 1680 5626 factum
1700 5565 1763 5629 est.
