6025 6775
385 679 435 758 οε
955 663 1119 745 DECL.
1156 660 1234 742 DE
1271 662 1515 745 ututtou.
1552 663 1834 747 SCHURPP.
2349 684 2401 760 ω

383 859 556 928 consensu
572 830 779 919 statuissent
793 834 1013 913 scelecturos
1030 860 1105 910 esse
1121 839 1298 927 eundum,
1321 864 1369 915 ne
1418 850 1509 911 esset
1527 851 1631 910 autor
1649 861 1763 909 novae
1783 840 1918 909 lormae
1938 837 2091 934 imperii.
2142 844 2213 918 Sed
2229 848 2400 946 quiequid

383 949 579 1028 Gemtania
611 940 866 1018 distraheretur
895 935 1103 1012 Electomm
1137 941 1368 1019 dissensione.
1417 940 1504 1022 erit,
1549 962 1692 1012 oremus
1722 938 1838 1011 Deum
1870 952 2053 1014 aeternum
2082 960 2218 1037 patrem
2249 946 2398 1024 Domini

382 1051 456 1127 Nec
481 1048 667 1145 peregrini
690 1044 802 1136 Reges
825 1040 986 1113 accersiti
1017 1053 1122 1121 sunt,
1141 1041 1226 1125 ‚nisi
1249 1045 1368 1130 semel,
1414 1040 1530 1115 nostri
1543 1038 1624 1112 lesu
1633 1035 1788 1125 Christi,
1811 1039 1873 1134 qui
1889 1042 2052 1117 condidit
2065 1069 2177 1137 genus
2189 1044 2399 1142 humanum,

379 1179 468 1226 curn
483 1150 552 1223 alii
566 1146 747 1220 Aliensem
761 1141 983 1237 Hispanum,
1006 1141 1070 1212 alii
1082 1139 1279 1216 Ricardum
1288 1141 1368 1215 An-
1412 1157 1450 1215 et
1473 1156 1621 1235 propter
1644 1138 1840 1214 Ecclesiam
1864 1156 1980 1215 servat
2003 1145 2140 1241 aliquas
2164 1149 2326 1241 politia,
2356 1169 2398 1228 nt
2426 1231 2435 1242 ,

380 1254 488 1348 glum
506 1256 727 1321 attraxerunt,
1414 1244 1605 1315 clementer
1637 1243 1775 1332 mitiget
1809 1241 2055 1334 impendentes
2089 1251 2320 1340 mutationes,
2361 1270 2397 1329 et

490 1346 700 1422 DeAlsonso
714 1368 792 1416 non
812 1342 963 1415 dubium
987 1356 1041 1431 est
1066 1344 1272 1418 accersitum
1291 1369 1366 1418 esse
1413 1357 1574 1435 protegat
1604 1343 1644 1414 in
1673 1339 1731 1422 his
1761 1342 1969 1433 regionibus
2000 1340 2175 1419 Ecclesiae
2207 1365 2242 1423 et
2273 1377 2395 1426 earum

383 1465 528 1548 propter
547 1446 776 1517 excellentem
795 1444 1006 1537 sapientiam
1028 1457 1063 1516 et
1082 1445 1270 1529 virtutem,
1302 1448 1364 1541 qni
1411 1442 1578 1537 hospitia.
1628 1442 1680 1518 Et
1697 1443 1832 1516 diutim
1852 1455 1967 1515 servet
1981 1443 2020 1514 in
2039 1442 2228 1522 Germania
2245 1453 2395 1544 legitimi

384 1567 592 1625 tamencum
610 1558 703 1617 esset
717 1540 977 1637 Philosophus,
998 1558 1035 1617 et
1050 1545 1220 1618 dimicare
1234 1549 1279 1618 de
1292 1548 1364 1617 im·
1412 1546 1554 1638 imperii
1583 1548 1706 1633 decus,
1751 1557 1850 1638 regat
1880 1545 1987 1616 etiam
2014 1542 2220 1642 Principum
2245 1554 2395 1643 animos,

377 1651 478 1746 perio
498 1670 573 1719 uon
592 1649 716 1732 vellet,
746 1670 949 1741 qumquem
970 1641 1145 1717 Basileam
1167 1649 1284 1734 venit,
1308 1662 1364 1721 ta·
1409 1670 1460 1718 ue
1479 1660 1541 1718 aut
1561 1648 1654 1719 odiis
1674 1661 1736 1719 aut
1756 1645 1952 1718 ambitione
1969 1646 2108 1718 incensi
2129 1652 2280 1740 patriam
2302 1655 2394 1726 dile-

376 1774 461 1824 men
479 1750 604 1820 volens
618 1747 723 1819 cessit
740 1748 866 1820 relicto
885 1742 954 1818 boc
968 1748 1172 1823 certamine.
1223 1745 1362 1841 Anglus
1412 1761 1547 1817 cerent:
1595 1751 1655 1818 sed
1678 1763 1718 1821 nt
1741 1762 1825 1820 sunt
1848 1747 2006 1838 cognati,
2045 1748 2095 1821 ita
2123 1749 2193 1821 sint
2215 1752 2309 1824 inter
2333 1777 2394 1827 se-

376 1853 448 1925 cito
461 1862 625 1921 mortuus
638 1861 700 1919 est.
1411 1871 1494 1919 rere
1510 1844 1702 1929 Germani,
1726 1872 1802 1918 non
1821 1849 1938 1919 fucata
1957 1850 2205 1922 benevolentia
2226 1874 2301 1923 sese
2313 1878 2394 1926 mu·

481 1948 667 2021 interdum
701 1948 808 2021 mam
837 1946 951 2018 furiae
984 1950 1185 2042 pontificiae
1215 1950 1362 2020 fuerunt
1410 1963 1473 2022 tuo
1497 1949 1786 2039 complectentes,
1807 1962 1843 2022 et
1859 1949 1964 2020 saluti
1982 1953 2164 2023 communi
2181 1949 2394 2034 Germaniae

377 2073 503 2124 causae
519 2049 750 2121 dissidiorum
765 2044 1057 2123 interElectores.
1093 2048 1143 2125 Et
1157 2075 1230 2121 uon
1246 2052 1360 2122 multo
1409 2063 1447 2122 et
1462 2049 1661 2119 vicinarum
1676 2048 1835 2139 gentium
1851 2050 2049 2126 consulant.
2097 2049 2194 2126 Dixi.

378 2166 458 2222 ante
470 2149 636 2222 Pontifex
652 2148 838 2222 Romanus
857 2164 1002 2234 conatus
1017 2165 1071 2224 est
1090 2147 1187 2223 hunc
1209 2173 1359 2222 nervum

378 2251 539 2343 imperii,
571 2250 737 2321 videlicet
764 2250 820 2321 ius
849 2251 1048 2338 electionis,
1078 2253 1211 2343 insigni
1232 2251 1361 2321 astutia
1408 2319 1413 2330 ,

377 2352 532 2424 abolere.
582 2350 673 2421 Nam
687 2346 904 2443 Episcopum
917 2350 1171 2442 Mogontinum
1184 2350 1360 2424 Comitem

377 2449 623 2541 lsenhergium
647 2452 805 2545 obligare
825 2452 940 2522 voluit
963 2454 1102 2525 Aeneas
1125 2452 1288 2546 Sylvius,
1314 2473 1361 2521 ne
1409 2415 1475 2491 ΝΟ·
1495 2417 1580 2494 ¹⁴²·
2230 2448 2280 2497 ⁸¹²·
2297 2429 2395 2498 ¹⁵⁵⁴·

1415 2511 1588 2545 Μ
2216 2517 2388 2550 Μ

376 2575 538 2646 mequam
561 2551 631 2621 nisi
659 2553 875 2624 adsentiente
894 2549 1060 2624 Romano
1080 2550 1251 2624 Pontitice
1276 2550 1360 2624 Mo·
1806 2620 1816 2642 ,

376 2652 551 2744 guntinus
570 2647 751 2723 Electores
773 2666 996 2724 convocaret.
1052 2650 1134 2741 Qua
1156 2653 1195 2723 in
1215 2677 1255 2725 re
1277 2675 1359 2724 cum
1642 2619 1720 2706 De
1748 2620 1936 2710 Hiem-
1965 2614 2162 2737 &buiff-

376 2776 454 2824 uon
467 2753 694 2824 assentiretur
708 2750 962 2844 Mogontinus,
987 2754 1095 2826 sensit
1109 2755 1244 2826 fulmen
1267 2776 1360 2846 pon·
1476 2774 1616 2834 rmum„
1626 2775 1797 2834 neelamt'.
1813 2776 1860 2836 m,
1895 2816 1910 2855 Ι,
1984 2795 2062 2848 qq„
2086 2777 2216 2841 mm·
2233 2782 2267 2842 ῃ,
2285 2782 2396 2856 potu..

376 2852 542 2939 tihcium,
567 2857 627 2925 sed
643 2878 664 2924 a
678 2852 861 2925 Fciderico
876 2849 1039 2927 Palatino
1053 2856 1194 2928 fortiter
1208 2869 1243 2928 et
1256 2852 1361 2925 ioeli·
1513 2842 1676 2901 3‘““⁸·T·
1689 2845 1736 2902 “h
1787 2844 1849 2903 ⁸²⁴·
1914 2845 1968 2900 ⁵⁸²¹
1979 2845 2126 2920 ”mh
2136 2850 2216 2921 *δίη
2246 2850 2395 2912 &Strob-

376 2953 466 3024 citer
497 2955 662 3025 defensus
693 2966 758 3024 est.
814 2951 997 3028 Postremo
1029 2958 1185 3029 ostendit
1218 2952 1360 3026 duratio
1406 2997 1410 3005 ·

375 3052 550 3124 divinitus
572 3050 665 3126 hanc
689 3051 830 3148 isuperii
852 3057 1003 3128 fonnem
1032 3072 1068 3130 et
1096 3057 1295 3131 institutam
1324 3065 1361 3125 et
1409 3089 1540 3160 omn„
1587 3080 1635 3155 g,
1672 3083 1755 3153 νη,
1794 3084 2075 3173 memm-
2120 3085 2395 3184 305„fo

1513 2909 1582 2968 bist
1594 2909 1665 2964 atet
1682 2911 1736 2967 No.
1768 2913 1810 2971 tt.

372 3168 620 3265 conservatam
642 3176 733 3238 esse,
762 3158 846 3247 quia
870 3180 983 3227 annos
1009 3158 1163 3274 amplius
1186 3158 1361 3273 quingen-
1410 3192 1513 3260 M,
1536 3188 1734 3277 ΜΨ
1755 3182 1949 3267 nocem,
1987 3187 2153 3253 recreata
2182 3208 2208 3256 η
2235 3192 2286 3260 υ,
2306 3196 2397 3262 m.

367 3265 432 3327 tos
445 3262 579 3318 mansu
592 3245 825 3335 haectorma,
849 3264 953 3344 atque
969 3270 1106 3324 utinam
1126 3258 1261 3325 deuuus
1282 3277 1361 3322 eam
1690 3279 1858 3352 „gam
1890 3277 2114 3354 reubero,

368 3351 483 3427 Deus
496 3360 690 3419 conservet.
729 3343 800 3420 Sed
814 3349 1051 3442 plurimorum
1065 3374 1255 3442 regnorum
1272 3353 1363 3423 lata·

371 3453 427 3522 les
458 3447 600 3539 periodi
624 3449 771 3519 fuemnt
801 3452 889 3520 anni
918 3452 1113 3545 quingenti.
1177 3448 1238 3522 Ah
1264 3451 1362 3523 exitu
1411 3439 1558 3525 Mirum
1579 3461 1649 3529 est,
1673 3472 1754 3526 cum
1775 3447 1893 3535 legum
1917 3457 1952 3515 et
1974 3444 2084 3518 totius
2102 3447 2240 3523 ordinis
2259 3454 2396 3545 politici

376 3547 619 3622 haelisaeum
633 3572 675 3618 ex
688 3543 851 3644 Aegypto
864 3566 948 3622 sunt
963 3553 1008 3619 ad
1023 3550 1252 3621 Salomonem
1274 3549 1361 3619 enni
1411 3550 1598 3621 manifesta
1611 3547 1658 3618 sit
1671 3545 1856 3634 utilitasct
1868 3539 2122 3644 pulchritudo,
2143 3562 2261 3623 tamn
2277 3557 2397 3638 omni-

379 3647 519 3721 circiter
534 3646 728 3740 quingenti.
781 3646 869 3716 lude
882 3651 926 3716 ad
944 3648 1088 3716 exilium
1101 3646 1360 3740 Babylonicum
1409 3648 1479 3720 hus
1500 3646 1721 3738 temporibus
1739 3644 2023 3729 fuissemultos,
2063 3649 2230 3744 quinon
2256 3668 2396 3730 tantum

381 3771 501 3822 rursus
531 3746 731 3841 quingenti.
796 3743 972 3817 Areditu
996 3745 1182 3840 quingenti
1204 3748 1250 3839 ad
1272 3746 1361 3816 ulti·
1410 3747 1574 3821 licentiae
1603 3747 1796 3838 cupiditate
1827 3746 1981 3819 oderunt
2007 3748 2216 3843 disciplinae
2243 3755 2398 3847 vincula,

380 3873 479 3925 snum
497 3848 683 3920 excidium.
744 3844 799 3918 Ac
818 3846 1036 3937 significatur
1054 3842 1114 3917 hic
1133 3869 1303 3917 numerus
1322 3846 1362 3914 in
1411 3849 1599 3921 sedetiam
1622 3847 1733 3934 alios,
1769 3871 1923 3941 quorum
1945 3851 2112 3921 nonnulli
2135 3855 2317 3944 praetextu
2338 3881 2396 3932 sa·

379 3946 527 4023 Daniele
542 3972 622 4019 cum
635 3949 674 4021 bt
687 3949 822 4020 mentio
840 3948 1061 4040 septuaginta
1083 3942 1363 4035 hebdomadum,
1411 3950 1579 4043 pientiae,
1596 3948 1702 4021 multi
1716 3961 1895 4039 praetextu
1907 3948 2090 4040 religionis
2105 3954 2288 4028 vociferati
2301 3974 2397 4047 suut,

381 4063 575 4145 quaesunt
597 4050 682 4121 anni
706 4049 957 4143 quadringenti
989 4065 1024 4121 et
1045 4048 1250 4136 nonaginta.
1307 4042 1363 4116 Ac
1412 4063 1528 4122 toturn
1546 4045 1643 4120 hunc
1655 4050 1819 4119 ordinem
1834 4043 2005 4121 honestae
2027 4067 2062 4125 et
2085 4052 2200 4126 civilis
2221 4054 2315 4129 vitae
2336 4060 2396 4130 in·

380 4176 479 4225 nunc
492 4166 668 4243 postrema
684 4152 811 4221 mundi
827 4165 987 4221 senectus
1002 4162 1066 4220 est.
1117 4147 1239 4238 Quare
1262 4146 1363 4218 valde
1413 4151 1543 4221 iustam
1557 4147 1782 4242 tyrannidem
1798 4170 1890 4235 esse,
1908 4150 2000 4221 sicut
2013 4155 2106 4244 apud
2115 4150 2300 4229 Platonem
2314 4160 2397 4254 qui-

380 4254 570 4325 utetueuda
593 4269 643 4326 est
668 4246 777 4323 huius
799 4251 933 4323 formae
958 4246 1125 4337 mutatio,
1157 4248 1363 4343 praesertim
1412 4253 1495 4322 dam
1517 4250 1631 4337 legem
1653 4248 1817 4319 nominat
1836 4262 2041 4342 tyrannum.
2097 4249 2147 4326 Et
2166 4259 2263 4350 quod
2284 4261 2398 4350 megi,
2465 4297 2468 4303 ,

382 4377 464 4427 cum
487 4354 594 4425 etiarn
608 4352 747 4423 Turcos
771 4375 1016 4442 pmgressuros
1039 4375 1114 4422 esse
1136 4350 1240 4421 multi
1262 4372 1365 4441 prae·
1412 4351 1546 4422 mirum
1567 4361 1637 4434 est,
1667 4372 1749 4420 cum
1771 4373 1840 4419 vox
1861 4348 1982 4420 divina
2007 4351 2046 4420 in
2062 4347 2220 4425 Ecclesia
2243 4358 2397 4431 maxime

382 4455 550 4529 dixerint.
600 4450 648 4524 Et
672 4448 849 4523 lohannes
873 4450 997 4523 Hilten
1018 4452 1272 4526 Franciscanus
1292 4448 1365 4521 isc-
1413 4464 1517 4522 ornet
1530 4451 1623 4540 leges
1636 4463 1672 4521 et
1685 4449 1857 4541 imperia,
1883 4463 1999 4521 tamen
2022 4451 2096 4522 iere
2115 4455 2285 4527 omuibus
2299 4472 2396 4541 aeta-

381 4556 544 4627 nsceusis
579 4554 719 4647 scripsit
756 4578 852 4625 anno
889 4554 1077 4625 millesimo
1115 4551 1363 4623 sexcentesimo
1413 4554 1508 4626 tibus
1523 4551 1640 4642 vagati
1654 4561 1739 4621 sunt
1753 4549 1898 4623 fanatici
1914 4551 2076 4640 spiritus,
2099 4555 2298 4647 womnes
2311 4582 2395 4630 ner-

384 4652 523 4729 ancos
545 4656 584 4724 in
609 4652 803 4727 Germania
831 4668 867 4726 et
892 4652 993 4726 ltalia
1014 4653 1259 4726 dominaturos
1279 4674 1365 4724 esse.
1414 4677 1478 4725 ros
1505 4648 1674 4725 honestae
1703 4651 1880 4724 societatis
1908 4651 2132 4741 inciderunt,
2174 4658 2395 4733 sustulerunt

379 4752 548 4831 Narravit
577 4756 682 4828 etiarn
714 4761 871 4849 optimus
903 4753 1072 4848 Princeps
1092 4753 1174 4826 Dux
1193 4753 1365 4826 Saxosdm
1414 4756 1494 4825 iura
1530 4753 1711 4844 coniugii,
1761 4765 1797 4823 et
1832 4751 2098 4825 distinctionem
2130 4755 2394 4848 Dominiorum

379 4852 529 4931 Elector
547 4854 744 4943 lohannes,
769 4861 914 4930 fratrem
935 4873 970 4927 et
992 4881 1029 4927 se
1048 4856 1286 4926 adolescentes
1303 4878 1364 4924 co·
1414 4859 1674 4928 damnarerunt
1694 4851 1941 4943 Magistratus,
1966 4852 2095 4945 Leges,
2120 4854 2269 4935 Indicia.

381 4954 534 5027 euitatus
560 4980 630 5027 esse
660 4975 792 5051 patrem
819 4961 863 5030 ad
888 4955 1128 5030 Maximiliani
1146 4957 1365 5039 electionem,
1517 4955 1624 5026 Tales
1656 4955 1795 5026 furores
1832 4955 2128 5029 decumtuleruut
2162 4958 2280 5030 statim
2314 4975 2396 5053 post

384 5054 513 5148 ibique
547 5051 710 5128 iudaeum
750 5061 981 5132 vaticinatum
1023 5081 1115 5143 esse,
1160 5071 1245 5129 tunc
1282 5057 1366 5144 eligi
1416 5056 1607 5150 Apostolos
1621 5069 1778 5144 tempore
1786 5050 1938 5123 Adriani
1948 5052 2193 5147 Imperatoris,
2214 5055 2395 5135 Haeretici

384 5171 609 5251 postremum
642 5154 888 5232 Gemanieum
922 5159 1187 5252 imperatorem.
1249 5156 1367 5228 Tanta
1416 5161 1456 5230 in
1481 5156 1604 5231 multis
1635 5153 1743 5226 Asiae
1771 5167 1807 5226 et
1829 5153 1971 5226 Africae
1998 5156 2104 5242 locis,
2152 5154 2396 5250 Carpocrates,

386 5283 469 5331 cum
484 5257 677 5328 autoritate
692 5250 774 5328 haec
785 5262 977 5353 praedictio
995 5284 1114 5354 sparsa
1135 5271 1208 5344 est,
1229 5271 1269 5330 ut
1282 5255 1368 5329 Ele·
1415 5256 1578 5330 Martion
1610 5270 1646 5329 et
1668 5254 1798 5327 deinde
1817 5252 1964 5341 Manes,
2005 5257 2089 5350 qui,
2124 5257 2208 5351 quia
2231 5254 2395 5335 homines

386 5374 501 5430 eteros
521 5375 636 5429 vatem
661 5357 766 5428 illum
788 5365 831 5430 ad
853 5384 889 5433 se
910 5375 1142 5446 accmserent,
1172 5374 1208 5432 et
1227 5359 1368 5450 longio-
1416 5358 1520 5431 facile
1543 5358 1732 5450 capiuntur
1752 5354 1922 5447 opinione
1942 5370 1978 5429 et
1998 5379 2059 5448 spe
2079 5357 2194 5434 divini
2215 5364 2397 5450 consortii,

387 5482 463 5530 rem
499 5460 771 5551 explicationem
802 5460 1007 5549 flagitarent.
1083 5460 1153 5533 Hic
1185 5462 1369 5554 respondit
1417 5459 1635 5532 simulabant
1661 5458 1701 5529 in
1723 5457 1796 5529 suis
1815 5457 2060 5546 congressibus
2081 5460 2215 5532 subitas
2237 5479 2396 5537 conster-

384 5560 499 5633 elium
517 5575 696 5652 potentem
713 5558 965 5654 imperatorem
986 5578 1066 5656 post
1079 5562 1369 5638 Maximilianum
1418 5561 1601 5646 nationes,
1646 5557 1817 5651 suspiria,
1862 5554 2060 5655 lachrymas
2098 5574 2134 5633 et
2160 5562 2250 5633 alios
2278 5576 2395 5654 gestus

389 5676 591 5732 secuturum
607 5686 690 5748 esse,
714 5665 776 5756 qui
792 5666 1176 5753 regna-extemaetiam
1191 5688 1369 5758 possessu·
1400 5677 1494 5735 ·arte
1518 5663 1635 5744 fictos,
1676 5673 1716 5739 ut
1744 5661 1997 5750 persuaderent
2016 5660 2114 5747 aliis,
2155 5684 2191 5732 se
2214 5686 2294 5732 cnm
2317 5660 2395 5733 Deo

387 5784 451 5833 rus
466 5775 574 5848 esset,
598 5765 659 5837 sed
680 5778 798 5839 ortum
819 5762 1122 5850 aldaximilieno,
1146 5767 1212 5863 qui
1228 5767 1370 5842 interne
1419 5763 1597 5860 colloqui,
1627 5775 1664 5837 et
1681 5760 1875 5933 inrigaqeut
1893 5762 2040 5845 stultos,
2070 5774 2112 5832 ut
2129 5772 2329 5853 sperarent,
2358 5782 2397 5833 se
