6025 6775
566 576 639 652 sss
1027 561 1191 639 usar.
1223 556 1298 633 uu
1330 555 1525 634 caera
1549 557 2126 651 cousraurtuoeour.
2518 575 2592 669 15,

567 750 608 819 in
632 770 673 817 ea
702 741 857 822 familia,
889 736 1041 829 praesidi
1069 731 1292 820 Thessaliae,
1326 742 1367 802 ut
1396 726 1556 801 Athenas
1606 729 2476 842 ByzantiumaCarthaginensibusconditamesse,
2497 790 2589 854 quoa

568 858 728 937 occupet.
780 839 835 913 lta
864 839 903 908 in
932 832 1129 907 Mahometi
1158 845 1363 923 potestatem
1393 827 1556 901 Athenae
1607 833 1710 902 valde
1732 835 1922 905 instructos
1939 838 2065 924 fuisse,
2093 846 2244 917 navibus
2269 864 2302 920 et
2326 859 2447 929 pneut
2472 854 2588 913 trans-

568 950 729 1021 redactae
752 941 854 1026 sunt',
878 938 942 1007 ubi
964 951 1081 1028 postea
1100 947 1244 1024 propter
1261 933 1392 1001 civium
1409 933 1555 1002 seditio·
1607 935 1740 1003 vexisse
1764 959 1912 1020 merces,
1944 941 2078 1009 multae
2103 939 2270 1010 historiae
2291 952 2471 1014 testantur.
2533 943 2588 1014 Ac

569 1072 633 1123 nes
655 1069 770 1116 arcem
785 1057 822 1113 et
836 1061 997 1127 magnam
1016 1048 1150 1124 partem
1166 1035 1267 1102 urbis
1285 1033 1398 1103 victor
1413 1034 1556 1105 delevit.
1607 1031 1697 1102 mihi
1711 1035 1854 1127 quidem
1872 1038 2013 1107 videtur
2028 1035 2184 1103 nominis
2201 1037 2301 1124 origo
2318 1061 2392 1106 esse
2409 1063 2449 1108 ex
2467 1043 2587 1132 lingua

569 1146 673 1223 Nunc
704 1158 842 1216 tautum
867 1132 1003 1231 ipsium
1028 1135 1164 1228 reliqua
1188 1147 1291 1216 sunt,
1324 1156 1420 1201 casae
1442 1134 1556 1224 pisca·
1608 1131 1844 1217 Phoenicum,
1880 1134 2093 1202 conveniens
2123 1159 2216 1204 novo
2241 1133 2413 1225 Emporio
2443 1141 2481 1209 in
2510 1145 2588 1213 loco

570 1263 691 1319 torum
714 1260 748 1315 et
772 1241 937 1313 colluvies
959 1237 1227 1326 peregrinorum
1253 1229 1461 1319 hominum,
1492 1232 1556 1326 qui
1608 1234 1848 1323 voluptatibus
1871 1246 2090 1323 opportuno,
2116 1232 2206 1305 Beth
2228 1235 2344 1315 Zona,
2372 1240 2409 1307 id
2431 1258 2498 1328 est,
2526 1247 2591 1314 do-

570 1373 612 1420 es
625 1343 782 1418 barbaris
795 1337 957 1432 gentibus
973 1359 1055 1405 casu
1071 1360 1112 1404 eo
1129 1334 1324 1408 confluunt.
1607 1357 1686 1403 mus
1703 1356 1901 1423 cauponae,
1927 1347 1961 1402 et
1977 1356 2168 1422 congruere
2184 1336 2457 1427 appellationem
2474 1369 2591 1415 mores

671 1444 741 1515 Hic
764 1455 815 1512 est
839 1436 939 1510 urbis
962 1437 1062 1508 linis.
1090 1460 1179 1528 quae
1204 1448 1240 1504 et
1262 1434 1419 1524 exempla
1441 1431 1557 1501 virtu·
1608 1434 1736 1505 vetusti
1752 1434 1991 1501 ostenderunt.

571 1563 647 1621 tum
671 1541 807 1633 egregia
826 1534 972 1621 habuit,
997 1549 1030 1606 et
1054 1535 1274 1605 domicilium
1293 1534 1361 1603 fuit
1376 1534 1557 1603 doctrina·
1712 1531 1845 1604 Scribit
1862 1533 1958 1602 enim
1974 1528 2194 1628 Phylarchus
2208 1533 2399 1629 Byzantios
2415 1541 2537 1613 solitos
2553 1545 2591 1613 in

569 1670 670 1730 rum,
695 1656 730 1714 et
747 1664 804 1712 res
822 1635 987 1708 honestas
1003 1661 1043 1706 ac
1058 1658 1201 1725 magnas
1217 1634 1393 1722 sapienter
1407 1649 1440 1704 et
1454 1634 1557 1702 sorti·
1609 1633 1779 1724 cauponis
1796 1634 1871 1702 dies
1885 1647 1921 1704 et
1935 1648 2054 1704 noctes
2069 1636 2292 1721 commorari,
2315 1652 2350 1708 et
2365 1656 2488 1731 portus
2503 1645 2591 1715 alter

570 1762 624 1819 ter
647 1743 753 1835 gessit
775 1753 896 1811 contra
912 1736 1055 1819 Persas,
1083 1751 1117 1807 et
1142 1738 1179 1804 in
1198 1735 1349 1824 imperio
1365 1734 1557 1803 modestior
1610 1736 1812 1804 nominatus
1829 1747 1881 1803 est
1896 1735 2086 1805 mulierum
2107 1750 2239 1828 portus.

568 1846 638 1918 tuit
662 1841 845 1934 Spartanis
877 1852 911 1908 et
932 1834 1131 1918 Thebanis,
1165 1848 1316 1927 suntque
1344 1835 1416 1902 duo
1442 1834 1556 1903 millia
1710 1834 1853 1904 Deinde
1869 1825 2289 1925 Megarensium'colonia
2309 1863 2350 1908 eo
2366 1842 2513 1913 deducta
2530 1860 2590 1917 est.

569 1968 746 2017 annorum
775 1966 794 2011 a
816 1939 950 2011 Solone
978 1962 1092 2031 usque
1120 1939 1165 2007 ad
1192 1930 1288 2003 hunc
1310 1930 1556 2005 Mahometum
1609 1931 1663 2006 lta
1685 1933 1802 2004 illatae
1823 1948 1906 2004 sunt
1927 1960 1967 2004 eo
1983 1935 2118 2008 Graeca
2133 1937 2253 2026 lingua
2267 1954 2301 2010 et
2319 1938 2473 2012 Graecae
2488 1944 2591 2034 lege's,

572 2068 768 2117 eversorem
783 2036 1018 2111 Athenarum.
1610 2051 1644 2107 et
1675 2049 1753 2129 post
1776 2036 1911 2104 bellurn
1938 2035 2065 2107 Xerxis
2092 2037 2270 2110 interdum
2292 2038 2591 2118 Lacedaemonio-

1630 2160 1709 2220 um,
1732 2136 1913 2205 interdum
1929 2133 2200 2208 Atheniensium
2215 2140 2308 2209 socia
2325 2142 2404 2215 suit.
2455 2144 2591 2221 Deinde

674 2242 769 2315 Haec
791 2264 832 2309 co
855 2233 1147 2313 commemoravi,
1172 2247 1212 2303 ut
1230 2232 1458 2303 consideratis
1474 2254 1558 2301 cau·
1611 2237 1685 2325 regi
1707 2233 1938 2305 Macedonico
1964 2234 2133 2331 Philippo
2162 2254 2242 2330 post
2264 2242 2471 2314 diuturnam
2494 2249 2591 2319 obsi·

571 2348 622 2424 sis
637 2368 725 2439 quae
738 2334 922 2412 attrahunt
934 2336 1092 2426 gentium
1108 2346 1213 2427 atque
1225 2335 1370 2405 urbium
1381 2332 1558 2416 interitus,
1610 2336 1754 2407 dionem
1768 2357 1805 2405 se
1818 2336 1965 2412 dedidit.

573 2450 685 2520 simus
700 2440 948 2521 modestiores,
970 2448 1005 2506 et
1019 2459 1038 2505 a
1053 2432 1129 2504 Deo
1144 2435 1432 2523 gubernationem
1448 2447 1482 2504 et
1494 2434 1559 2501 de-
1712 2434 1884 2507 Romanis
1908 2437 2144 2527 temporibus,
2170 2464 2249 2509 cum
2273 2443 2317 2511 de
2333 2441 2482 2534 imperio
2500 2450 2593 2522 inter

575 2547 771 2619 sensionem
787 2553 958 2633 petamus.
1609 2560 1648 2628 se
1671 2548 1847 2606 certarent
1860 2534 2073 2607 Pesceninus
2086 2552 2120 2608 et
2135 2537 2303 2626 Severus,
2327 2557 2363 2614 et
2378 2543 2591 2626 Pesceninus

676 2641 841 2734 Optarim
866 2652 983 2708 autem
1006 2632 1239 2703 Germanicos
1262 2633 1438 2726 principes
1461 2646 1495 2701 et
1518 2631 1558 2700 in
1611 2636 1822 2732 Byzantium
1846 2637 1946 2726 prior
1965 2652 2182 2729 occupasset,
2207 2640 2356 2713 Severus
2374 2670 2451 2715 eam
2466 2653 2592 2724 urbem

574 2744 799 2839 inquirendis
821 2736 979 2810 historiis
996 2734 1158 2804 Tuccicis
1181 2729 1441 2823 diligentiores,
1467 2746 1501 2802 et
1519 2733 1557 2800 in
1611 2737 1798 2808 obsidione
1820 2737 1930 2807 cinxit
1950 2750 2064 2808 totum
2085 2739 2277 2811 triennium
2295 2757 2329 2814 et
2345 2764 2527 2835 semestre,
2552 2778 2591 2825 ac

575 2845 780 2920 defensione
802 2839 935 2935 patriae
958 2835 1220 2905 coniunctiores
1243 2847 1278 2904 et
1299 2835 1451 2904 acriores
1475 2855 1559 2916 esse,
1612 2840 1754 2909 tandem
1772 2860 1851 2906 cum
1868 2858 1995 2924 magna
2010 2840 2200 2909 multitudo
2218 2835 2401 2913 homiuum
2417 2848 2467 2918 ibi
2485 2856 2592 2925 varii,

575 2973 617 3020 ac
630 2948 662 3016 si
675 2943 785 3033 magis
799 2953 943 3010 nossent
955 2959 1031 3005 eam
1046 2949 1202 3025 gentem,
1229 2947 1263 3003 et
1279 2937 1430 3004 formam
1445 2934 1559 3024 impe·
1612 2938 1750 3008 casibus
1772 2937 1949 3027 periisset,
1974 2938 2066 3005 fame
2088 2939 2202 3028 coegit
2224 2945 2269 3011 ad
2292 2945 2526 3036 deditionem,
2552 2979 2592 3025 ac

576 3048 623 3119 rii
645 3048 823 3139 ipsorum,
848 3052 883 3109 et
903 3037 1061 3128 exempla
1074 3035 1264 3119 saeviciae,
1286 3048 1321 3105 et
1335 3034 1483 3103 militiae
1497 3056 1558 3124 ge·
1611 3061 1737 3127 magna
1767 3060 1809 3105 ex
1835 3048 1932 3129 parte
1957 3037 2089 3109 delevit
2111 3040 2223 3109 muris
2245 3043 2391 3130 dirutis,
2429 3074 2519 3141 quos
2545 3055 2592 3126 ait

575 3171 663 3231 nus,
688 3158 722 3224 et
737 3139 934 3234 praeliandi
949 3136 1253 3219 consuetudinem,
1278 3135 1484 3223 magnitudo
1501 3157 1560 3202 re-
1611 3137 1854 3222 Herodianus,
1881 3150 1977 3208 tanta
2006 3152 2080 3209 arte
2108 3139 2220 3210 factos
2243 3144 2368 3231 luisse,
2399 3163 2440 3221 ut
2462 3155 2593 3225 mirum

575 3272 655 3320 rum
669 3245 833 3317 excitaret
847 3260 1034 3331 generosos
1048 3238 1184 3307 animos
1197 3239 1242 3307 ad
1257 3236 1428 3305 maiorem
1438 3257 1559 3303 curam
1611 3238 1719 3308 fuerit
1734 3237 1868 3308 destrui
1882 3261 1992 3330 posse.

577 3344 791 3421 defendendi
818 3340 988 3432 patriam,
1018 3333 1231 3417 Ecclesiam,
1264 3336 1375 3426 leges,
1406 3335 1559 3406 familias
1713 3332 1892 3411 ASevero
1915 3363 2028 3434 usque
2048 3342 2090 3412 ad
2108 3340 2384 3417 Constantinum
2406 3354 2492 3423 anni
2512 3373 2594 3429 suut

575 3449 734 3530 nobiles,
772 3438 938 3512 honestas
972 3437 1133 3529 potitias.
1174 3437 1400 3529 disciplinam
1430 3450 1465 3506 et
1493 3439 1561 3507 do·
1613 3453 1766 3513 centum.
1817 3436 2031 3513 intereanec
2049 3445 2133 3516 urbs
2149 3446 2309 3519 restituta
2324 3461 2396 3533 est,
2421 3475 2485 3522 nec
2500 3459 2593 3527 muri

578 3551 720 3622 minas.
1613 3539 1799 3610 instaurati
1814 3554 1907 3610 scant.

679 3644 778 3716 Haec
799 3643 895 3735 ipsa,
920 3663 1009 3733 quae
1033 3658 1128 3706 nunc
1149 3631 1278 3716 recito,
1303 3654 1419 3720 nuper
1431 3618 1469 3696 in
1487 3629 1560 3697 lin·
1713 3635 1782 3704 Sed
1805 3633 2059 3706 Constantinus
2085 3649 2352 3728 opportunitate
2376 3651 2445 3721 loci
2468 3670 2596 3744 motus,

579 3745 856 3843 guamLatinam
871 3737 1156 3829 exChalcondyle
1172 3726 1559 3803 cireAtheniensicon-
1612 3733 1737 3802 urbem
1758 3754 1832 3799 non
1854 3733 1968 3801 solum
1983 3735 2154 3821 restituit,
2176 3744 2237 3807 sed
2257 3745 2361 3812 etiam
2381 3752 2594 3835 splendidis.

579 3873 680 3923 versa
702 3859 801 3929 sunt,
826 3843 888 3935 qui
910 3852 1082 3934 spectator
1103 3850 1138 3907 et
1152 3856 1233 3923 pars
1250 3832 1367 3924 aliqua
1381 3830 1450 3900 fuit
1465 3829 1559 3897 mul·
1612 3833 1711 3902 simis
1732 3832 1897 3924 operibus
1914 3847 1948 3905 et
1962 3834 2132 3924 dignitate
2147 3841 2307 3925 ornavit,
2332 3866 2372 3912 ae
2388 3847 2503 3920 voluit
2516 3876 2592 3923 eam

581 3968 696 4022 tartum
721 3943 959 4016 calamitatum
982 3963 1069 4031 quas
1092 3947 1233 4016 narrat,
1259 3933 1381 4025 quiin
1402 3927 1558 4020 gentium
1612 3956 1758 4026 prorsus
1775 3957 1893 4024 parem
1908 3957 1981 4004 esse
1997 3937 2080 4006 urbi
2096 3935 2244 4016 Romae.

582 4047 836 4139 descriptione,
864 4044 908 4111 de
931 4036 1120 4109 Germanis
1140 4033 1274 4127 inquit:
1306 4029 1450 4101 Nullam
1475 4029 1560 4098 novi
1714 4033 1840 4105 Postea
1862 4036 1970 4124 igitur
1992 4037 2044 4107 ibi
2056 4051 2091 4108 et
2104 4036 2261 4113 Ecclesia
2273 4044 2358 4130 suit,
2387 4046 2425 4116 in
2441 4074 2509 4140 qua
2526 4054 2594 4126 init

580 4162 719 4241 gentem
746 4146 846 4228 cuius
867 4163 983 4211 mores
1004 4133 1325 4214 sintbonestiores,
1351 4131 1458 4226 quisi
1475 4154 1562 4201 con·
1607 4134 1894 4219 ,eruditissimum
1911 4138 2117 4229 collegium,
2142 4154 2176 4211 et
2193 4143 2392 4239 plerunque
2406 4165 2498 4221 recte
2513 4175 2594 4224 sen.

579 4253 703 4325 cordes
719 4258 851 4327 essent.
876 4254 992 4312 cuent
1007 4238 1170 4310 invincli·
1245 4302 1257 4313 .
1614 4237 1740 4308 tientes
1758 4230 1946 4327 Episcopi3
1979 4253 2013 4309 et
2038 4255 2117 4331 post
2138 4238 2416 4318 Alexandrinam
2437 4242 2593 4325 scholaria

681 4342 808 4417 Videte
827 4366 933 4438 quam
949 4341 1155 4433 opinionem
1171 4339 1215 4406 de
1232 4334 1426 4407 maioribus
1438 4330 1563 4400 vestris
1614 4357 1788 4427 nusquam
1804 4336 1884 4425 plus
1899 4339 2028 4409 artium
2041 4342 2110 4414 fuit
2125 4368 2228 4438 quam
2246 4345 2408 4442 Byzantii
2423 4361 2595 4447 usquead

580 4448 697 4523 adhuc
728 4469 849 4519 recens
872 4438 1198 4513 habuerint-exteri
1221 4430 1385 4504 homines
1408 4427 1561 4508 honesti,
1614 4431 1682 4506 hoe
1696 4448 1912 4525 postremum
1925 4441 2112 4512 excidium,

572 4540 732 4647 ¹quorum
755 4545 898 4618 iudiciis
914 4543 1051 4616 utinam
1067 4553 1103 4610 et
1117 4534 1224 4608 buius
1237 4533 1359 4605 aetatis
1374 4549 1491 4600 mores
1505 4551 1563 4597 re-
1717 4531 1771 4604 Ac
1792 4537 1877 4607 inde
1897 4563 1976 4609 cum
1994 4542 2031 4611 in
2047 4539 2184 4613 ltaliam
2206 4548 2407 4624 intulissent
2422 4551 2594 4628 Graecam

580 4653 817 4746 sponderent?
1615 4635 1771 4726 linguam
1798 4651 1832 4707 et
1854 4634 2119 4731 Philosophiam
2135 4643 2398 4745 Argyropylus,
2423 4653 2594 4742 Lascaris,

574 4828 576 4833 Δ
963 4769 1172 4798 ·---
1615 4731 1827 4809 Theodorus
1853 4737 1968 4826 Gaza,
1999 4740 2272 4836 Trapezoutius,
2304 4749 2536 4847 Chrysoloras
2561 4775 2597 4831 et

683 4852 755 4927 sed
776 4873 847 4943 quo
869 4868 927 4917 me
949 4842 1054 4914 dolor
1076 4835 1221 4907 abducit
1238 4836 1433 4931 ingressum
1451 4834 1490 4904 in
1503 4828 1563 4902 hi·
1614 4837 1695 4917 alii,
1719 4831 1778 4907 hic
1792 4838 1946 4929 primum
1961 4839 2079 4929 ltalia,
2103 4870 2184 4917 cum
2199 4846 2355 4923 Graecae
2368 4854 2510 4944 linguae
2523 4861 2596 4929 ele.

580 4956 706 5032 storias
729 4945 923 5022 Turcicas?
964 4963 1044 5015 cum
1073 4938 1116 5006 de
1137 4933 1308 5030 Byzantio
1338 4936 1454 5023 dicere
1481 4959 1563 5006 coe·
1614 4937 1769 5028 gantiam
1793 4942 2023 5028 degustasset,
2046 4941 2211 5019 Latinam
2233 4976 2374 5047 quoque
2391 4957 2519 5028 rectius
2537 4962 2594 5031 di.

580 5057 703 5152 parim.
753 5049 964 5140 Priusquam
985 5053 1069 5110 vero
1090 5040 1135 5107 de
1157 5037 1294 5107 excidio
1317 5036 1450 5120 dicam,
1477 5059 1561 5126 pro-
1613 5061 1709 5110 scere
1731 5040 1865 5131 eoepit,
1898 5053 1933 5111 et
1958 5039 2093 5115 Graeca
2111 5047 2233 5140 lingua
2253 5055 2389 5125 aditum
2412 5060 2456 5126 ad
2479 5060 2591 5129 fontes

476 5224 481 5229 .
579 5173 661 5252 pter
691 5153 929 5225 adolescentes
958 5164 1068 5234 pauca
1097 5141 1142 5208 de
1166 5139 1312 5208 nomine
1334 5150 1369 5208 et
1391 5149 1562 5208 vetustate
1613 5134 1865 5233 Philosophiae
1880 5143 2053 5234 patefecit.

582 5260 657 5329 eius
671 5255 771 5326 urbis
788 5243 1081 5322 commemorabo.
1713 5237 1839 5312 Rivuli
1860 5241 1964 5311 etiam
1981 5239 2136 5316 Graecae
2150 5250 2332 5325 doctrinae
2346 5270 2428 5328 tunc
2444 5257 2481 5324 in
2497 5254 2590 5328 Ger-

576 5366 578 5371 ·
684 5354 781 5426 Situs
804 5362 856 5419 est
878 5349 916 5415 iu
932 5339 1086 5415 Thracia
1109 5341 1153 5435 ad
1169 5335 1442 5429 Hellespontum
1459 5337 1564 5408 valde
1613 5340 1769 5409 maniam
1784 5340 2032 5414 deducti'sunt.
2082 5345 2172 5416 Nam
2185 5349 2361 5428 lohannes
2370 5355 2592 5446 Regiomon.

582 5468 802 5554 opportunus
817 5444 984 5538 imperiis,
1009 5441 1095 5536 quia
1108 5438 1160 5509 ibi
1175 5438 1325 5508 minium
1340 5433 1562 5509 distantEu-
1613 5452 1717 5510 tanus
1747 5463 1827 5509 eum
1851 5437 2007 5512 Graecae
2035 5445 2231 5535 didicisset,
2262 5453 2482 5529 ptolemeum
2507 5458 2594 5530 illu.

527 5577 538 5591 ·
582 5582 669 5653 ropa
689 5567 724 5627 et
738 5547 836 5624 Asia.
885 5543 959 5616 Nec
981 5544 1020 5610 in
1037 5532 1203 5610 Africam.
1217 5538 1441 5616 incommoda
1459 5537 1561 5607 navi·
1612 5538 1747 5613 stravit.
1797 5536 2010 5635 Redolphus
2022 5543 2188 5636 Agricola
2201 5553 2382 5625 Ferrarius
2398 5554 2592 5631 Theodoro

581 5659 677 5751 gatis
707 5666 777 5740 est,
816 5642 1025 5742 etquidem
1056 5639 1224 5713 scribitur
1252 5652 1406 5711 veterem
1426 5638 1561 5733 ,urbem
1614 5633 1747 5720 Gazae,
1778 5640 2015 5715 eruditissimo
2045 5658 2081 5720 et
2110 5652 2367 5726 modestissimo
2386 5658 2464 5727 seni
2486 5659 2593 5731 lami.
2633 5698 2635 5703 -
