6025 6775
507 886 582 961 oso
1203 853 1206 858 ·
1278 863 1767 944 orsaorarrouns
2461 873 2539 949 σω

500 1078 640 1140 merus,
664 1073 745 1123 cum
765 1045 866 1138 tingit
878 1031 1113 1131 Evangeliur'n
1136 1050 1275 1109 tantum
1297 1061 1372 1110 esse
1391 1040 1489 1111 noti·
1542 1044 1586 1113 cle
1600 1038 1657 1110 bis
1671 1040 1874 1130 ingentibus
1889 1041 2024 1112 morbis
2039 1041 2077 1111 in
2094 1036 2161 1112 hac
2174 1040 2302 1112 misera
2319 1056 2446 1115 natura
2466 1038 2536 1117 ho-

502 1163 591 1233 ciam
605 1153 803 1227 naturalem
820 1147 925 1236 legis,
951 1156 987 1213 et
1002 1136 1304 1212 omneshomines
1319 1135 1492 1212 habentes
1540 1143 1693 1216 minum.
1756 1138 1848 1213 Cum
1868 1141 2002 1214 Paulus
2026 1166 2112 1214 usus
2142 1143 2188 1215 sit
2220 1144 2442 1232 atrocissima
2471 1135 2538 1219 ds·¹

504 1258 731 1351 disciplinam
755 1251 850 1321 iusta
875 1247 1005 1336 legem,
1037 1243 1148 1312 iustos
1170 1265 1243 1312 esse
1264 1265 1383 1311 coram
1403 1240 1490 1312 Deo.
1540 1243 1752 1336 scriptione:
1781 1242 1921 1326 ,Sensus
1943 1245 2058 1317 carnis
2078 1245 2271 1317 inimicicia
2295 1259 2348 1319 est
2367 1247 2537 1334 adversus

502 1362 662 1436 Sciamus
673 1366 790 1424 autem
804 1346 1032 1418 necessariam
1048 1368 1121 1414 esse
1136 1340 1340 1413 inEcclesia
1357 1343 1492 1414 doctri-
1541 1345 1668 1418 Deum.

504 1485 587 1534 nam
600 1460 646 1530 de
666 1452 892 1526 distinctione
913 1446 997 1535 legis
1016 1457 1050 1514 et
1066 1443 1272 1536 Evangelii,
1297 1458 1333 1516 et
1353 1459 1494 1516 utrum·
1573 1443 1580 1470 ¹
1644 1449 1706 1520 st.
1737 1441 1973 1539 Evangelium
1989 1461 2039 1519 est
2054 1448 2272 1542 praedicatio
2285 1450 2544 1543 poenitentiae,

504 1587 573 1657 que
597 1582 706 1649 genus
719 1551 900 1625 doetrinae
917 1561 1011 1619 recte
1034 1558 1068 1618 et
1090 1548 1165 1618 sine
1179 1542 1371 1641 sophistica
1386 1546 1493 1620 intel·
1542 1562 1577 1619 et
1608 1548 1797 1640 promissio
1828 1574 1934 1642 quam
1967 1574 2042 1621 uon
2069 1552 2171 1622 novit
2200 1552 2292 1622 ratio
2315 1554 2557 1640 naturaliter„

502 1667 645 1754 ligatur.
1542 1652 1602 1721 sed
1628 1650 1780 1721 revelata
1798 1651 1990 1736 divinitus,
2030 1652 2070 1721 in
2095 1676 2166 1746 qua
2193 1653 2290 1724 Deus
2311 1656 2476 1727 adfirmat
2498 1677 2537 1727 se

606 1763 666 1836 19.
700 1756 749 1831 Ut
766 1757 874 1848 igitur
889 1754 1080 1826 discrimen
1096 1750 1184 1841 legis
1198 1762 1233 1822 et
1246 1745 1433 1842 Evangelii
1448 1750 1495 1821 sit
1543 1752 1667 1841 gratis,
1693 1773 1767 1820 non
1783 1766 1928 1845 propter
1941 1754 2015 1824 ulla
2030 1767 2152 1824 nostra
2167 1756 2313 1840 merita,
2338 1770 2400 1827 aut
2418 1757 2536 1847 digni·

503 1868 543 1937 in
561 1874 767 1954 conspectu,
793 1859 1017 1929 definitiones
1032 1853 1223 1938 tradimus,
1248 1876 1334 1945 quas
1349 1867 1443 1924 recte
1459 1864 1495 1922 ct
1543 1868 1650 1925 tatem
1666 1867 1842 1938 nostram,
1868 1858 1927 1925 sed
1946 1868 2092 1947 propter
2104 1857 2342 1928 obedientiam
2358 1857 2434 1944 filii,
2459 1881 2535 1928 cre·

468 2021 472 2028 .
503 1991 579 2038 nou
596 1962 814 2036 calumniose
830 1959 981 2048 intelligi
998 1956 1180 2039 volumus,
1205 1965 1267 2023 aut
1281 1954 1394 2044 magis
1408 1977 1495 2023 con·
1543 1957 1711 2026 dentibus
1725 1953 1763 2023 in
1779 1955 1913 2041 lilium,
1937 1970 2031 2027 certo
2045 1958 2224 2028 remittere
2238 1973 2390 2049 peccata,
2414 1973 2449 2030 et
2467 1961 2535 2029 do-

503 2070 628 2140 cinnas
640 2065 743 2137 tradi.
761 2103 773 2122 ι
794 2060 868 2132 Νεε
892 2062 961 2130 iam
978 2060 1022 2128 de
1037 2055 1160 2148 politia
1177 2053 1316 2148 Moysi,
1337 2056 1382 2126 de
1399 2078 1495 2125 cere·
1544 2081 1629 2126 nare
1659 2057 1709 2128 eis
1736 2058 2005 2148 imputationem
2028 2057 2186 2128 iusticioe
2214 2072 2249 2129 et
2277 2060 2536 2131 reconciliatio-

504 2168 637 2240 moniis
652 2179 714 2236 aut
727 2166 771 2233 de
785 2163 865 2233 foro
882 2161 1087 2255 loquimur,
1112 2158 1172 2225 sed
1190 2157 1234 2225 de
1250 2157 1326 2247 lege
1342 2168 1497 2239 aeterna,
1544 2183 1647 2239 nem,
1671 2159 1711 2226 in
1735 2183 1804 2251 qua
1824 2159 1918 2229 lilius
1937 2159 2003 2229 Dei
2026 2183 2110 2230 voce
2126 2157 2314 2252 Evangelii
2334 2163 2537 2232 consolatur

505 2295 595 2361 qtrae
620 2265 749 2358 puerili
770 2263 1007 2356 appellatione
1022 2259 1229 2330 nominatur
1244 2258 1319 2330 Lex
1334 2255 1494 2328 Moralis.
1545 2274 1579 2331 et
1609 2259 1762 2328 viviticat
1792 2264 1899 2331 coula
1930 2262 2174 2346 credentium,
2213 2276 2247 2332 et
2272 2263 2400 2342 liberat
2427 2285 2488 2352 eos
2512 2286 2534 2332 a

505 2360 1036 2442 Hancdelinimushocmodo.
1286 2421 1295 2438 ,
1544 2373 1833 2448 morteacterna,
1866 2377 1901 2433 et
1916 2363 1999 2432 lacit
2014 2384 2075 2432 eos
2092 2363 2221 2456 templa
2233 2360 2324 2444 Dei,
2350 2365 2433 2434 dato
2452 2362 2537 2456 Spi-

609 2462 711 2538 Lsx
735 2461 916 2535 morali
921 2487 942 2534 s
975 2476 1027 2532 est
1049 2476 1190 2534 aeterna
1214 2476 1249 2532 et
1270 2461 1415 2531 immota
1439 2483 1496 2530 sa·
1545 2464 1618 2534 ritu
1641 2477 1762 2535 sancto
1784 2463 2021 2534 sanctificante
2044 2487 2122 2546 eos,
2155 2478 2192 2535 ct
2213 2467 2427 2537 accendente
2442 2466 2537 2535 tales

504 2570 638 2667 pientia
652 2584 686 2641 et
702 2568 823 2658 regula
839 2564 998 2637 iusticias
1013 2565 1052 2632 iu
1068 2561 1163 2650 Deo,
1185 2564 1388 2634 discernens
1402 2577 1495 2634 recta
1546 2580 1679 2649 motus,
1702 2566 1817 2657 qualis
1838 2580 1890 2636 est
1910 2565 1984 2657 ipse
1999 2564 2161 2658 Spiritus
2177 2579 2339 2652 sanctus,
2368 2578 2404 2637 et
2418 2568 2537 2653 ,donat

505 2691 539 2746 et
563 2695 637 2744 non
659 2684 773 2754 recta,
812 2668 935 2738 volens
958 2678 1072 2751 recta,
1114 2678 1148 2735 et
1170 2660 1337 2735 horribili
1361 2665 1414 2734 ira
1434 2666 1495 2733 de·
1545 2662 1794 2736 haereditatem
1826 2667 1919 2738 vitae
1952 2673 2113 2735 aeternae
2145 2669 2388 2753 credentibus,
2437 2670 2536 2760 quod

506 2790 647 2847 struens
664 2769 852 2854 contraria,
878 2768 978 2839 cuius
992 2765 1124 2838 noticia
1140 2767 1178 2835 in
1196 2766 1372 2836 creatione
1387 2765 1497 2836 ratio-
1545 2784 1690 2861 propter
1711 2770 1827 2860 ipsum
1849 2768 1958 2858 gratis
1982 2764 2135 2840 habeant
2151 2769 2393 2842 remissionem
2413 2792 2538 2861 pecca-

479 2931 483 2938 .
507 2877 649 2945 nalibus
667 2872 835 2943 creaturis
844 2863 954 2941 'insita
970 2883 1041 2954 cst,
1073 2883 1108 2940 et
1129 2880 1250 2960 postea
1270 2889 1372 2958 saepe
1395 2889 1497 2958 repc-
1545 2883 1681 2953 torum,
1706 2870 1977 2961 imputationem
1998 2870 2175 2957 iusticiae,
2200 2870 2537 2957 reconciliationem,

505 2980 569 3063 tita
585 2989 620 3045 et
636 2974 808 3045 declarata
826 2996 911 3041 voce
934 2971 1075 3054 divina,
1097 2980 1140 3039 ut
1161 2970 1312 3039 sciamus
1332 2971 1427 3062 quod
1451 2961 1498 3038 stt·
1546 2985 1580 3042 et
1596 2967 1848 3041 haereditatem
1866 2973 1959 3042 vitae
1975 2985 2147 3041 aeternae.
2559 3051 2565 3058 Ι

503 3076 621 3161 Deus,
646 3089 681 3146 et
701 3074 816 3168 qualis
839 3073 905 3159 sit,
931 3086 966 3144 et
990 3072 1086 3166 qnod
1108 3071 1155 3141 sit
1177 3071 1301 3155 iudex,
1317 3137 1320 3142 Α
1334 3069 1497 3160 obligans
1647 3077 1709 3145 ΞΩ.
1742 3072 1917 3145 Falsa-n
1932 3074 2137 3163 imaginatio
2156 3064 2445 3154 Pharisaeorum,
2467 3066 2535 3140 Pa-

507 3201 631 3251 omnes
659 3189 834 3247 creaturas
864 3174 1074 3260 rationales,
1115 3186 1150 3243 et
1180 3170 1417 3264 praecipiens,
1456 3182 1498 3239 ut
1546 3197 1627 3264 pae,
1653 3170 1936 3260 Monochorum‚
1963 3198 2053 3269 quae
2074 3173 2196 3263 fingit,
2228 3167 2392 3243 homines
2411 3170 2448 3239 in
2469 3166 2536 3241 hac

506 3300 629 3351 omnes
649 3278 723 3349 sint
743 3269 942 3347 coni'ormes
962 3273 1050 3367 ipsi,
1092 3289 1126 3346 et
1148 3269 1302 3344 habeant
1323 3270 1496 3359 integram
1547 3276 1943 3347 immunditieonaturae
1962 3273 2090 3345 mereri
2114 3274 2357 3344 remissionem
2377 3285 2535 3364 peccato-

505 3379 744 3455 obedientiam
757 3380 852 3449 iuxta
869 3391 980 3450 totam
995 3378 1126 3468 legem,
1151 3390 1185 3447 et
1199 3394 1365 3444 accusans
1381 3396 1421 3471 ac
1435 3374 1498 3442 de·
1546 3401 1645 3460 nrm,
1671 3392 1706 3448 et
1722 3378 1831 3451 iustos
1848 3402 1920 3449 esse
1938 3372 2003 3448 hac
2017 3375 2233 3462 obedientia,
2254 3400 2359 3466 quam
2371 3371 2538 3448 hominos

505 3501 642 3558 struens
660 3505 782 3552 omnes
798 3504 874 3549 non
889 3483 1098 3560 conformes,
1124 3478 1218 3546 iuxta
1236 3474 1388 3545 dictum:
1414 3472 1497 3543 Ma·
1519 3514 1523 3589 ἰ
1547 3493 1727 3572 utcunque
1744 3495 1918 3571 praestare
1944 3491 2091 3571 possunt
2115 3478 2196 3567 legi.
2259 3475 2339 3547 Hoc
2357 3478 2535 3548 somnium

502 3586 654 3657 ledi‘ctus
684 3584 748 3677 qui
778 3605 853 3649 non
878 3581 1114 3672 permanserit
1131 3578 1168 3644 in
1190 3575 1376 3660 omnibus,
1406 3599 1498 3667 quae
1546 3575 1721 3651 humanae
1753 3583 1900 3652 rationis
1927 3583 2119 3651 clarissime
2140 3581 2314 3651 refutatur
2334 3574 2401 3648 hoc
2423 3577 2536 3651 dicto:

504 3688 634 3778 scripta
650 3697 734 3754 sunt
751 3684 789 3749 in
807 3683 892 3770 lege.
935 3677 1027 3750 Cum
1045 3693 1161 3748 autem
1177 3677 1216 3745 in
1230 3676 1436 3745 definitione
1451 3678 1497 3745 sit
1546 3680 1601 3752 Ex
1614 3684 1781 3772 operibus
1797 3684 1883 3771 legis
1901 3708 1975 3752 non
1992 3682 2238 3754 iustificabitur
2252 3680 2367 3750 omnis
2382 3704 2476 3756 caro.

503 3786 737 3861 vocabulum,
763 3781 921 3864 immota,
945 3804 985 3848 ex
996 3777 1189 3867 Evangelio
1206 3777 1373 3847 adiicitur
1386 3778 1496 3847 inter·
1647 3785 1709 3857 23.
1739 3785 1810 3856 Sed
1825 3785 1920 3854 Deus
1939 3787 2107 3854 immensa
2125 3782 2283 3852 bonitate
2297 3782 2451 3854 instituit
2465 3785 2535 3853 mi.

502 3887 672 3983 pretatio,
694 3881 766 3952 nisi
781 3883 841 3951 liat
856 3881 1018 3951 remissio
1034 3892 1068 3950 et
1093 3878 1332 3955 reconciliatio
1353 3894 1497 3970 propter
1519 3902 1522 3957 t
1546 3885 1730 3956 nisterium
1746 3882 1949 3974 Evangelii,
1975 3900 2008 3954 et
2023 3900 2060 3955 ut
2084 3885 2158 3975 ipse
2181 3900 2409 3975 agnoscatur,
2440 3896 2537 3956 etot

501 3992 615 4062 tilium
635 3984 878 4056 mediatorem.
930 3979 1019 4053 Nam
1038 3993 1118 4051 ante
1138 3979 1408 4072 promissionem
1428 3981 1496 4049 ali·
1519 3960 1523 4035 l
1546 3982 1709 4055 homines
1732 3988 1931 4067 salventur,
1965 3987 2003 4055 in
2024 4010 2094 4079 quo
2116 3986 2315 4057 ministerio
2335 3986 2413 4058 vult
2434 3987 2557 4074 argui,

501 4107 555 4163 ter
573 4086 720 4159 iudicari
736 4110 809 4155 nou
826 4084 952 4175 potuit,
978 4083 1047 4151 nisi
1063 4082 1152 4153 iram
1166 4104 1311 4174 prorsus
1327 4081 1494 4151 immuta·
1518 4038 1523 4206 ξ
1545 4101 1683 4179 peccata
1700 4086 1861 4158 omnium
1882 4083 2086 4172 bominum,
2110 4089 2173 4181 qui
2194 4088 2389 4159 nascuntur
2407 4086 2446 4155 in
2467 4082 2535 4158 hac

500 4194 610 4264 bilem
631 4212 723 4276 osse,
763 4201 798 4259 et
827 4188 877 4257 sic
906 4198 958 4256 est
988 4184 1239 4270 immutabilis,
1277 4186 1374 4279 quod
1399 4180 1495 4252 Deus
1545 4189 1774 4260 immunditie
1787 4204 1952 4274 naturae,
1979 4190 2057 4261 vult
2071 4203 2106 4260 et
2122 4213 2249 4261 sonare
2266 4189 2537 4283 promissionem

500 4305 640 4386 peccato
656 4301 794 4383 semper
810 4287 972 4359 irascitur
990 4299 1024 4355 et
1040 4309 1115 4356 non
1134 4287 1211 4359 sine
1236 4282 1349 4376 poena
1370 4285 1496 4354 remit·
1545 4290 1874 4363 debeneliciislilii.
1925 4288 1973 4360 Et
1987 4292 2131 4385 quidem
2148 4291 2226 4363 vult
2240 4292 2340 4383 argui
2359 4314 2440 4362 cum
2460 4314 2557 4361 rae-·

500 4399 561 4481 tit,
589 4418 695 4489 quom
712 4393 751 4462 io
771 4392 884 4475 filium
896 4388 1127 4460 mediatorem
1144 4388 1314 4456 immensa
1336 4386 1495 4457 bonitate
1545 4407 1619 4465 tera
1638 4407 1796 4485 peccata,
1824 4415 1914 4484 qnae
1929 4393 1985 4460 lex
2001 4394 2176 4481 ostendit,
2201 4407 2275 4463 tum
2291 4390 2356 4459 boc
2374 4391 2535 4459 tristissi-

463 4492 469 4507 '
499 4511 536 4568 et
566 4496 730 4565 mirando
760 4493 929 4578 consilio,
973 4487 1173 4561 transtulit:
1213 4487 1339 4578 recipit
1375 4502 1494 4560 autem
1545 4519 1643 4564 mum
1678 4505 1857 4585 peccatum
1890 4496 1985 4587 quod
2024 4495 2062 4563 in
2098 4493 2288 4580 Evangelio
2322 4489 2535 4576 ostenditur,

499 4612 697 4669 creaturam
722 4618 822 4667 suam
852 4607 999 4687 propter
1025 4589 1153 4663 filium·
1222 4588 1385 4681 Suntque
1414 4614 1495 4659 exe·
1545 4597 1808 4689 quodmundus
1823 4595 1963 4684 ignorat
1987 4610 2021 4668 et
2043 4594 2235 4667 contemnit
2254 4589 2367 4660 filium
2387 4587 2474 4671 Dei,
2502 4607 2538 4664 et

498 4701 622 4771 crandi
654 4699 791 4769 furores
816 4694 1017 4767 Stoicorum
1039 4705 1073 4763 et
1095 4687 1393 4774 Antinomorum‚
1431 4689 1494 4784 qui
1544 4698 1635 4768 sicut
1659 4697 1790 4787 impius
1813 4697 1905 4767 latro
1936 4699 1976 4769 in
2007 4721 2109 4771 cruce
2133 4718 2214 4764 eum
2246 4693 2403 4778 deridet,
2446 4695 2537 4765 sicut

498 4803 638 4889 fingunt
653 4797 769 4867 Deum
784 4796 874 4865 velle
892 4807 1042 4888 peccata.
1545 4799 1694 4867 maxima
1711 4799 1867 4889 potentia
1890 4799 1928 4868 in
1951 4796 2077 4890 genere
2096 4793 2271 4879 humano,
2302 4791 2537 4866 mahometica

597 4899 659 4971 20.
699 4896 869 4967 Definitio
901 4896 1034 4987 peccati
1063 4894 1158 4983 apud
1180 4888 1377 4962 Iohannem
1400 4905 1492 4963 recte
1545 4914 1579 4971 et
1608 4899 1796 4990 papistica,
1828 4901 2052 4972 contumeliis
2071 4898 2190 4970 adiicit
2210 4897 2325 4968 lilium
2345 4897 2426 4968 Dei.
2486 4893 2539 4967 Et

496 5001 625 5072 traditu
644 5011 715 5077 est,
742 4989 908 5089 ἁμαρτία
925 4991 1026 5066 ἐστὶν
1041 4987 1192 5089 ἀνομία.
1243 4990 1293 5065 Et
1308 4993 1493 5065 insaniunt
1544 5001 1659 5071 rabies
1683 5002 1906 5091 ingeniorum
1924 5003 1961 5072 in
1976 4998 2180 5092 Epicureis,
2205 5015 2240 5074 et
2259 4998 2540 5093 praestigiatori-

495 5101 677 5193 l'npistae,
710 5098 772 5192 qui
789 5110 919 5186 negant
934 5097 1063 5165 malam
1081 5095 1401 5187 concupiscentiam
1419 5118 1492 5165 esse
1544 5103 1610 5171 bus
1642 5104 1929 5198 quibuscunque,
1966 5117 2007 5175 ut
2041 5104 2080 5172 in
2114 5099 2276 5187 Elaione,
2314 5097 2538 5189 Mahometo,

496 5196 671 5295 ἀνομίαν.
722 5197 771 5272 Et
788 5197 1021 5269 insulsissime
1043 5195 1165 5268 dicunt
1173 5249 1188 5283 ,
1222 5198 1332 5287 legem
1352 5210 1491 5269 tantum
1542 5203 1708 5290 Secreto,
1741 5201 1978 5288 Thammero,
2018 5218 2053 5278 et
2085 5205 2165 5276 aliis
2195 5205 2335 5289 moltis,
2372 5205 2539 5275 furentur

404 5372 406 5376 .
493 5313 538 5377 de
555 5303 755 5374 actionibus
769 5299 993 5384 concionari,
1015 5322 1090 5367 non
1106 5300 1149 5367 de
1164 5300 1358 5369 defectibus
1373 5301 1411 5368 in
1427 5324 1491 5368 nu·
1543 5321 1829 5398 oppugnatum,

491 5421 591 5486 tura,
618 5417 806 5499 quaesunt
821 5401 1021 5473 tristissima
1038 5401 1208 5484 vulnera,
1231 5401 1406 5485 videlicet,
1433 5406 1491 5470 ca-'
1642 5408 1704 5481 24,
1745 5403 1951 5500 oppugnat·
1970 5435 2050 5481 eum
2082 5423 2115 5481 οι
2138 5407 2416 5503 scencksetdiuc,
2454 5429 2539 5475 cum

490 5533 569 5579 rere
589 5504 770 5601 luceDei,
791 5503 962 5574 flttctuarc
983 5497 1174 5572 horrendis
1192 5503 1488 5587 dubitationibus,
1542 5532 1616 5576 non
1638 5509 1768 5578 desinit
1789 5509 1997 5595 vociferari,
2039 5509 2155 5582 Deum
2181 5510 2441 5580 communicare
2462 5529 2540 5577 seso
2569 5582 2573 5589 ,

489 5610 611 5705 vagari
642 5604 760 5680 coecis
781 5604 983 5690 affectibus,
1014 5605 1060 5674 de
1090 5604 1221 5697 quibus
1242 5604 1351 5676 ‚malis
1371 5604 1489 5697 inquit
1541 5610 1617 5677 sine
1640 5608 1854 5697 cogitatione
1874 5598 2059 5684 doctrinae
2076 5612 2245 5702 scriptae,
2277 5623 2381 5700 atque
2399 5607 2447 5675 ita
2472 5608 2540 5676 ab-

490 5712 642 5785 Paulus:
667 5698 806 5781 Omnes
821 5721 941 5781 carent
954 5700 1162 5799 gloriaDei,
1188 5705 1226 5773 id
1243 5719 1314 5789 est,
1338 5702 1415 5775 Deo
1430 5705 1489 5774 lu·
1539 5708 1638 5777 ducit
1658 5703 1820 5779 homines
1841 5734 1860 5781 a
1883 5714 2029 5802 publico
2045 5713 2263 5795 ministerio,
2289 5722 2323 5779 et
2344 5731 2363 5777 a
2384 5708 2537 5778 lectione

397 5880 406 5899 ,
490 5831 590 5887 cente
607 5812 765 5907 inipsis,
798 5823 835 5881 et
857 5808 1060 5898 complente
1083 5826 1144 5873 eos
1165 5825 1229 5873 sua
1252 5804 1411 5890 iusticia,
1443 5828 1488 5875 ne
1539 5823 1573 5877 ct
1594 5808 1807 5897 cogitatione
1830 5814 2033 5902 doctrinae,
2071 5813 2174 5909 quasi
2198 5814 2328 5884 frustra
2351 5810 2446 5880 filius
2468 5810 2537 5882 Dei

489 5918 535 5985 sit
552 5928 734 6007 peccatum
751 5910 870 5982 ineis.
929 5904 979 5977 Et
994 5898 1245 5999 sycophantice
1262 5902 1358 5976 ludit
1371 5902 1488 5999 Syno·
1537 5907 1727 5998 protulerit
1765 5926 1944 5986 externam
1978 5912 2169 6008 Evangelii
2207 5936 2329 5985 vocem
2369 5935 2411 5982 ex
2453 5914 2537 5983 sinu

489 6019 558 6101 dus
584 6012 822 6094 Tridentino,
857 6007 1072 6079 conlirmaus
1093 6024 1249 6075 errorem
1278 6004 1504 6097 papisticum·
1537 6012 1671 6081 aeterni
1688 6008 1808 6106 patris,
1836 6031 1868 6089 et
1886 6018 1985 6113 quasi
2000 6017 2130 6090 frustra
2142 6015 2278 6089 dietum
2288 6016 2381 6088 sitin
2391 6015 2536 6096 Psalm:
