<?xml version="1.0" encoding="UTF-8"?>
<!DOCTYPE html PUBLIC "-//W3C//DTD XHTML 1.0 Transitional//EN"
    "http://www.w3.org/TR/xhtml1/DTD/xhtml1-transitional.dtd">
<html xmlns="http://www.w3.org/1999/xhtml" xml:lang="en" lang="en">
 <head>
  <title>
</title>
<meta http-equiv="Content-Type" content="text/html;charset=utf-8" />
  <meta name='ocr-system' content='tesseract 3.04.00' />
  <meta name='ocr-capabilities' content='ocr_page ocr_carea ocr_par ocr_line ocrx_word'/>
</head>
<body>
  <div class='ocr_page' id='page_1' title='image "./philippimelanth12melagoog/philippimelanth12melagoog_0305.png"; bbox 0 0 6025 6775; ppageno 0'>
   <div class='ocr_carea' id='block_1_1' title="bbox 510 663 2537 791">
    <p class='ocr_par' dir='ltr' id='par_1_1' title="bbox 510 663 2537 791">
     <span class='ocr_line' id='line_1_1' title="bbox 510 663 2537 791; baseline 0.034 -76"><span class='ocrx_word' id='word_1_1' title='bbox 510 687 586 766; x_wconf 66' lang='lat'>5„</span> <span class='ocrx_word' id='word_1_2' title='bbox 1144 673 1406 768; x_wconf 78' lang='lat' dir='ltr'>nnrntrrt</span> <span class='ocrx_word' id='word_1_3' title='bbox 1439 663 1889 752; x_wconf 72' lang='lat' dir='ltr'>Mantuanorum.</span> <span class='ocrx_word' id='word_1_4' title='bbox 2309 732 2312 741; x_wconf 92' lang='lat'>-</span> <span class='ocrx_word' id='word_1_5' title='bbox 2409 700 2427 791; x_wconf 72' lang='lat' dir='ltr'><strong>j</strong></span> <span class='ocrx_word' id='word_1_6' title='bbox 2459 676 2537 756; x_wconf 83' lang='lat'>⁵9⁰</span> 
     </span>
    </p>
   </div>
   <div class='ocr_carea' id='block_1_2' title="bbox 456 844 2612 5939">
    <p class='ocr_par' dir='ltr' id='par_1_2' title="bbox 456 844 2612 5939">
     <span class='ocr_line' id='line_1_2' title="bbox 456 844 2533 955; baseline -0.004 -25"><span class='ocrx_word' id='word_1_7' title='bbox 456 878 462 882; x_wconf 82' lang='lat'><em>·</em></span> <span class='ocrx_word' id='word_1_8' title='bbox 510 880 599 955; x_wconf 91' lang='lat' dir='ltr'>quae</span> <span class='ocrx_word' id='word_1_9' title='bbox 615 870 667 928; x_wconf 89' lang='lat' dir='ltr'>est</span> <span class='ocrx_word' id='word_1_10' title='bbox 682 878 860 927; x_wconf 89' lang='lat' dir='ltr'>summum</span> <span class='ocrx_word' id='word_1_11' title='bbox 883 852 1114 938; x_wconf 83' lang='lat' dir='ltr'>miraculum,</span> <span class='ocrx_word' id='word_1_12' title='bbox 1139 852 1377 923; x_wconf 78' lang='lat' dir='ltr'>deindevero</span> <span class='ocrx_word' id='word_1_13' title='bbox 1399 849 1494 922; x_wconf 89' lang='lat' dir='ltr'>edita</span> <span class='ocrx_word' id='word_1_14' title='bbox 1650 847 1686 919; x_wconf 84' lang='lat'>9.</span> <span class='ocrx_word' id='word_1_15' title='bbox 1726 844 1774 921; x_wconf 92' lang='lat' dir='ltr'>Et</span> <span class='ocrx_word' id='word_1_16' title='bbox 1787 846 2021 919; x_wconf 90' lang='lat' dir='ltr'>Lovaniensis</span> <span class='ocrx_word' id='word_1_17' title='bbox 2037 845 2207 919; x_wconf 90' lang='lat' dir='ltr'>Latomus</span> <span class='ocrx_word' id='word_1_18' title='bbox 2227 845 2444 919; x_wconf 88' lang='lat' dir='ltr'>execrandus</span> <span class='ocrx_word' id='word_1_19' title='bbox 2471 864 2533 935; x_wconf 88' lang='lat' dir='ltr'>est,</span> 
     </span>
     <span class='ocr_line' id='line_1_3' title="bbox 510 947 2530 1053; baseline -0.006 -22"><span class='ocrx_word' id='word_1_20' title='bbox 510 958 749 1053; x_wconf 80' lang='lat' dir='ltr'>promissione</span> <span class='ocrx_word' id='word_1_21' title='bbox 773 960 817 1027; x_wconf 92' lang='lat' dir='ltr'>de</span> <span class='ocrx_word' id='word_1_22' title='bbox 839 958 1046 1035; x_wconf 76' lang='lat' dir='ltr'>mediatore,</span> <span class='ocrx_word' id='word_1_23' title='bbox 1073 965 1107 1024; x_wconf 88' lang='lat' dir='ltr'>et</span> <span class='ocrx_word' id='word_1_24' title='bbox 1132 956 1254 1025; x_wconf 92' lang='lat' dir='ltr'>addito</span> <span class='ocrx_word' id='word_1_25' title='bbox 1278 975 1372 1022; x_wconf 91' lang='lat' dir='ltr'>novo</span> <span class='ocrx_word' id='word_1_26' title='bbox 1386 952 1495 1021; x_wconf 91' lang='lat' dir='ltr'>mira-</span> <span class='ocrx_word' id='word_1_27' title='bbox 1547 952 1609 1044; x_wconf 91' lang='lat' dir='ltr'>qui</span> <span class='ocrx_word' id='word_1_28' title='bbox 1631 951 1781 1043; x_wconf 89' lang='lat' dir='ltr'>scripsit,</span> <span class='ocrx_word' id='word_1_29' title='bbox 1810 950 1889 1021; x_wconf 80' lang='lat' dir='ltr'>Non</span> <span class='ocrx_word' id='word_1_30' title='bbox 1903 952 2008 1020; x_wconf 85' lang='lat' dir='ltr'>aliam</span> <span class='ocrx_word' id='word_1_31' title='bbox 2026 950 2132 1021; x_wconf 84' lang='lat' dir='ltr'>fuisse</span> <span class='ocrx_word' id='word_1_32' title='bbox 2148 948 2316 1022; x_wconf 80' lang='lat' dir='ltr'>noticiam</span> <span class='ocrx_word' id='word_1_33' title='bbox 2335 949 2379 1020; x_wconf 91' lang='lat' dir='ltr'>de</span> <span class='ocrx_word' id='word_1_34' title='bbox 2393 947 2469 1020; x_wconf 91' lang='lat' dir='ltr'>Deo</span> <span class='ocrx_word' id='word_1_35' title='bbox 2491 952 2530 1020; x_wconf 90' lang='lat' dir='ltr'>in</span> 
     </span>
     <span class='ocr_line' id='line_1_4' title="bbox 510 1049 2531 1147; baseline -0.005 -15"><span class='ocrx_word' id='word_1_36' title='bbox 510 1064 615 1147; x_wconf 91' lang='lat' dir='ltr'>culo,</span> <span class='ocrx_word' id='word_1_37' title='bbox 657 1060 920 1130; x_wconf 81' lang='lat' dir='ltr'>conservatione</span> <span class='ocrx_word' id='word_1_38' title='bbox 949 1056 1042 1127; x_wconf 88' lang='lat' dir='ltr'>vitae</span> <span class='ocrx_word' id='word_1_39' title='bbox 1074 1056 1274 1147; x_wconf 85' lang='lat' dir='ltr'>primorum</span> <span class='ocrx_word' id='word_1_40' title='bbox 1296 1066 1494 1145; x_wconf 89' lang='lat' dir='ltr'>parentum,</span> <span class='ocrx_word' id='word_1_41' title='bbox 1547 1049 1751 1137; x_wconf 82' lang='lat' dir='ltr'>Abraham,</span> <span class='ocrx_word' id='word_1_42' title='bbox 1776 1078 1881 1147; x_wconf 90' lang='lat' dir='ltr'>quam</span> <span class='ocrx_word' id='word_1_43' title='bbox 1904 1054 2018 1147; x_wconf 91' lang='lat' dir='ltr'>qualis</span> <span class='ocrx_word' id='word_1_44' title='bbox 2040 1053 2108 1122; x_wconf 85' lang='lat' dir='ltr'>fuit</span> <span class='ocrx_word' id='word_1_45' title='bbox 2125 1052 2164 1122; x_wconf 95' lang='lat' dir='ltr'>in</span> <span class='ocrx_word' id='word_1_46' title='bbox 2182 1050 2330 1123; x_wconf 87' lang='lat' dir='ltr'>Platone</span> <span class='ocrx_word' id='word_1_47' title='bbox 2357 1065 2391 1122; x_wconf 90' lang='lat' dir='ltr'>et</span> <span class='ocrx_word' id='word_1_48' title='bbox 2408 1051 2531 1122; x_wconf 88' lang='lat' dir='ltr'>Xeno·</span> 
     </span>
     <span class='ocr_line' id='line_1_5' title="bbox 510 1151 2531 1253; baseline -0.005 -19"><span class='ocrx_word' id='word_1_49' title='bbox 510 1178 545 1234; x_wconf 89' lang='lat' dir='ltr'>et</span> <span class='ocrx_word' id='word_1_50' title='bbox 569 1175 691 1253; x_wconf 89' lang='lat' dir='ltr'>postea</span> <span class='ocrx_word' id='word_1_51' title='bbox 713 1162 790 1231; x_wconf 92' lang='lat' dir='ltr'>aliis</span> <span class='ocrx_word' id='word_1_52' title='bbox 809 1158 930 1227; x_wconf 90' lang='lat' dir='ltr'>multis</span> <span class='ocrx_word' id='word_1_53' title='bbox 947 1157 1178 1238; x_wconf 85' lang='lat' dir='ltr'>testimoniis,</span> <span class='ocrx_word' id='word_1_54' title='bbox 1213 1155 1494 1225; x_wconf 86' lang='lat' dir='ltr'>inflammatione</span> <span class='ocrx_word' id='word_1_55' title='bbox 1546 1151 1691 1247; x_wconf 89' lang='lat' dir='ltr'>phonte.</span> <span class='ocrx_word' id='word_1_56' title='bbox 1743 1151 1924 1225; x_wconf 83' lang='lat' dir='ltr'>Adversus</span> <span class='ocrx_word' id='word_1_57' title='bbox 1953 1156 2039 1225; x_wconf 88' lang='lat' dir='ltr'>tales</span> <span class='ocrx_word' id='word_1_58' title='bbox 2070 1156 2207 1226; x_wconf 82' lang='lat' dir='ltr'>furores</span> <span class='ocrx_word' id='word_1_59' title='bbox 2237 1155 2427 1224; x_wconf 90' lang='lat' dir='ltr'>muniendi</span> <span class='ocrx_word' id='word_1_60' title='bbox 2446 1168 2531 1225; x_wconf 90' lang='lat' dir='ltr'>sunt</span> 
     </span>
     <span class='ocr_line' id='line_1_6' title="bbox 511 1251 2529 1346; baseline -0.004 -12"><span class='ocrx_word' id='word_1_61' title='bbox 511 1265 752 1346; x_wconf 84' lang='lat' dir='ltr'>victimarum,</span> <span class='ocrx_word' id='word_1_62' title='bbox 790 1259 1074 1344; x_wconf 85' lang='lat' dir='ltr'>conservatione,</span> <span class='ocrx_word' id='word_1_63' title='bbox 1114 1251 1238 1328; x_wconf 87' lang='lat' dir='ltr'>Nohae</span> <span class='ocrx_word' id='word_1_64' title='bbox 1272 1258 1311 1326; x_wconf 93' lang='lat' dir='ltr'>in</span> <span class='ocrx_word' id='word_1_65' title='bbox 1346 1256 1493 1344; x_wconf 90' lang='lat' dir='ltr'>diluvio,</span> <span class='ocrx_word' id='word_1_66' title='bbox 1536 1260 1705 1329; x_wconf 90' lang='lat' dir='ltr'>omniurn</span> <span class='ocrx_word' id='word_1_67' title='bbox 1729 1258 1862 1343; x_wconf 89' lang='lat' dir='ltr'>animi,</span> <span class='ocrx_word' id='word_1_68' title='bbox 1895 1281 1961 1326; x_wconf 94' lang='lat' dir='ltr'>nec</span> <span class='ocrx_word' id='word_1_69' title='bbox 1986 1257 2135 1327; x_wconf 89' lang='lat' dir='ltr'>dubium</span> <span class='ocrx_word' id='word_1_70' title='bbox 2164 1270 2216 1329; x_wconf 90' lang='lat' dir='ltr'>est</span> <span class='ocrx_word' id='word_1_71' title='bbox 2236 1254 2432 1327; x_wconf 88' lang='lat' dir='ltr'>Diabolum</span> <span class='ocrx_word' id='word_1_72' title='bbox 2465 1252 2529 1326; x_wconf 93' lang='lat' dir='ltr'>has</span> 
     </span>
     <span class='ocr_line' id='line_1_7' title="bbox 512 1355 2528 1453; baseline -0.003 -17"><span class='ocrx_word' id='word_1_73' title='bbox 512 1379 548 1438; x_wconf 93' lang='lat' dir='ltr'>et</span> <span class='ocrx_word' id='word_1_74' title='bbox 565 1366 655 1438; x_wconf 89' lang='lat' dir='ltr'>aliis.</span> <span class='ocrx_word' id='word_1_75' title='bbox 1546 1355 1781 1453; x_wconf 86' lang='lat' dir='ltr'>blasphemias</span> <span class='ocrx_word' id='word_1_76' title='bbox 1796 1383 1920 1441; x_wconf 86' lang='lat' dir='ltr'>serere,</span> <span class='ocrx_word' id='word_1_77' title='bbox 1939 1373 1979 1429; x_wconf 91' lang='lat' dir='ltr'>ut</span> <span class='ocrx_word' id='word_1_78' title='bbox 1993 1358 2064 1429; x_wconf 92' lang='lat' dir='ltr'>sint</span> <span class='ocrx_word' id='word_1_79' title='bbox 2080 1360 2119 1427; x_wconf 94' lang='lat' dir='ltr'>in</span> <span class='ocrx_word' id='word_1_80' title='bbox 2135 1355 2201 1430; x_wconf 86' lang='lat' dir='ltr'>hac¹</span> <span class='ocrx_word' id='word_1_81' title='bbox 2216 1372 2370 1430; x_wconf 85' lang='lat' dir='ltr'>extrema</span> <span class='ocrx_word' id='word_1_82' title='bbox 2389 1372 2528 1431; x_wconf 86' lang='lat' dir='ltr'>senecta</span> 
     </span>
     <span class='ocr_line' id='line_1_8' title="bbox 611 1456 2483 1558; baseline -0.002 -24"><span class='ocrx_word' id='word_1_83' title='bbox 611 1463 646 1537; x_wconf 84' lang='grc'>4.</span> <span class='ocrx_word' id='word_1_84' title='bbox 679 1461 825 1535; x_wconf 85' lang='lat' dir='ltr'>Necesse</span> <span class='ocrx_word' id='word_1_85' title='bbox 854 1476 905 1535; x_wconf 98' lang='grc' dir='ltr'>εει</span> <span class='ocrx_word' id='word_1_86' title='bbox 928 1475 1044 1532; x_wconf 88' lang='lat' dir='ltr'>autem</span> <span class='ocrx_word' id='word_1_87' title='bbox 1061 1461 1174 1532; x_wconf 91' lang='lat' dir='ltr'>teneri</span> <span class='ocrx_word' id='word_1_88' title='bbox 1190 1459 1382 1531; x_wconf 87' lang='lat' dir='ltr'>discrimen</span> <span class='ocrx_word' id='word_1_89' title='bbox 1398 1458 1491 1530; x_wconf 90' lang='lat' dir='ltr'>inter</span> <span class='ocrx_word' id='word_1_90' title='bbox 1543 1463 1671 1533; x_wconf 92' lang='lat' dir='ltr'>mundi</span> <span class='ocrx_word' id='word_1_91' title='bbox 1686 1462 1820 1532; x_wconf 88' lang='lat' dir='ltr'>semina</span> <span class='ocrx_word' id='word_1_92' title='bbox 1837 1476 1871 1534; x_wconf 90' lang='grc' dir='ltr'>ει</span> <span class='ocrx_word' id='word_1_93' title='bbox 1884 1456 2099 1558; x_wconf 76' lang='grc' dir='ltr'><strong>παρασκευὴ</strong></span> <span class='ocrx_word' id='word_1_94' title='bbox 2114 1459 2266 1533; x_wconf 89' lang='lat' dir='ltr'>Turciae</span> <span class='ocrx_word' id='word_1_95' title='bbox 2280 1462 2483 1552; x_wconf 87' lang='lat' dir='ltr'>impietatis.</span> 
     </span>
     <span class='ocr_line' id='line_1_9' title="bbox 507 1561 2529 1657; baseline -0.003 -20"><span class='ocrx_word' id='word_1_96' title='bbox 507 1566 675 1637; x_wconf 89' lang='lat' dir='ltr'>noticiam</span> <span class='ocrx_word' id='word_1_97' title='bbox 693 1566 792 1656; x_wconf 82' lang='lat' dir='ltr'>legis</span> <span class='ocrx_word' id='word_1_98' title='bbox 823 1579 858 1637; x_wconf 88' lang='lat' dir='ltr'>et</span> <span class='ocrx_word' id='word_1_99' title='bbox 887 1564 1157 1655; x_wconf 84' lang='lat' dir='ltr'>promissionem</span> <span class='ocrx_word' id='word_1_100' title='bbox 1188 1562 1318 1652; x_wconf 85' lang='lat' dir='ltr'>gratiae</span> <span class='ocrx_word' id='word_1_101' title='bbox 1348 1573 1492 1653; x_wconf 92' lang='lat' dir='ltr'>propter</span> <span class='ocrx_word' id='word_1_102' title='bbox 1648 1564 1707 1635; x_wconf 91' lang='grc'>10.</span> <span class='ocrx_word' id='word_1_103' title='bbox 1739 1562 1931 1635; x_wconf 86' lang='lat' dir='ltr'>Notissima</span> <span class='ocrx_word' id='word_1_104' title='bbox 1954 1575 2087 1633; x_wconf 85' lang='lat' dir='ltr'>estvox</span> <span class='ocrx_word' id='word_1_105' title='bbox 2102 1563 2168 1633; x_wconf 87' lang='lat' dir='ltr'>filii</span> <span class='ocrx_word' id='word_1_106' title='bbox 2182 1561 2268 1648; x_wconf 89' lang='lat' dir='ltr'>Dei,</span> <span class='ocrx_word' id='word_1_107' title='bbox 2292 1563 2418 1657; x_wconf 87' lang='lat' dir='ltr'>inqua</span> <span class='ocrx_word' id='word_1_108' title='bbox 2437 1563 2529 1632; x_wconf 91' lang='lat' dir='ltr'>dici-</span> 
     </span>
     <span class='ocr_line' id='line_1_10' title="bbox 506 1660 2528 1753; baseline 0 -16"><span class='ocrx_word' id='word_1_109' title='bbox 506 1666 736 1738; x_wconf 90' lang='lat' dir='ltr'>mediatorem</span> <span class='ocrx_word' id='word_1_110' title='bbox 762 1667 875 1738; x_wconf 89' lang='lat' dir='ltr'>filium</span> <span class='ocrx_word' id='word_1_111' title='bbox 898 1662 977 1739; x_wconf 90' lang='lat' dir='ltr'>Dei.</span> <span class='ocrx_word' id='word_1_112' title='bbox 1027 1660 1076 1736; x_wconf 90' lang='lat' dir='ltr'>Et</span> <span class='ocrx_word' id='word_1_113' title='bbox 1102 1688 1240 1735; x_wconf 90' lang='lat' dir='ltr'>necesse</span> <span class='ocrx_word' id='word_1_114' title='bbox 1264 1677 1317 1735; x_wconf 90' lang='lat' dir='ltr'>est</span> <span class='ocrx_word' id='word_1_115' title='bbox 1349 1662 1491 1753; x_wconf 75' lang='lat' dir='ltr'>agnosci</span> <span class='ocrx_word' id='word_1_116' title='bbox 1547 1679 1622 1734; x_wconf 90' lang='lat' dir='ltr'>tur:</span> <span class='ocrx_word' id='word_1_117' title='bbox 1649 1660 1831 1736; x_wconf 81' lang='lat' dir='ltr'>Abraham</span> <span class='ocrx_word' id='word_1_118' title='bbox 1847 1666 1937 1736; x_wconf 86' lang='lat' dir='ltr'>vidit</span> <span class='ocrx_word' id='word_1_119' title='bbox 1958 1666 2052 1735; x_wconf 90' lang='lat' dir='ltr'>diem</span> <span class='ocrx_word' id='word_1_120' title='bbox 2074 1689 2214 1752; x_wconf 91' lang='lat' dir='ltr'>meum,</span> <span class='ocrx_word' id='word_1_121' title='bbox 2238 1678 2273 1735; x_wconf 92' lang='lat' dir='ltr'>et</span> <span class='ocrx_word' id='word_1_122' title='bbox 2294 1666 2444 1737; x_wconf 90' lang='lat' dir='ltr'>laetatus</span> <span class='ocrx_word' id='word_1_123' title='bbox 2466 1680 2528 1737; x_wconf 90' lang='lat' dir='ltr'>est.</span> 
     </span>
     <span class='ocr_line' id='line_1_11' title="bbox 505 1760 2612 1862; baseline -0.002 -22"><span class='ocrx_word' id='word_1_124' title='bbox 505 1766 644 1850; x_wconf 89' lang='lat' dir='ltr'>Deum,</span> <span class='ocrx_word' id='word_1_125' title='bbox 668 1770 759 1840; x_wconf 88' lang='lat' dir='ltr'>sicut</span> <span class='ocrx_word' id='word_1_126' title='bbox 775 1792 812 1839; x_wconf 90' lang='lat' dir='ltr'>se</span> <span class='ocrx_word' id='word_1_127' title='bbox 829 1768 1008 1862; x_wconf 87' lang='lat' dir='ltr'>patefecit,</span> <span class='ocrx_word' id='word_1_128' title='bbox 1035 1790 1108 1836; x_wconf 92' lang='lat' dir='ltr'>non</span> <span class='ocrx_word' id='word_1_129' title='bbox 1124 1780 1262 1839; x_wconf 88' lang='lat' dir='ltr'>tanturn</span> <span class='ocrx_word' id='word_1_130' title='bbox 1277 1779 1318 1837; x_wconf 86' lang='lat' dir='ltr'>ut</span> <span class='ocrx_word' id='word_1_131' title='bbox 1334 1760 1490 1834; x_wconf 91' lang='lat' dir='ltr'>humana</span> <span class='ocrx_word' id='word_1_132' title='bbox 1543 1762 1592 1835; x_wconf 92' lang='lat' dir='ltr'>Et</span> <span class='ocrx_word' id='word_1_133' title='bbox 1606 1763 1711 1835; x_wconf 92' lang='lat' dir='ltr'>lacob</span> <span class='ocrx_word' id='word_1_134' title='bbox 1734 1766 1867 1860; x_wconf 88' lang='lat' dir='ltr'>inquit:</span> <span class='ocrx_word' id='word_1_135' title='bbox 1893 1766 1976 1838; x_wconf 93' lang='lat' dir='ltr'>Non</span> <span class='ocrx_word' id='word_1_136' title='bbox 1998 1767 2178 1839; x_wconf 80' lang='lat' dir='ltr'>auferetur</span> <span class='ocrx_word' id='word_1_137' title='bbox 2199 1782 2414 1858; x_wconf 90' lang='lat' dir='ltr'>sceptruma</span> <span class='ocrx_word' id='word_1_138' title='bbox 2438 1765 2526 1837; x_wconf 91' lang='lat' dir='ltr'>luda</span> <span class='ocrx_word' id='word_1_139' title='bbox 2609 1768 2612 1772; x_wconf 83' lang='grc'><strong>’</strong></span> 
     </span>
     <span class='ocr_line' id='line_1_12' title="bbox 505 1866 2527 1961; baseline -0.001 -20"><span class='ocrx_word' id='word_1_140' title='bbox 505 1872 597 1941; x_wconf 88' lang='lat' dir='ltr'>ratio</span> <span class='ocrx_word' id='word_1_141' title='bbox 609 1872 758 1960; x_wconf 89' lang='lat' dir='ltr'>cogitat,</span> <span class='ocrx_word' id='word_1_142' title='bbox 782 1873 843 1941; x_wconf 87' lang='lat' dir='ltr'>sed</span> <span class='ocrx_word' id='word_1_143' title='bbox 856 1884 898 1941; x_wconf 90' lang='lat' dir='ltr'>ut</span> <span class='ocrx_word' id='word_1_144' title='bbox 914 1867 1117 1939; x_wconf 90' lang='lat' dir='ltr'>discrimina</span> <span class='ocrx_word' id='word_1_145' title='bbox 1133 1869 1242 1939; x_wconf 91' lang='lat' dir='ltr'>trium</span> <span class='ocrx_word' id='word_1_146' title='bbox 1259 1889 1490 1959; x_wconf 91' lang='lat' dir='ltr'>personarum</span> <span class='ocrx_word' id='word_1_147' title='bbox 1543 1868 1656 1937; x_wconf 88' lang='lat' dir='ltr'>donec</span> <span class='ocrx_word' id='word_1_148' title='bbox 1669 1870 1805 1938; x_wconf 91' lang='lat' dir='ltr'>venerit</span> <span class='ocrx_word' id='word_1_149' title='bbox 1821 1866 1911 1954; x_wconf 90' lang='lat' dir='ltr'>Silo,</span> <span class='ocrx_word' id='word_1_150' title='bbox 1932 1870 1976 1940; x_wconf 91' lang='lat' dir='ltr'>ad</span> <span class='ocrx_word' id='word_1_151' title='bbox 1991 1870 2108 1961; x_wconf 91' lang='lat' dir='ltr'>ipsum</span> <span class='ocrx_word' id='word_1_152' title='bbox 2121 1884 2242 1961; x_wconf 84' lang='lat' dir='ltr'>gentes</span> <span class='ocrx_word' id='word_1_153' title='bbox 2257 1871 2527 1960; x_wconf 86' lang='lat' dir='ltr'>congregabun-</span> 
     </span>
     <span class='ocr_line' id='line_1_13' title="bbox 506 1964 2527 2064; baseline -0.002 -22"><span class='ocrx_word' id='word_1_154' title='bbox 506 1988 541 2043; x_wconf 93' lang='lat' dir='ltr'>et</span> <span class='ocrx_word' id='word_1_155' title='bbox 566 1995 687 2043; x_wconf 87' lang='lat' dir='ltr'>earum</span> <span class='ocrx_word' id='word_1_156' title='bbox 708 1973 938 2064; x_wconf 88' lang='lat' dir='ltr'>proprietates</span> <span class='ocrx_word' id='word_1_157' title='bbox 962 1971 1019 2063; x_wconf 92' lang='lat' dir='ltr'>pie</span> <span class='ocrx_word' id='word_1_158' title='bbox 1044 1971 1310 2061; x_wconf 77' lang='lat' dir='ltr'>intelligantur,</span> <span class='ocrx_word' id='word_1_159' title='bbox 1334 1980 1374 2039; x_wconf 91' lang='lat' dir='ltr'>ot</span> <span class='ocrx_word' id='word_1_160' title='bbox 1395 1965 1491 2039; x_wconf 84' lang='lat' dir='ltr'>Deus</span> <span class='ocrx_word' id='word_1_161' title='bbox 1545 1983 1614 2043; x_wconf 92' lang='lat' dir='ltr'>tur.</span> <span class='ocrx_word' id='word_1_162' title='bbox 1663 1964 1710 2040; x_wconf 90' lang='lat' dir='ltr'>Et</span> <span class='ocrx_word' id='word_1_163' title='bbox 1725 1982 1847 2061; x_wconf 89' lang='lat' dir='ltr'>postea</span> <span class='ocrx_word' id='word_1_164' title='bbox 1862 1984 1981 2041; x_wconf 86' lang='lat' dir='ltr'>extant</span> <span class='ocrx_word' id='word_1_165' title='bbox 1995 1972 2197 2042; x_wconf 91' lang='lat' dir='ltr'>testimonia</span> <span class='ocrx_word' id='word_1_166' title='bbox 2220 1972 2259 2041; x_wconf 92' lang='lat' dir='ltr'>in</span> <span class='ocrx_word' id='word_1_167' title='bbox 2275 1968 2462 2064; x_wconf 87' lang='lat' dir='ltr'>Prophetis</span> <span class='ocrx_word' id='word_1_168' title='bbox 2480 1972 2527 2039; x_wconf 91' lang='lat' dir='ltr'>il-</span> 
     </span>
     <span class='ocr_line' id='line_1_14' title="bbox 507 2068 2527 2159; baseline -0.001 -16"><span class='ocrx_word' id='word_1_169' title='bbox 507 2087 600 2145; x_wconf 89' lang='lat' dir='ltr'>recte</span> <span class='ocrx_word' id='word_1_170' title='bbox 614 2074 799 2144; x_wconf 87' lang='lat' dir='ltr'>invocetur</span> <span class='ocrx_word' id='word_1_171' title='bbox 810 2088 845 2145; x_wconf 92' lang='lat' dir='ltr'>et</span> <span class='ocrx_word' id='word_1_172' title='bbox 864 2072 1012 2143; x_wconf 85' lang='lat' dir='ltr'>colatur.</span> <span class='ocrx_word' id='word_1_173' title='bbox 1543 2070 1708 2142; x_wconf 89' lang='lat' dir='ltr'>lustriora</span> <span class='ocrx_word' id='word_1_174' title='bbox 1726 2071 1771 2140; x_wconf 94' lang='lat' dir='ltr'>de</span> <span class='ocrx_word' id='word_1_175' title='bbox 1787 2071 1860 2140; x_wconf 85' lang='lat' dir='ltr'>filio</span> <span class='ocrx_word' id='word_1_176' title='bbox 1875 2068 1941 2141; x_wconf 90' lang='lat' dir='ltr'>Dei</span> <span class='ocrx_word' id='word_1_177' title='bbox 1958 2072 2164 2159; x_wconf 85' lang='lat' dir='ltr'>mediatore,</span> <span class='ocrx_word' id='word_1_178' title='bbox 2187 2072 2280 2146; x_wconf 89' lang='lat' dir='ltr'>Psal.</span> <span class='ocrx_word' id='word_1_179' title='bbox 2295 2075 2348 2149; x_wconf 77' lang='lat'>2.:</span> <span class='ocrx_word' id='word_1_180' title='bbox 2374 2068 2527 2143; x_wconf 91' lang='lat' dir='ltr'>Oscula-</span> 
     </span>
     <span class='ocr_line' id='line_1_15' title="bbox 607 2170 2525 2265; baseline -0.001 -22"><span class='ocrx_word' id='word_1_181' title='bbox 607 2174 644 2249; x_wconf 81' lang='lat'>5.</span> <span class='ocrx_word' id='word_1_182' title='bbox 677 2173 751 2246; x_wconf 81' lang='lat' dir='ltr'>Lex</span> <span class='ocrx_word' id='word_1_183' title='bbox 764 2188 817 2247; x_wconf 91' lang='lat' dir='ltr'>est</span> <span class='ocrx_word' id='word_1_184' title='bbox 831 2190 972 2248; x_wconf 91' lang='lat' dir='ltr'>aeterna</span> <span class='ocrx_word' id='word_1_185' title='bbox 987 2186 1022 2243; x_wconf 90' lang='grc' dir='ltr'>ει</span> <span class='ocrx_word' id='word_1_186' title='bbox 1036 2172 1182 2243; x_wconf 91' lang='lat' dir='ltr'>immota</span> <span class='ocrx_word' id='word_1_187' title='bbox 1196 2170 1367 2262; x_wconf 88' lang='lat' dir='ltr'>sapientia</span> <span class='ocrx_word' id='word_1_188' title='bbox 1383 2182 1418 2242; x_wconf 87' lang='lat' dir='ltr'>et</span> <span class='ocrx_word' id='word_1_189' title='bbox 1434 2193 1490 2240; x_wconf 90' lang='lat' dir='ltr'>re·</span> <span class='ocrx_word' id='word_1_190' title='bbox 1543 2172 1632 2241; x_wconf 91' lang='lat' dir='ltr'>mini</span> <span class='ocrx_word' id='word_1_191' title='bbox 1653 2173 1786 2254; x_wconf 79' lang='lat' dir='ltr'>tilium,</span> <span class='ocrx_word' id='word_1_192' title='bbox 1816 2185 1849 2243; x_wconf 88' lang='lat' dir='ltr'>et</span> <span class='ocrx_word' id='word_1_193' title='bbox 1869 2176 1964 2265; x_wconf 90' lang='lat' dir='ltr'>apud</span> <span class='ocrx_word' id='word_1_194' title='bbox 1984 2171 2144 2244; x_wconf 80' lang='lat' dir='ltr'>Esaiam:</span> <span class='ocrx_word' id='word_1_195' title='bbox 2178 2173 2317 2248; x_wconf 88' lang='lat' dir='ltr'>Noticia</span> <span class='ocrx_word' id='word_1_196' title='bbox 2330 2176 2434 2246; x_wconf 81' lang='lat' dir='ltr'>servi</span> <span class='ocrx_word' id='word_1_197' title='bbox 2456 2176 2525 2242; x_wconf 86' lang='lat' dir='ltr'>mei</span> 
     </span>
     <span class='ocr_line' id='line_1_16' title="bbox 495 2275 2104 2368; baseline 0.001 -23"><span class='ocrx_word' id='word_1_198' title='bbox 495 2276 588 2368; x_wconf 61' lang='lat' dir='ltr'>‘gula</span> <span class='ocrx_word' id='word_1_199' title='bbox 604 2277 762 2348; x_wconf 81' lang='lat' dir='ltr'>iusticias</span> <span class='ocrx_word' id='word_1_200' title='bbox 777 2276 816 2346; x_wconf 92' lang='lat' dir='ltr'>in</span> <span class='ocrx_word' id='word_1_201' title='bbox 833 2276 928 2361; x_wconf 91' lang='lat' dir='ltr'>Deo,</span> <span class='ocrx_word' id='word_1_202' title='bbox 954 2275 1156 2345; x_wconf 89' lang='lat' dir='ltr'>discernens</span> <span class='ocrx_word' id='word_1_203' title='bbox 1181 2288 1274 2344; x_wconf 90' lang='lat' dir='ltr'>recta</span> <span class='ocrx_word' id='word_1_204' title='bbox 1292 2286 1328 2343; x_wconf 90' lang='lat' dir='ltr'>et</span> <span class='ocrx_word' id='word_1_205' title='bbox 1342 2296 1416 2342; x_wconf 93' lang='lat' dir='ltr'>non</span> <span class='ocrx_word' id='word_1_206' title='bbox 1433 2296 1490 2342; x_wconf 89' lang='lat' dir='ltr'>re·</span> <span class='ocrx_word' id='word_1_207' title='bbox 1541 2276 1624 2344; x_wconf 90' lang='lat' dir='ltr'>iusti</span> <span class='ocrx_word' id='word_1_208' title='bbox 1642 2275 1844 2344; x_wconf 87' lang='lat' dir='ltr'>iustificabit</span> <span class='ocrx_word' id='word_1_209' title='bbox 1860 2276 2011 2361; x_wconf 91' lang='lat' dir='ltr'>multos,</span> <span class='ocrx_word' id='word_1_210' title='bbox 2038 2290 2104 2347; x_wconf 92' lang='lat' dir='ltr'>etc.</span> 
     </span>
     <span class='ocr_line' id='line_1_17' title="bbox 507 2371 2528 2468; baseline -0.002 -18"><span class='ocrx_word' id='word_1_211' title='bbox 507 2392 580 2464; x_wconf 88' lang='lat' dir='ltr'>cta,</span> <span class='ocrx_word' id='word_1_212' title='bbox 612 2392 647 2450; x_wconf 89' lang='lat' dir='ltr'>et</span> <span class='ocrx_word' id='word_1_213' title='bbox 676 2374 899 2449; x_wconf 88' lang='lat' dir='ltr'>horribiliter</span> <span class='ocrx_word' id='word_1_214' title='bbox 929 2376 1083 2447; x_wconf 87' lang='lat' dir='ltr'>irascens</span> <span class='ocrx_word' id='word_1_215' title='bbox 1109 2376 1370 2459; x_wconf 90' lang='lat' dir='ltr'>contumaciae,</span> <span class='ocrx_word' id='word_1_216' title='bbox 1400 2396 1489 2467; x_wconf 89' lang='lat' dir='ltr'>quae</span> <span class='ocrx_word' id='word_1_217' title='bbox 1648 2379 1706 2451; x_wconf 94' lang='grc'>11.</span> <span class='ocrx_word' id='word_1_218' title='bbox 1738 2376 1885 2467; x_wconf 89' lang='lat' dir='ltr'>Semper</span> <span class='ocrx_word' id='word_1_219' title='bbox 1902 2379 2012 2468; x_wconf 83' lang='lat' dir='ltr'>igitur</span> <span class='ocrx_word' id='word_1_220' title='bbox 2034 2401 2116 2447; x_wconf 90' lang='lat' dir='ltr'>vera</span> <span class='ocrx_word' id='word_1_221' title='bbox 2127 2371 2285 2448; x_wconf 88' lang='lat' dir='ltr'>Ecclesia</span> <span class='ocrx_word' id='word_1_222' title='bbox 2307 2399 2406 2447; x_wconf 92' lang='lat' dir='ltr'>suam</span> <span class='ocrx_word' id='word_1_223' title='bbox 2422 2380 2528 2448; x_wconf 92' lang='lat' dir='ltr'>invo-</span> 
     </span>
     <span class='ocr_line' id='line_1_18' title="bbox 506 2469 2527 2570; baseline -0 -20"><span class='ocrx_word' id='word_1_224' title='bbox 506 2494 679 2570; x_wconf 86' lang='lat' dir='ltr'>repugnat</span> <span class='ocrx_word' id='word_1_225' title='bbox 695 2475 779 2551; x_wconf 91' lang='lat' dir='ltr'>huic</span> <span class='ocrx_word' id='word_1_226' title='bbox 793 2503 940 2550; x_wconf 90' lang='lat' dir='ltr'>normae</span> <span class='ocrx_word' id='word_1_227' title='bbox 957 2478 1099 2568; x_wconf 91' lang='lat' dir='ltr'>inipso,</span> <span class='ocrx_word' id='word_1_228' title='bbox 1125 2489 1158 2547; x_wconf 92' lang='lat' dir='ltr'>et</span> <span class='ocrx_word' id='word_1_229' title='bbox 1171 2476 1341 2568; x_wconf 80' lang='lat' dir='ltr'>patefacta</span> <span class='ocrx_word' id='word_1_230' title='bbox 1356 2487 1408 2546; x_wconf 89' lang='lat' dir='ltr'>est</span> <span class='ocrx_word' id='word_1_231' title='bbox 1421 2469 1489 2543; x_wconf 86' lang='lat' dir='ltr'>ho·</span> <span class='ocrx_word' id='word_1_232' title='bbox 1541 2478 1717 2549; x_wconf 84' lang='lat' dir='ltr'>sationem</span> <span class='ocrx_word' id='word_1_233' title='bbox 1733 2479 1895 2549; x_wconf 86' lang='lat' dir='ltr'>distinxit</span> <span class='ocrx_word' id='word_1_234' title='bbox 1910 2480 1955 2550; x_wconf 90' lang='lat' dir='ltr'>ab</span> <span class='ocrx_word' id='word_1_235' title='bbox 1972 2474 2136 2565; x_wconf 90' lang='lat' dir='ltr'>ethnica,</span> <span class='ocrx_word' id='word_1_236' title='bbox 2164 2480 2350 2570; x_wconf 89' lang='lat' dir='ltr'>praecipue</span> <span class='ocrx_word' id='word_1_237' title='bbox 2366 2475 2424 2550; x_wconf 93' lang='lat' dir='ltr'>his</span> <span class='ocrx_word' id='word_1_238' title='bbox 2439 2483 2527 2550; x_wconf 91' lang='lat' dir='ltr'>arti·</span> 
     </span>
     <span class='ocr_line' id='line_1_19' title="bbox 507 2577 2528 2671; baseline -0 -21"><span class='ocrx_word' id='word_1_239' title='bbox 507 2581 665 2651; x_wconf 87' lang='lat' dir='ltr'>minibus</span> <span class='ocrx_word' id='word_1_240' title='bbox 689 2582 727 2650; x_wconf 92' lang='lat' dir='ltr'>in</span> <span class='ocrx_word' id='word_1_241' title='bbox 752 2584 954 2668; x_wconf 90' lang='lat' dir='ltr'>creatione,</span> <span class='ocrx_word' id='word_1_242' title='bbox 980 2592 1015 2649; x_wconf 91' lang='lat' dir='ltr'>et</span> <span class='ocrx_word' id='word_1_243' title='bbox 1030 2590 1149 2670; x_wconf 91' lang='lat' dir='ltr'>postea</span> <span class='ocrx_word' id='word_1_244' title='bbox 1169 2601 1272 2670; x_wconf 88' lang='lat' dir='ltr'>saepe</span> <span class='ocrx_word' id='word_1_245' title='bbox 1286 2577 1436 2669; x_wconf 87' lang='lat' dir='ltr'>repetita</span> <span class='ocrx_word' id='word_1_246' title='bbox 1452 2587 1488 2646; x_wconf 87' lang='lat' dir='ltr'>et</span> <span class='ocrx_word' id='word_1_247' title='bbox 1541 2579 1630 2656; x_wconf 89' lang='lat' dir='ltr'>culis</span> <span class='ocrx_word' id='word_1_248' title='bbox 1651 2582 1832 2671; x_wconf 82' lang='lat' dir='ltr'>agnitione</span> <span class='ocrx_word' id='word_1_249' title='bbox 1864 2582 2046 2652; x_wconf 91' lang='lat' dir='ltr'>doctrinae</span> <span class='ocrx_word' id='word_1_250' title='bbox 2074 2582 2119 2651; x_wconf 91' lang='lat' dir='ltr'>de</span> <span class='ocrx_word' id='word_1_251' title='bbox 2150 2582 2300 2653; x_wconf 79' lang='lat' dir='ltr'>essemia</span> <span class='ocrx_word' id='word_1_252' title='bbox 2324 2579 2393 2652; x_wconf 90' lang='lat' dir='ltr'>Dei</span> <span class='ocrx_word' id='word_1_253' title='bbox 2426 2585 2528 2669; x_wconf 88' lang='lat' dir='ltr'>etde</span> 
     </span>
     <span class='ocr_line' id='line_1_20' title="bbox 508 2673 2478 2780; baseline 0.001 -29"><span class='ocrx_word' id='word_1_254' title='bbox 508 2682 682 2755; x_wconf 84' lang='lat' dir='ltr'>declarata</span> <span class='ocrx_word' id='word_1_255' title='bbox 696 2707 781 2753; x_wconf 91' lang='lat' dir='ltr'>voce</span> <span class='ocrx_word' id='word_1_256' title='bbox 798 2682 935 2767; x_wconf 90' lang='lat' dir='ltr'>divina,</span> <span class='ocrx_word' id='word_1_257' title='bbox 959 2694 1000 2751; x_wconf 89' lang='lat' dir='ltr'>ut</span> <span class='ocrx_word' id='word_1_258' title='bbox 1014 2681 1183 2763; x_wconf 87' lang='lat' dir='ltr'>sciamus,</span> <span class='ocrx_word' id='word_1_259' title='bbox 1211 2682 1308 2773; x_wconf 92' lang='lat' dir='ltr'>quod</span> <span class='ocrx_word' id='word_1_260' title='bbox 1323 2680 1369 2749; x_wconf 90' lang='lat' dir='ltr'>sit</span> <span class='ocrx_word' id='word_1_261' title='bbox 1382 2673 1489 2763; x_wconf 86' lang='lat' dir='ltr'>Deus,</span> <span class='ocrx_word' id='word_1_262' title='bbox 1540 2683 1730 2755; x_wconf 86' lang='lat' dir='ltr'>voluntate.</span> <span class='ocrx_word' id='word_1_263' title='bbox 2471 2764 2478 2780; x_wconf 29' lang='grc' dir='ltr'>ι</span> 
     </span>
     <span class='ocr_line' id='line_1_21' title="bbox 505 2779 2527 2880; baseline -0.001 -24"><span class='ocrx_word' id='word_1_264' title='bbox 505 2798 541 2856; x_wconf 86' lang='grc' dir='ltr'>ει</span> <span class='ocrx_word' id='word_1_265' title='bbox 556 2783 670 2876; x_wconf 89' lang='lat' dir='ltr'>qualis</span> <span class='ocrx_word' id='word_1_266' title='bbox 686 2785 748 2869; x_wconf 88' lang='lat' dir='ltr'>sit,</span> <span class='ocrx_word' id='word_1_267' title='bbox 773 2785 938 2874; x_wconf 87' lang='lat' dir='ltr'>obligans·</span> <span class='ocrx_word' id='word_1_268' title='bbox 951 2806 1074 2853; x_wconf 90' lang='lat' dir='ltr'>omnes</span> <span class='ocrx_word' id='word_1_269' title='bbox 1098 2794 1274 2851; x_wconf 89' lang='lat' dir='ltr'>creaturas</span> <span class='ocrx_word' id='word_1_270' title='bbox 1288 2779 1489 2865; x_wconf 84' lang='lat' dir='ltr'>rationales,</span> <span class='ocrx_word' id='word_1_271' title='bbox 1644 2785 1704 2857; x_wconf 78' lang='lat'>12.</span> <span class='ocrx_word' id='word_1_272' title='bbox 1737 2781 2003 2855; x_wconf 87' lang='lat' dir='ltr'>Vera-Ecclesia</span> <span class='ocrx_word' id='word_1_273' title='bbox 2027 2786 2189 2858; x_wconf 84' lang='lat' dir='ltr'>intuetur</span> <span class='ocrx_word' id='word_1_274' title='bbox 2203 2787 2456 2880; x_wconf 80' lang='lat' dir='ltr'>patefactiones</span> <span class='ocrx_word' id='word_1_275' title='bbox 2470 2788 2527 2854; x_wconf 88' lang='lat' dir='ltr'>di·</span> 
     </span>
     <span class='ocr_line' id='line_1_22' title="bbox 505 2882 2525 2978; baseline -0 -22"><span class='ocrx_word' id='word_1_276' title='bbox 505 2897 540 2957; x_wconf 90' lang='lat' dir='ltr'>et</span> <span class='ocrx_word' id='word_1_277' title='bbox 571 2888 754 2978; x_wconf 91' lang='lat' dir='ltr'>postulans</span> <span class='ocrx_word' id='word_1_278' title='bbox 784 2899 826 2956; x_wconf 91' lang='lat' dir='ltr'>ut</span> <span class='ocrx_word' id='word_1_279' title='bbox 860 2907 984 2955; x_wconf 91' lang='lat' dir='ltr'>omnes</span> <span class='ocrx_word' id='word_1_280' title='bbox 1017 2883 1090 2954; x_wconf 89' lang='lat' dir='ltr'>sint</span> <span class='ocrx_word' id='word_1_281' title='bbox 1122 2882 1320 2953; x_wconf 79' lang='lat' dir='ltr'>conformes</span> <span class='ocrx_word' id='word_1_282' title='bbox 1351 2882 1420 2974; x_wconf 89' lang='lat' dir='ltr'>ipsi</span> <span class='ocrx_word' id='word_1_283' title='bbox 1454 2894 1488 2950; x_wconf 92' lang='lat' dir='ltr'>et</span> <span class='ocrx_word' id='word_1_284' title='bbox 1539 2885 1660 2968; x_wconf 91' lang='lat' dir='ltr'>vinas,</span> <span class='ocrx_word' id='word_1_285' title='bbox 1684 2896 1719 2954; x_wconf 90' lang='lat' dir='ltr'>et</span> <span class='ocrx_word' id='word_1_286' title='bbox 1744 2887 1903 2975; x_wconf 88' lang='lat' dir='ltr'>agnoscit</span> <span class='ocrx_word' id='word_1_287' title='bbox 1926 2910 2035 2955; x_wconf 90' lang='lat' dir='ltr'>unam</span> <span class='ocrx_word' id='word_1_288' title='bbox 2059 2909 2134 2956; x_wconf 93' lang='lat' dir='ltr'>esse</span> <span class='ocrx_word' id='word_1_289' title='bbox 2155 2888 2314 2957; x_wconf 90' lang='lat' dir='ltr'>divinam</span> <span class='ocrx_word' id='word_1_290' title='bbox 2340 2889 2525 2957; x_wconf 87' lang='lat' dir='ltr'>essentiam</span> 
     </span>
     <span class='ocr_line' id='line_1_23' title="bbox 504 2983 2525 3082; baseline -0.001 -24"><span class='ocrx_word' id='word_1_291' title='bbox 504 2991 678 3059; x_wconf 85' lang='lat' dir='ltr'>damnans</span> <span class='ocrx_word' id='word_1_292' title='bbox 694 3011 734 3058; x_wconf 91' lang='lat' dir='ltr'>ac</span> <span class='ocrx_word' id='word_1_293' title='bbox 750 2990 932 3057; x_wconf 88' lang='lat' dir='ltr'>destruens</span> <span class='ocrx_word' id='word_1_294' title='bbox 947 3008 1068 3056; x_wconf 89' lang='lat' dir='ltr'>omnes</span> <span class='ocrx_word' id='word_1_295' title='bbox 1083 3009 1158 3055; x_wconf 92' lang='lat' dir='ltr'>non</span> <span class='ocrx_word' id='word_1_296' title='bbox 1172 2986 1390 3069; x_wconf 84' lang='lat' dir='ltr'>conformes,</span> <span class='ocrx_word' id='word_1_297' title='bbox 1415 2983 1487 3052; x_wconf 92' lang='lat' dir='ltr'>nisi</span> <span class='ocrx_word' id='word_1_298' title='bbox 1539 2985 1781 3072; x_wconf 87' lang='lat' dir='ltr'>conditricem,</span> <span class='ocrx_word' id='word_1_299' title='bbox 1806 2999 1989 3056; x_wconf 91' lang='lat' dir='ltr'>aeternum</span> <span class='ocrx_word' id='word_1_300' title='bbox 2004 3001 2153 3079; x_wconf 88' lang='lat' dir='ltr'>patrem,</span> <span class='ocrx_word' id='word_1_301' title='bbox 2179 2987 2306 3073; x_wconf 85' lang='lat' dir='ltr'>filium,</span> <span class='ocrx_word' id='word_1_302' title='bbox 2321 2990 2366 3057; x_wconf 88' lang='lat' dir='ltr'>de</span> <span class='ocrx_word' id='word_1_303' title='bbox 2381 3012 2454 3082; x_wconf 87' lang='lat' dir='ltr'>quo</span> <span class='ocrx_word' id='word_1_304' title='bbox 2469 2987 2525 3055; x_wconf 92' lang='lat' dir='ltr'>lo-</span> 
     </span>
     <span class='ocr_line' id='line_1_24' title="bbox 497 3085 2526 3184; baseline -0.001 -23"><span class='ocrx_word' id='word_1_305' title='bbox 497 3091 565 3161; x_wconf 81' lang='lat' dir='ltr'>·bat</span> <span class='ocrx_word' id='word_1_306' title='bbox 579 3090 740 3161; x_wconf 88' lang='lat' dir='ltr'>remissio</span> <span class='ocrx_word' id='word_1_307' title='bbox 757 3102 792 3161; x_wconf 89' lang='lat' dir='ltr'>et</span> <span class='ocrx_word' id='word_1_308' title='bbox 806 3089 1047 3159; x_wconf 89' lang='lat' dir='ltr'>reconciliatio</span> <span class='ocrx_word' id='word_1_309' title='bbox 1065 3098 1210 3179; x_wconf 90' lang='lat' dir='ltr'>propter</span> <span class='ocrx_word' id='word_1_310' title='bbox 1226 3087 1338 3158; x_wconf 86' lang='lat' dir='ltr'>filium</span> <span class='ocrx_word' id='word_1_311' title='bbox 1353 3085 1488 3157; x_wconf 87' lang='lat' dir='ltr'>media-</span> <span class='ocrx_word' id='word_1_312' title='bbox 1540 3102 1700 3184; x_wconf 88' lang='lat' dir='ltr'>quuntur</span> <span class='ocrx_word' id='word_1_313' title='bbox 1712 3088 1975 3179; x_wconf 86' lang='lat' dir='ltr'>promissiones,</span> <span class='ocrx_word' id='word_1_314' title='bbox 2000 3104 2035 3160; x_wconf 94' lang='grc' dir='ltr'>ει</span> <span class='ocrx_word' id='word_1_315' title='bbox 2053 3087 2229 3180; x_wconf 90' lang='lat' dir='ltr'>Spiritum</span> <span class='ocrx_word' id='word_1_316' title='bbox 2244 3102 2417 3173; x_wconf 91' lang='lat' dir='ltr'>sanctum,</span> <span class='ocrx_word' id='word_1_317' title='bbox 2441 3113 2526 3180; x_wconf 92' lang='lat' dir='ltr'>pro·</span> 
     </span>
     <span class='ocr_line' id='line_1_25' title="bbox 505 3190 2526 3280; baseline -0.002 -17"><span class='ocrx_word' id='word_1_318' title='bbox 505 3209 630 3265; x_wconf 76' lang='lat' dir='ltr'>torem·</span> <span class='ocrx_word' id='word_1_319' title='bbox 1539 3194 1722 3263; x_wconf 87' lang='lat' dir='ltr'>cedentem</span> <span class='ocrx_word' id='word_1_320' title='bbox 1745 3190 1791 3261; x_wconf 90' lang='lat' dir='ltr'>ab</span> <span class='ocrx_word' id='word_1_321' title='bbox 1814 3202 1957 3261; x_wconf 88' lang='lat' dir='ltr'>aeterno</span> <span class='ocrx_word' id='word_1_322' title='bbox 1973 3206 2091 3280; x_wconf 88' lang='lat' dir='ltr'>patre,</span> <span class='ocrx_word' id='word_1_323' title='bbox 2118 3205 2153 3263; x_wconf 91' lang='lat' dir='ltr'>et</span> <span class='ocrx_word' id='word_1_324' title='bbox 2169 3203 2355 3260; x_wconf 88' lang='lat' dir='ltr'>coaeterno</span> <span class='ocrx_word' id='word_1_325' title='bbox 2372 3190 2468 3275; x_wconf 82' lang='lat' dir='ltr'>tilio,</span> <span class='ocrx_word' id='word_1_326' title='bbox 2491 3203 2526 3259; x_wconf 88' lang='grc' dir='ltr'>ει</span> 
     </span>
     <span class='ocr_line' id='line_1_26' title="bbox 605 3290 2527 3385; baseline -0.003 -19"><span class='ocrx_word' id='word_1_327' title='bbox 605 3294 641 3368; x_wconf 82' lang='grc'>6.</span> <span class='ocrx_word' id='word_1_328' title='bbox 682 3290 918 3384; x_wconf 85' lang='lat' dir='ltr'>Evangelium</span> <span class='ocrx_word' id='word_1_329' title='bbox 936 3306 990 3364; x_wconf 89' lang='lat' dir='ltr'>est</span> <span class='ocrx_word' id='word_1_330' title='bbox 1012 3292 1226 3384; x_wconf 89' lang='lat' dir='ltr'>praedicatio</span> <span class='ocrx_word' id='word_1_331' title='bbox 1248 3291 1487 3381; x_wconf 89' lang='lat' dir='ltr'>poenitentias</span> <span class='ocrx_word' id='word_1_332' title='bbox 1538 3294 1605 3364; x_wconf 90' lang='lat' dir='ltr'>scit</span> <span class='ocrx_word' id='word_1_333' title='bbox 1624 3317 1662 3363; x_wconf 89' lang='lat' dir='ltr'>se</span> <span class='ocrx_word' id='word_1_334' title='bbox 1684 3292 1813 3384; x_wconf 90' lang='lat' dir='ltr'>recipi,</span> <span class='ocrx_word' id='word_1_335' title='bbox 1834 3292 2014 3376; x_wconf 90' lang='lat' dir='ltr'>exaudiri,</span> <span class='ocrx_word' id='word_1_336' title='bbox 2036 3307 2071 3363; x_wconf 92' lang='lat' dir='ltr'>et</span> <span class='ocrx_word' id='word_1_337' title='bbox 2092 3292 2221 3363; x_wconf 89' lang='lat' dir='ltr'>salvari</span> <span class='ocrx_word' id='word_1_338' title='bbox 2235 3307 2381 3385; x_wconf 92' lang='lat' dir='ltr'>propter</span> <span class='ocrx_word' id='word_1_339' title='bbox 2401 3293 2527 3374; x_wconf 85' lang='lat' dir='ltr'>filium,</span> 
     </span>
     <span class='ocr_line' id='line_1_27' title="bbox 504 3391 2525 3491; baseline -0 -26"><span class='ocrx_word' id='word_1_340' title='bbox 504 3410 541 3466; x_wconf 89' lang='lat' dir='ltr'>et</span> <span class='ocrx_word' id='word_1_341' title='bbox 559 3395 821 3488; x_wconf 85' lang='lat' dir='ltr'>promissionis,</span> <span class='ocrx_word' id='word_1_342' title='bbox 846 3420 936 3490; x_wconf 88' lang='lat' dir='ltr'>qnae</span> <span class='ocrx_word' id='word_1_343' title='bbox 958 3416 1033 3467; x_wconf 89' lang='lat' dir='ltr'>non</span> <span class='ocrx_word' id='word_1_344' title='bbox 1056 3409 1107 3467; x_wconf 88' lang='lat' dir='ltr'>est</span> <span class='ocrx_word' id='word_1_345' title='bbox 1128 3395 1283 3465; x_wconf 90' lang='lat' dir='ltr'>naturali</span> <span class='ocrx_word' id='word_1_346' title='bbox 1297 3396 1376 3466; x_wconf 90' lang='lat' dir='ltr'>luce</span> <span class='ocrx_word' id='word_1_347' title='bbox 1391 3408 1487 3475; x_wconf 88' lang='lat' dir='ltr'>nota,</span> <span class='ocrx_word' id='word_1_348' title='bbox 1539 3396 1602 3491; x_wconf 92' lang='lat' dir='ltr'>qui</span> <span class='ocrx_word' id='word_1_349' title='bbox 1624 3395 1836 3466; x_wconf 89' lang='lat' dir='ltr'>constitutus</span> <span class='ocrx_word' id='word_1_350' title='bbox 1853 3412 1903 3468; x_wconf 90' lang='lat' dir='ltr'>est</span> <span class='ocrx_word' id='word_1_351' title='bbox 1919 3395 2103 3467; x_wconf 88' lang='lat' dir='ltr'>mediator.</span> <span class='ocrx_word' id='word_1_352' title='bbox 2156 3394 2227 3468; x_wconf 88' lang='lat' dir='ltr'>Sed</span> <span class='ocrx_word' id='word_1_353' title='bbox 2243 3410 2417 3486; x_wconf 83' lang='lat' dir='ltr'>vagantur</span> <span class='ocrx_word' id='word_1_354' title='bbox 2432 3391 2525 3466; x_wconf 88' lang='lat' dir='ltr'>Eth-</span> 
     </span>
     <span class='ocr_line' id='line_1_28' title="bbox 504 3493 2527 3591; baseline -0.001 -25"><span class='ocrx_word' id='word_1_355' title='bbox 504 3500 573 3569; x_wconf 84' lang='lat' dir='ltr'>sed</span> <span class='ocrx_word' id='word_1_356' title='bbox 587 3516 629 3567; x_wconf 84' lang='lat' dir='ltr'>ex</span> <span class='ocrx_word' id='word_1_357' title='bbox 650 3521 776 3590; x_wconf 87' lang='lat' dir='ltr'>arcano</span> <span class='ocrx_word' id='word_1_358' title='bbox 800 3499 949 3570; x_wconf 90' lang='lat' dir='ltr'>consilio</span> <span class='ocrx_word' id='word_1_359' title='bbox 973 3499 1171 3570; x_wconf 89' lang='lat' dir='ltr'>divinitatis</span> <span class='ocrx_word' id='word_1_360' title='bbox 1197 3520 1261 3588; x_wconf 86' lang='lat' dir='ltr'>per</span> <span class='ocrx_word' id='word_1_361' title='bbox 1274 3496 1387 3567; x_wconf 86' lang='lat' dir='ltr'>filium</span> <span class='ocrx_word' id='word_1_362' title='bbox 1402 3520 1486 3587; x_wconf 90' lang='lat' dir='ltr'>pro·</span> <span class='ocrx_word' id='word_1_363' title='bbox 1540 3498 1612 3568; x_wconf 90' lang='lat' dir='ltr'>niei</span> <span class='ocrx_word' id='word_1_364' title='bbox 1626 3493 1794 3568; x_wconf 90' lang='lat' dir='ltr'>horribili</span> <span class='ocrx_word' id='word_1_365' title='bbox 1810 3510 1844 3568; x_wconf 89' lang='lat' dir='ltr'>et</span> <span class='ocrx_word' id='word_1_366' title='bbox 1860 3498 2078 3587; x_wconf 90' lang='lat' dir='ltr'>deploranda</span> <span class='ocrx_word' id='word_1_367' title='bbox 2094 3498 2259 3580; x_wconf 88' lang='lat' dir='ltr'>amentia,</span> <span class='ocrx_word' id='word_1_368' title='bbox 2281 3498 2527 3591; x_wconf 63' lang='lat' dir='ltr'>vqoia‘lingunt</span> 
     </span>
     <span class='ocr_line' id='line_1_29' title="bbox 504 3596 2527 3692; baseline 0 -25"><span class='ocrx_word' id='word_1_369' title='bbox 504 3599 575 3668; x_wconf 88' lang='lat' dir='ltr'>lata</span> <span class='ocrx_word' id='word_1_370' title='bbox 595 3611 676 3681; x_wconf 83' lang='lat' dir='ltr'>est,¹</span> <span class='ocrx_word' id='word_1_371' title='bbox 690 3622 758 3690; x_wconf 89' lang='lat' dir='ltr'>qua</span> <span class='ocrx_word' id='word_1_372' title='bbox 773 3597 869 3672; x_wconf 89' lang='lat' dir='ltr'>Deus</span> <span class='ocrx_word' id='word_1_373' title='bbox 893 3596 1034 3673; x_wconf 81' lang='lat' dir='ltr'>exhibet</span> <span class='ocrx_word' id='word_1_374' title='bbox 1059 3599 1301 3669; x_wconf 88' lang='lat' dir='ltr'>remissionem</span> <span class='ocrx_word' id='word_1_375' title='bbox 1324 3612 1487 3689; x_wconf 87' lang='lat' dir='ltr'>peccato·</span> <span class='ocrx_word' id='word_1_376' title='bbox 1539 3601 1599 3670; x_wconf 93' lang='lat' dir='ltr'>alii</span> <span class='ocrx_word' id='word_1_377' title='bbox 1617 3600 1716 3670; x_wconf 89' lang='lat' dir='ltr'>aliud</span> <span class='ocrx_word' id='word_1_378' title='bbox 1738 3623 1811 3669; x_wconf 91' lang='lat' dir='ltr'>esse</span> <span class='ocrx_word' id='word_1_379' title='bbox 1826 3597 1963 3682; x_wconf 89' lang='lat' dir='ltr'>Deum,</span> <span class='ocrx_word' id='word_1_380' title='bbox 1986 3599 2098 3670; x_wconf 88' lang='lat' dir='ltr'>etalii</span> <span class='ocrx_word' id='word_1_381' title='bbox 2113 3600 2232 3692; x_wconf 91' lang='lat' dir='ltr'>plures</span> <span class='ocrx_word' id='word_1_382' title='bbox 2248 3599 2527 3670; x_wconf 87' lang='lat' dir='ltr'>comminiscun-</span> 
     </span>
     <span class='ocr_line' id='line_1_30' title="bbox 505 3699 2527 3797; baseline 0 -28"><span class='ocrx_word' id='word_1_383' title='bbox 505 3722 597 3784; x_wconf 89' lang='lat' dir='ltr'>rnm,</span> <span class='ocrx_word' id='word_1_384' title='bbox 623 3699 972 3789; x_wconf 88' lang='lat' dir='ltr'>reconciliationem,</span> <span class='ocrx_word' id='word_1_385' title='bbox 988 3702 1216 3774; x_wconf 83' lang='lat' dir='ltr'>donationem</span> <span class='ocrx_word' id='word_1_386' title='bbox 1233 3699 1387 3793; x_wconf 88' lang='lat' dir='ltr'>Spiritus</span> <span class='ocrx_word' id='word_1_387' title='bbox 1404 3723 1488 3770; x_wconf 91' lang='lat' dir='ltr'>san·</span> <span class='ocrx_word' id='word_1_388' title='bbox 1539 3720 1615 3787; x_wconf 91' lang='lat' dir='ltr'>tur,</span> <span class='ocrx_word' id='word_1_389' title='bbox 1640 3716 1675 3773; x_wconf 90' lang='lat' dir='ltr'>et</span> <span class='ocrx_word' id='word_1_390' title='bbox 1689 3725 1813 3772; x_wconf 88' lang='lat' dir='ltr'>omnes</span> <span class='ocrx_word' id='word_1_391' title='bbox 1830 3701 2007 3788; x_wconf 89' lang='lat' dir='ltr'>dubitant,</span> <span class='ocrx_word' id='word_1_392' title='bbox 2022 3726 2068 3771; x_wconf 86' lang='lat' dir='ltr'>an</span> <span class='ocrx_word' id='word_1_393' title='bbox 2084 3716 2120 3772; x_wconf 92' lang='lat' dir='ltr'>et</span> <span class='ocrx_word' id='word_1_394' title='bbox 2136 3703 2318 3797; x_wconf 91' lang='lat' dir='ltr'>quomodo</span> <span class='ocrx_word' id='word_1_395' title='bbox 2336 3701 2527 3772; x_wconf 81' lang='lat' dir='ltr'>exaudian-</span> 
     </span>
     <span class='ocr_line' id='line_1_31' title="bbox 505 3799 2528 3898; baseline 0 -27"><span class='ocrx_word' id='word_1_396' title='bbox 505 3801 570 3887; x_wconf 92' lang='lat' dir='ltr'>cti,</span> <span class='ocrx_word' id='word_1_397' title='bbox 594 3799 753 3871; x_wconf 89' lang='lat' dir='ltr'>iusticiae</span> <span class='ocrx_word' id='word_1_398' title='bbox 767 3816 802 3874; x_wconf 92' lang='lat' dir='ltr'>et</span> <span class='ocrx_word' id='word_1_399' title='bbox 815 3805 906 3874; x_wconf 91' lang='lat' dir='ltr'>vitae</span> <span class='ocrx_word' id='word_1_400' title='bbox 922 3820 1083 3877; x_wconf 88' lang='lat' dir='ltr'>aeternae</span> <span class='ocrx_word' id='word_1_401' title='bbox 1097 3816 1242 3895; x_wconf 91' lang='lat' dir='ltr'>propter</span> <span class='ocrx_word' id='word_1_402' title='bbox 1255 3804 1486 3873; x_wconf 89' lang='lat' dir='ltr'>mediatorem</span> <span class='ocrx_word' id='word_1_403' title='bbox 1539 3821 1608 3878; x_wconf 92' lang='lat' dir='ltr'>tur.</span> <span class='ocrx_word' id='word_1_404' title='bbox 1640 3802 1805 3898; x_wconf 90' lang='lat' dir='ltr'>Denique</span> <span class='ocrx_word' id='word_1_405' title='bbox 1823 3805 1903 3876; x_wconf 89' lang='lat' dir='ltr'>tetri</span> <span class='ocrx_word' id='word_1_406' title='bbox 1920 3821 2004 3876; x_wconf 91' lang='lat' dir='ltr'>sunt</span> <span class='ocrx_word' id='word_1_407' title='bbox 2019 3805 2159 3874; x_wconf 82' lang='lat' dir='ltr'>furores</span> <span class='ocrx_word' id='word_1_408' title='bbox 2174 3804 2336 3875; x_wconf 92' lang='lat' dir='ltr'>omnium</span> <span class='ocrx_word' id='word_1_409' title='bbox 2353 3818 2450 3874; x_wconf 82' lang='lat' dir='ltr'>extra</span> <span class='ocrx_word' id='word_1_410' title='bbox 2466 3827 2528 3870; x_wconf 90' lang='lat' dir='ltr'>ve-</span> 
     </span>
     <span class='ocr_line' id='line_1_32' title="bbox 503 3903 2524 4000; baseline 0 -27"><span class='ocrx_word' id='word_1_411' title='bbox 503 3918 537 3973; x_wconf 96' lang='lat' dir='ltr'>et</span> <span class='ocrx_word' id='word_1_412' title='bbox 553 3926 619 3994; x_wconf 92' lang='lat' dir='ltr'>per</span> <span class='ocrx_word' id='word_1_413' title='bbox 634 3926 713 3973; x_wconf 88' lang='lat' dir='ltr'>eum</span> <span class='ocrx_word' id='word_1_414' title='bbox 727 3906 843 3994; x_wconf 92' lang='lat' dir='ltr'>gratis,</span> <span class='ocrx_word' id='word_1_415' title='bbox 857 3908 925 3976; x_wconf 85' lang='lat' dir='ltr'>fide</span> <span class='ocrx_word' id='word_1_416' title='bbox 940 3908 1193 3998; x_wconf 87' lang='lat' dir='ltr'>accipientibus</span> <span class='ocrx_word' id='word_1_417' title='bbox 1205 3906 1486 3996; x_wconf 87' lang='lat' dir='ltr'>promissionem.</span> <span class='ocrx_word' id='word_1_418' title='bbox 1538 3933 1615 3977; x_wconf 90' lang='lat' dir='ltr'>ram</span> <span class='ocrx_word' id='word_1_419' title='bbox 1631 3905 1700 3976; x_wconf 90' lang='lat' dir='ltr'>Dei</span> <span class='ocrx_word' id='word_1_420' title='bbox 1716 3903 1930 3985; x_wconf 84' lang='lat' dir='ltr'>Ecclesiam,</span> <span class='ocrx_word' id='word_1_421' title='bbox 1957 3929 2111 4000; x_wconf 89' lang='lat' dir='ltr'>quorum</span> <span class='ocrx_word' id='word_1_422' title='bbox 2128 3906 2367 3977; x_wconf 87' lang='lat' dir='ltr'>consideratio</span> <span class='ocrx_word' id='word_1_423' title='bbox 2383 3918 2524 3975; x_wconf 92' lang='lat' dir='ltr'>moveat</span> 
     </span>
     <span class='ocr_line' id='line_1_33' title="bbox 503 4002 2527 4102; baseline 0 -28"><span class='ocrx_word' id='word_1_424' title='bbox 503 4002 600 4075; x_wconf 91' lang='lat' dir='ltr'>Haec</span> <span class='ocrx_word' id='word_1_425' title='bbox 619 4005 757 4075; x_wconf 90' lang='lat' dir='ltr'>diversa</span> <span class='ocrx_word' id='word_1_426' title='bbox 781 4030 908 4096; x_wconf 89' lang='lat' dir='ltr'>genera</span> <span class='ocrx_word' id='word_1_427' title='bbox 930 4011 1111 4080; x_wconf 91' lang='lat' dir='ltr'>doctrinae</span> <span class='ocrx_word' id='word_1_428' title='bbox 1133 4009 1249 4098; x_wconf 90' lang='lat' dir='ltr'>palam</span> <span class='ocrx_word' id='word_1_429' title='bbox 1274 4008 1487 4076; x_wconf 90' lang='lat' dir='ltr'>discernun··</span> <span class='ocrx_word' id='word_1_430' title='bbox 1541 4011 1616 4101; x_wconf 90' lang='lat' dir='ltr'>pias</span> <span class='ocrx_word' id='word_1_431' title='bbox 1639 4023 1792 4094; x_wconf 89' lang='lat' dir='ltr'>mentes,</span> <span class='ocrx_word' id='word_1_432' title='bbox 1823 4023 1863 4080; x_wconf 91' lang='lat' dir='ltr'>ut</span> <span class='ocrx_word' id='word_1_433' title='bbox 1886 4008 1962 4078; x_wconf 89' lang='lat' dir='ltr'>Deo</span> <span class='ocrx_word' id='word_1_434' title='bbox 1985 4009 2115 4096; x_wconf 87' lang='lat' dir='ltr'>gratias</span> <span class='ocrx_word' id='word_1_435' title='bbox 2145 4022 2270 4098; x_wconf 89' lang='lat' dir='ltr'>agant,</span> <span class='ocrx_word' id='word_1_436' title='bbox 2301 4009 2463 4102; x_wconf 91' lang='lat' dir='ltr'>quod.se</span> <span class='ocrx_word' id='word_1_437' title='bbox 2488 4008 2527 4074; x_wconf 94' lang='lat' dir='ltr'>in</span> 
     </span>
     <span class='ocr_line' id='line_1_34' title="bbox 503 4105 2527 4201; baseline -0.001 -24"><span class='ocrx_word' id='word_1_438' title='bbox 503 4120 575 4192; x_wconf 90' lang='lat' dir='ltr'>tur,</span> <span class='ocrx_word' id='word_1_439' title='bbox 602 4108 641 4175; x_wconf 93' lang='lat' dir='ltr'>in</span> <span class='ocrx_word' id='word_1_440' title='bbox 661 4111 693 4179; x_wconf 93' lang='grc'><strong>1.</strong></span> <span class='ocrx_word' id='word_1_441' title='bbox 710 4134 786 4200; x_wconf 90' lang='lat' dir='ltr'>cap.</span> <span class='ocrx_word' id='word_1_442' title='bbox 806 4105 944 4183; x_wconf 81' lang='lat' dir='ltr'>lohan:</span> <span class='ocrx_word' id='word_1_443' title='bbox 978 4111 1050 4182; x_wconf 89' lang='lat' dir='ltr'>Lex</span> <span class='ocrx_word' id='word_1_444' title='bbox 1074 4134 1136 4201; x_wconf 91' lang='lat' dir='ltr'>per</span> <span class='ocrx_word' id='word_1_445' title='bbox 1152 4107 1294 4179; x_wconf 85' lang='lat' dir='ltr'>Moisen</span> <span class='ocrx_word' id='word_1_446' title='bbox 1321 4112 1400 4180; x_wconf 90' lang='lat' dir='ltr'>data</span> <span class='ocrx_word' id='word_1_447' title='bbox 1421 4123 1487 4198; x_wconf 89' lang='lat' dir='ltr'>est,</span> <span class='ocrx_word' id='word_1_448' title='bbox 1540 4109 1695 4181; x_wconf 82' lang='lat' dir='ltr'>Ecclesia</span> <span class='ocrx_word' id='word_1_449' title='bbox 1729 4134 1790 4180; x_wconf 86' lang='lat' dir='ltr'>sua</span> <span class='ocrx_word' id='word_1_450' title='bbox 1824 4108 1987 4200; x_wconf 84' lang='lat' dir='ltr'>patefecit</span> <span class='ocrx_word' id='word_1_451' title='bbox 1994 4150 2008 4191; x_wconf 86' lang='lat'>‚·</span> <span class='ocrx_word' id='word_1_452' title='bbox 2050 4122 2084 4179; x_wconf 88' lang='lat' dir='ltr'>et</span> <span class='ocrx_word' id='word_1_453' title='bbox 2119 4132 2200 4179; x_wconf 89' lang='lat' dir='ltr'>eum</span> <span class='ocrx_word' id='word_1_454' title='bbox 2236 4124 2328 4180; x_wconf 88' lang='lat' dir='ltr'>recte</span> <span class='ocrx_word' id='word_1_455' title='bbox 2362 4112 2527 4178; x_wconf 91' lang='lat' dir='ltr'>invocare</span> 
     </span>
     <span class='ocr_line' id='line_1_35' title="bbox 501 4206 2524 4302; baseline -0 -24"><span class='ocrx_word' id='word_1_456' title='bbox 501 4210 609 4298; x_wconf 87' lang='lat' dir='ltr'>gratia</span> <span class='ocrx_word' id='word_1_457' title='bbox 626 4223 659 4280; x_wconf 92' lang='lat' dir='ltr'>et</span> <span class='ocrx_word' id='word_1_458' title='bbox 675 4212 805 4282; x_wconf 89' lang='lat' dir='ltr'>veritas</span> <span class='ocrx_word' id='word_1_459' title='bbox 820 4235 884 4302; x_wconf 87' lang='lat' dir='ltr'>per</span> <span class='ocrx_word' id='word_1_460' title='bbox 901 4211 1015 4297; x_wconf 85' lang='lat' dir='ltr'>lesum</span> <span class='ocrx_word' id='word_1_461' title='bbox 1032 4209 1216 4283; x_wconf 85' lang='lat' dir='ltr'>Christum</span> <span class='ocrx_word' id='word_1_462' title='bbox 1232 4212 1322 4282; x_wconf 84' lang='lat' dir='ltr'>facta</span> <span class='ocrx_word' id='word_1_463' title='bbox 1339 4225 1402 4282; x_wconf 89' lang='lat' dir='ltr'>est.</span> <span class='ocrx_word' id='word_1_464' title='bbox 1436 4206 1485 4280; x_wconf 90' lang='lat' dir='ltr'>Et</span> <span class='ocrx_word' id='word_1_465' title='bbox 1538 4214 1696 4296; x_wconf 90' lang='lat' dir='ltr'>discant,</span> <span class='ocrx_word' id='word_1_466' title='bbox 1731 4212 1827 4280; x_wconf 81' lang='lat' dir='ltr'>iuxta</span> <span class='ocrx_word' id='word_1_467' title='bbox 1859 4209 2012 4279; x_wconf 86' lang='lat' dir='ltr'>dictum:</span> <span class='ocrx_word' id='word_1_468' title='bbox 2050 4209 2249 4281; x_wconf 90' lang='lat' dir='ltr'>Dominum</span> <span class='ocrx_word' id='word_1_469' title='bbox 2271 4209 2386 4282; x_wconf 89' lang='lat' dir='ltr'>Deum</span> <span class='ocrx_word' id='word_1_470' title='bbox 2423 4223 2524 4279; x_wconf 93' lang='lat' dir='ltr'>tuum</span> 
     </span>
     <span class='ocr_line' id='line_1_36' title="bbox 501 4309 2062 4404; baseline -0.002 -22"><span class='ocrx_word' id='word_1_471' title='bbox 501 4309 608 4383; x_wconf 80' lang='lat' dir='ltr'>Rom.</span> <span class='ocrx_word' id='word_1_472' title='bbox 626 4312 678 4382; x_wconf 69' lang='lat' dir='ltr'>S:</span> <span class='ocrx_word' id='word_1_473' title='bbox 704 4310 809 4384; x_wconf 91' lang='lat' dir='ltr'>Nunc</span> <span class='ocrx_word' id='word_1_474' title='bbox 823 4313 899 4382; x_wconf 90' lang='lat' dir='ltr'>sine</span> <span class='ocrx_word' id='word_1_475' title='bbox 919 4314 997 4404; x_wconf 89' lang='lat' dir='ltr'>lege</span> <span class='ocrx_word' id='word_1_476' title='bbox 1019 4315 1155 4385; x_wconf 87' lang='lat' dir='ltr'>iusticia</span> <span class='ocrx_word' id='word_1_477' title='bbox 1174 4314 1240 4384; x_wconf 90' lang='lat' dir='ltr'>Dei</span> <span class='ocrx_word' id='word_1_478' title='bbox 1265 4314 1485 4383; x_wconf 81' lang='lat' dir='ltr'>manifestata</span> <span class='ocrx_word' id='word_1_479' title='bbox 1539 4314 1722 4397; x_wconf 85' lang='lat' dir='ltr'>adorabis,</span> <span class='ocrx_word' id='word_1_480' title='bbox 1746 4327 1779 4382; x_wconf 92' lang='lat' dir='ltr'>et</span> <span class='ocrx_word' id='word_1_481' title='bbox 1795 4311 1826 4380; x_wconf 89' lang='lat' dir='ltr'>ei</span> <span class='ocrx_word' id='word_1_482' title='bbox 1841 4310 1908 4381; x_wconf 91' lang='lat' dir='ltr'>soli</span> <span class='ocrx_word' id='word_1_483' title='bbox 1921 4311 2062 4381; x_wconf 85' lang='lat' dir='ltr'>servies.</span> 
     </span>
     <span class='ocr_line' id='line_1_37' title="bbox 500 4411 2524 4506; baseline 0 -28"><span class='ocrx_word' id='word_1_484' title='bbox 500 4426 569 4493; x_wconf 87' lang='lat' dir='ltr'>est,</span> <span class='ocrx_word' id='word_1_485' title='bbox 595 4415 775 4486; x_wconf 82' lang='lat' dir='ltr'>testificata</span> <span class='ocrx_word' id='word_1_486' title='bbox 800 4417 839 4485; x_wconf 90' lang='lat' dir='ltr'>in</span> <span class='ocrx_word' id='word_1_487' title='bbox 863 4416 938 4504; x_wconf 89' lang='lat' dir='ltr'>lege</span> <span class='ocrx_word' id='word_1_488' title='bbox 961 4430 993 4486; x_wconf 92' lang='lat' dir='ltr'>et</span> <span class='ocrx_word' id='word_1_489' title='bbox 1010 4411 1220 4506; x_wconf 87' lang='lat' dir='ltr'>Prophetis,</span> <span class='ocrx_word' id='word_1_490' title='bbox 1247 4415 1384 4484; x_wconf 90' lang='lat' dir='ltr'>iusticia</span> <span class='ocrx_word' id='word_1_491' title='bbox 1402 4434 1485 4483; x_wconf 90' lang='lat' dir='ltr'>vero</span> <span class='ocrx_word' id='word_1_492' title='bbox 1644 4414 1702 4486; x_wconf 82' lang='lat' dir='ltr'>ts.</span> <span class='ocrx_word' id='word_1_493' title='bbox 1743 4411 1809 4485; x_wconf 87' lang='lat' dir='ltr'>Est</span> <span class='ocrx_word' id='word_1_494' title='bbox 1833 4414 1942 4505; x_wconf 89' lang='lat' dir='ltr'>igitur</span> <span class='ocrx_word' id='word_1_495' title='bbox 1964 4413 2003 4481; x_wconf 95' lang='lat' dir='ltr'>in</span> <span class='ocrx_word' id='word_1_496' title='bbox 2027 4412 2253 4484; x_wconf 87' lang='lat' dir='ltr'>invocatione</span> <span class='ocrx_word' id='word_1_497' title='bbox 2277 4426 2312 4484; x_wconf 92' lang='lat' dir='ltr'>et</span> <span class='ocrx_word' id='word_1_498' title='bbox 2333 4412 2524 4502; x_wconf 89' lang='lat' dir='ltr'>descriptio</span> 
     </span>
     <span class='ocr_line' id='line_1_38' title="bbox 499 4508 2527 4606; baseline 0.003 -29"><span class='ocrx_word' id='word_1_499' title='bbox 499 4508 566 4578; x_wconf 90' lang='lat' dir='ltr'>Dei</span> <span class='ocrx_word' id='word_1_500' title='bbox 584 4535 646 4601; x_wconf 92' lang='lat' dir='ltr'>per</span> <span class='ocrx_word' id='word_1_501' title='bbox 661 4515 763 4584; x_wconf 85' lang='lat' dir='ltr'>iidem</span> <span class='ocrx_word' id='word_1_502' title='bbox 778 4517 858 4591; x_wconf 89' lang='lat' dir='ltr'>lesu</span> <span class='ocrx_word' id='word_1_503' title='bbox 871 4514 1018 4588; x_wconf 90' lang='lat' dir='ltr'>Christi.</span> <span class='ocrx_word' id='word_1_504' title='bbox 1071 4512 1118 4587; x_wconf 93' lang='lat' dir='ltr'>Et</span> <span class='ocrx_word' id='word_1_505' title='bbox 1136 4514 1215 4589; x_wconf 90' lang='lat' dir='ltr'>Gal.</span> <span class='ocrx_word' id='word_1_506' title='bbox 1227 4516 1277 4585; x_wconf 75' lang='lat' dir='ltr'>S:</span> <span class='ocrx_word' id='word_1_507' title='bbox 1302 4515 1340 4587; x_wconf 91' lang='lat' dir='ltr'>Si</span> <span class='ocrx_word' id='word_1_508' title='bbox 1355 4540 1395 4586; x_wconf 85' lang='lat' dir='ltr'>ex</span> <span class='ocrx_word' id='word_1_509' title='bbox 1410 4515 1485 4605; x_wconf 85' lang='lat' dir='ltr'>lege</span> <span class='ocrx_word' id='word_1_510' title='bbox 1511 4568 1514 4592; x_wconf 89' lang='grc'>,</span> <span class='ocrx_word' id='word_1_511' title='bbox 1539 4516 1606 4588; x_wconf 90' lang='lat' dir='ltr'>Dei</span> <span class='ocrx_word' id='word_1_512' title='bbox 1632 4518 1837 4606; x_wconf 85' lang='lat' dir='ltr'>cogitanda,</span> <span class='ocrx_word' id='word_1_513' title='bbox 1870 4528 1911 4586; x_wconf 88' lang='lat' dir='ltr'>ut</span> <span class='ocrx_word' id='word_1_514' title='bbox 1933 4516 2155 4587; x_wconf 87' lang='lat' dir='ltr'>discernatur</span> <span class='ocrx_word' id='word_1_515' title='bbox 2170 4512 2271 4585; x_wconf 81' lang='lat' dir='ltr'>Deus</span> <span class='ocrx_word' id='word_1_516' title='bbox 2290 4517 2336 4585; x_wconf 89' lang='lat' dir='ltr'>ab</span> <span class='ocrx_word' id='word_1_517' title='bbox 2358 4515 2527 4584; x_wconf 88' lang='lat' dir='ltr'>omnibus</span> 
     </span>
     <span class='ocr_line' id='line_1_39' title="bbox 500 4607 2527 4711; baseline 0.002 -32"><span class='ocrx_word' id='word_1_518' title='bbox 500 4625 590 4683; x_wconf 89' lang='lat' dir='ltr'>esset</span> <span class='ocrx_word' id='word_1_519' title='bbox 606 4607 820 4706; x_wconf 89' lang='lat' dir='ltr'>haereditas,</span> <span class='ocrx_word' id='word_1_520' title='bbox 846 4645 919 4691; x_wconf 91' lang='lat' dir='ltr'>non</span> <span class='ocrx_word' id='word_1_521' title='bbox 936 4631 1025 4690; x_wconf 88' lang='lat' dir='ltr'>esset</span> <span class='ocrx_word' id='word_1_522' title='bbox 1039 4643 1079 4688; x_wconf 90' lang='lat' dir='ltr'>ex</span> <span class='ocrx_word' id='word_1_523' title='bbox 1095 4618 1329 4711; x_wconf 88' lang='lat' dir='ltr'>promissione</span> <span class='ocrx_word' id='word_1_524' title='bbox 1345 4632 1406 4691; x_wconf 90' lang='lat' dir='ltr'>etc.</span> <span class='ocrx_word' id='word_1_525' title='bbox 1538 4621 1725 4701; x_wconf 90' lang='lat' dir='ltr'>creaturis,</span> <span class='ocrx_word' id='word_1_526' title='bbox 1769 4633 1804 4691; x_wconf 93' lang='lat' dir='ltr'>et</span> <span class='ocrx_word' id='word_1_527' title='bbox 1826 4642 1847 4689; x_wconf 92' lang='lat' dir='ltr'>a</span> <span class='ocrx_word' id='word_1_528' title='bbox 1870 4618 2127 4689; x_wconf 89' lang='lat' dir='ltr'>commenticiis</span> <span class='ocrx_word' id='word_1_529' title='bbox 2156 4617 2379 4710; x_wconf 84' lang='lat' dir='ltr'>numinibus.</span> <span class='ocrx_word' id='word_1_530' title='bbox 2430 4616 2527 4687; x_wconf 90' lang='lat' dir='ltr'>Deus</span> 
     </span>
     <span class='ocr_line' id='line_1_40' title="bbox 602 4707 2525 4814; baseline 0.003 -31"><span class='ocrx_word' id='word_1_531' title='bbox 602 4711 637 4787; x_wconf 90' lang='grc'>7.</span> <span class='ocrx_word' id='word_1_532' title='bbox 665 4712 882 4794; x_wconf 87' lang='lat' dir='ltr'>Firmissime</span> <span class='ocrx_word' id='word_1_533' title='bbox 900 4724 1010 4814; x_wconf 87' lang='lat' dir='ltr'>igitur</span> <span class='ocrx_word' id='word_1_534' title='bbox 1025 4723 1178 4791; x_wconf 89' lang='lat' dir='ltr'>tenenda</span> <span class='ocrx_word' id='word_1_535' title='bbox 1195 4734 1246 4790; x_wconf 91' lang='lat' dir='ltr'>est</span> <span class='ocrx_word' id='word_1_536' title='bbox 1260 4708 1433 4791; x_wconf 81' lang='lat' dir='ltr'>sententia</span> <span class='ocrx_word' id='word_1_537' title='bbox 1451 4733 1485 4790; x_wconf 92' lang='lat' dir='ltr'>et</span> <span class='ocrx_word' id='word_1_538' title='bbox 1538 4735 1588 4792; x_wconf 87' lang='lat' dir='ltr'>est</span> <span class='ocrx_word' id='word_1_539' title='bbox 1606 4722 1755 4793; x_wconf 88' lang='lat' dir='ltr'>essentia</span> <span class='ocrx_word' id='word_1_540' title='bbox 1778 4707 1992 4814; x_wconf 69' lang='lat' dir='ltr'>spiritualis}</span> <span class='ocrx_word' id='word_1_541' title='bbox 2019 4720 2242 4813; x_wconf 87' lang='lat' dir='ltr'>intelligens,</span> <span class='ocrx_word' id='word_1_542' title='bbox 2267 4734 2430 4804; x_wconf 90' lang='lat' dir='ltr'>aeterna,</span> <span class='ocrx_word' id='word_1_543' title='bbox 2456 4719 2525 4789; x_wconf 90' lang='lat' dir='ltr'>alia</span> 
     </span>
     <span class='ocr_line' id='line_1_41' title="bbox 500 4813 2526 4911; baseline 0.006 -33"><span class='ocrx_word' id='word_1_544' title='bbox 500 4837 581 4883; x_wconf 90' lang='lat' dir='ltr'>vere</span> <span class='ocrx_word' id='word_1_545' title='bbox 597 4814 715 4906; x_wconf 88' lang='lat' dir='ltr'>colligi</span> <span class='ocrx_word' id='word_1_546' title='bbox 734 4813 925 4901; x_wconf 75' lang='lat' dir='ltr'>Ecclesiam</span> <span class='ocrx_word' id='word_1_547' title='bbox 942 4823 1009 4895; x_wconf 89' lang='lat' dir='ltr'>Dei</span> <span class='ocrx_word' id='word_1_548' title='bbox 1034 4836 1232 4908; x_wconf 90' lang='lat' dir='ltr'>aeternam,</span> <span class='ocrx_word' id='word_1_549' title='bbox 1257 4847 1343 4893; x_wconf 91' lang='lat' dir='ltr'>voce</span> <span class='ocrx_word' id='word_1_550' title='bbox 1360 4820 1484 4894; x_wconf 89' lang='lat' dir='ltr'>Evan·</span> <span class='ocrx_word' id='word_1_551' title='bbox 1538 4824 1752 4895; x_wconf 87' lang='lat' dir='ltr'>acreaturis</span> <span class='ocrx_word' id='word_1_552' title='bbox 1775 4824 1959 4910; x_wconf 90' lang='lat' dir='ltr'>omnibus,</span> <span class='ocrx_word' id='word_1_553' title='bbox 1986 4847 2109 4908; x_wconf 89' lang='lat' dir='ltr'>verax,</span> <span class='ocrx_word' id='word_1_554' title='bbox 2143 4825 2257 4911; x_wconf 89' lang='lat' dir='ltr'>boua,</span> <span class='ocrx_word' id='word_1_555' title='bbox 2280 4824 2391 4909; x_wconf 89' lang='lat' dir='ltr'>iusta,</span> <span class='ocrx_word' id='word_1_556' title='bbox 2420 4836 2526 4901; x_wconf 88' lang='lat' dir='ltr'>casta,</span> 
     </span>
     <span class='ocr_line' id='line_1_42' title="bbox 498 4912 2527 5017; baseline 0.004 -33"><span class='ocrx_word' id='word_1_557' title='bbox 498 4912 583 5000; x_wconf 83' lang='lat' dir='ltr'>gelli</span> <span class='ocrx_word' id='word_1_558' title='bbox 599 4930 633 4985; x_wconf 92' lang='lat' dir='ltr'>et</span> <span class='ocrx_word' id='word_1_559' title='bbox 650 4918 830 5007; x_wconf 85' lang='lat' dir='ltr'>agnitione</span> <span class='ocrx_word' id='word_1_560' title='bbox 850 4927 1075 5008; x_wconf 88' lang='lat' dir='ltr'>mediatoris,</span> <span class='ocrx_word' id='word_1_561' title='bbox 1101 4938 1135 4997; x_wconf 91' lang='lat' dir='ltr'>ct</span> <span class='ocrx_word' id='word_1_562' title='bbox 1159 4947 1343 5017; x_wconf 83' lang='lat' dir='ltr'>nunquam</span> <span class='ocrx_word' id='word_1_563' title='bbox 1361 4921 1486 4995; x_wconf 91' lang='lat' dir='ltr'>Eccle-</span> <span class='ocrx_word' id='word_1_564' title='bbox 1539 4922 1755 5012; x_wconf 90' lang='lat' dir='ltr'>misericors,</span> <span class='ocrx_word' id='word_1_565' title='bbox 1796 4927 1973 5007; x_wconf 84' lang='lat' dir='ltr'>benefica,</span> <span class='ocrx_word' id='word_1_566' title='bbox 2011 4926 2213 5011; x_wconf 89' lang='lat' dir='ltr'>liberrima,</span> <span class='ocrx_word' id='word_1_567' title='bbox 2244 4925 2439 4995; x_wconf 89' lang='lat' dir='ltr'>immensae</span> <span class='ocrx_word' id='word_1_568' title='bbox 2469 4948 2527 4993; x_wconf 88' lang='lat' dir='ltr'>sa-</span> 
     </span>
     <span class='ocr_line' id='line_1_43' title="bbox 499 5011 2526 5132; baseline 0.007 -51"><span class='ocrx_word' id='word_1_569' title='bbox 499 5013 588 5132; x_wconf 75' lang='lat' dir='ltr'>siam</span> <span class='ocrx_word' id='word_1_570' title='bbox 604 5011 812 5109; x_wconf 86' lang='lat' dir='ltr'>Deifnisse,</span> <span class='ocrx_word' id='word_1_571' title='bbox 838 5049 901 5097; x_wconf 92' lang='lat' dir='ltr'>nec</span> <span class='ocrx_word' id='word_1_572' title='bbox 919 5052 1010 5114; x_wconf 86' lang='lat' dir='ltr'>esse,</span> <span class='ocrx_word' id='word_1_573' title='bbox 1040 5052 1106 5098; x_wconf 88' lang='lat' dir='ltr'>nec</span> <span class='ocrx_word' id='word_1_574' title='bbox 1122 5029 1278 5098; x_wconf 79' lang='lat' dir='ltr'>suturam</span> <span class='ocrx_word' id='word_1_575' title='bbox 1298 5050 1390 5107; x_wconf 85' lang='lat' dir='ltr'>esse,</span> <span class='ocrx_word' id='word_1_576' title='bbox 1417 5022 1484 5097; x_wconf 93' lang='lat' dir='ltr'>ho-</span> <span class='ocrx_word' id='word_1_577' title='bbox 1536 5026 1690 5119; x_wconf 89' lang='lat' dir='ltr'>pientiae</span> <span class='ocrx_word' id='word_1_578' title='bbox 1724 5041 1759 5098; x_wconf 88' lang='lat' dir='ltr'>et</span> <span class='ocrx_word' id='word_1_579' title='bbox 1793 5029 1987 5115; x_wconf 85' lang='lat' dir='ltr'>potentiae,</span> <span class='ocrx_word' id='word_1_580' title='bbox 2031 5026 2185 5100; x_wconf 90' lang='lat' dir='ltr'>irascens</span> <span class='ocrx_word' id='word_1_581' title='bbox 2217 5027 2384 5118; x_wconf 90' lang='lat' dir='ltr'>peccatis,</span> <span class='ocrx_word' id='word_1_582' title='bbox 2424 5040 2526 5119; x_wconf 89' lang='lat' dir='ltr'>pater</span> 
     </span>
     <span class='ocr_line' id='line_1_44' title="bbox 479 5116 2525 5222; baseline 0.006 -36"><span class='ocrx_word' id='word_1_583' title='bbox 479 5138 612 5186; x_wconf 67' lang='lat' dir='ltr'>‚mines</span> <span class='ocrx_word' id='word_1_584' title='bbox 628 5116 838 5206; x_wconf 76' lang='lat' dir='ltr'>ignorantes</span> <span class='ocrx_word' id='word_1_585' title='bbox 849 5152 968 5200; x_wconf 91' lang='lat' dir='ltr'>vocem</span> <span class='ocrx_word' id='word_1_586' title='bbox 985 5127 1171 5222; x_wconf 80' lang='lat' dir='ltr'>Evangelii</span> <span class='ocrx_word' id='word_1_587' title='bbox 1190 5141 1222 5198; x_wconf 92' lang='lat' dir='ltr'>et</span> <span class='ocrx_word' id='word_1_588' title='bbox 1240 5130 1484 5203; x_wconf 87' lang='lat' dir='ltr'>mediatorem.</span> <span class='ocrx_word' id='word_1_589' title='bbox 1537 5144 1720 5215; x_wconf 89' lang='lat' dir='ltr'>aeternus,</span> <span class='ocrx_word' id='word_1_590' title='bbox 1753 5128 1815 5221; x_wconf 93' lang='lat' dir='ltr'>qni</span> <span class='ocrx_word' id='word_1_591' title='bbox 1839 5127 1951 5197; x_wconf 85' lang='lat' dir='ltr'>filium</span> <span class='ocrx_word' id='word_1_592' title='bbox 1975 5128 2165 5217; x_wconf 88' lang='lat' dir='ltr'>imaginem</span> <span class='ocrx_word' id='word_1_593' title='bbox 2190 5130 2357 5199; x_wconf 89' lang='lat' dir='ltr'>suamab</span> <span class='ocrx_word' id='word_1_594' title='bbox 2380 5144 2525 5202; x_wconf 90' lang='lat' dir='ltr'>aeterno</span> 
     </span>
     <span class='ocr_line' id='line_1_45' title="bbox 496 5215 2526 5323; baseline 0.007 -37"><span class='ocrx_word' id='word_1_595' title='bbox 496 5215 567 5287; x_wconf 88' lang='lat' dir='ltr'>Sed</span> <span class='ocrx_word' id='word_1_596' title='bbox 590 5222 742 5291; x_wconf 87' lang='lat' dir='ltr'>tenenda</span> <span class='ocrx_word' id='word_1_597' title='bbox 769 5239 821 5296; x_wconf 88' lang='lat' dir='ltr'>est</span> <span class='ocrx_word' id='word_1_598' title='bbox 841 5226 1043 5302; x_wconf 80' lang='lat' dir='ltr'>vortPaoli:</span> <span class='ocrx_word' id='word_1_599' title='bbox 1069 5231 1358 5304; x_wconf 84' lang='lat' dir='ltr'>Fundamentum</span> <span class='ocrx_word' id='word_1_600' title='bbox 1384 5231 1481 5301; x_wconf 85' lang='lat' dir='ltr'>aliud</span> <span class='ocrx_word' id='word_1_601' title='bbox 1535 5230 1678 5320; x_wconf 88' lang='lat' dir='ltr'>genuit,</span> <span class='ocrx_word' id='word_1_602' title='bbox 1704 5242 1738 5300; x_wconf 91' lang='lat' dir='ltr'>et</span> <span class='ocrx_word' id='word_1_603' title='bbox 1754 5228 1850 5299; x_wconf 89' lang='lat' dir='ltr'>filius</span> <span class='ocrx_word' id='word_1_604' title='bbox 1866 5228 1981 5318; x_wconf 85' lang='lat' dir='ltr'>imago</span> <span class='ocrx_word' id='word_1_605' title='bbox 1999 5229 2109 5320; x_wconf 91' lang='lat' dir='ltr'>patris</span> <span class='ocrx_word' id='word_1_606' title='bbox 2132 5244 2335 5318; x_wconf 84' lang='lat' dir='ltr'>coaeterna,</span> <span class='ocrx_word' id='word_1_607' title='bbox 2361 5245 2395 5303; x_wconf 89' lang='lat' dir='ltr'>et</span> <span class='ocrx_word' id='word_1_608' title='bbox 2409 5228 2526 5323; x_wconf 93' lang='lat' dir='ltr'>Spiri-</span> 
     </span>
     <span class='ocr_line' id='line_1_46' title="bbox 495 5331 2574 5430; baseline 0.006 -42"><span class='ocrx_word' id='word_1_609' title='bbox 495 5342 603 5390; x_wconf 93' lang='lat' dir='ltr'>nemo</span> <span class='ocrx_word' id='word_1_610' title='bbox 626 5345 759 5413; x_wconf 90' lang='lat' dir='ltr'>ponere</span> <span class='ocrx_word' id='word_1_611' title='bbox 782 5341 915 5420; x_wconf 86' lang='lat' dir='ltr'>potest,</span> <span class='ocrx_word' id='word_1_612' title='bbox 948 5346 1086 5419; x_wconf 86' lang='lat' dir='ltr'>praeter</span> <span class='ocrx_word' id='word_1_613' title='bbox 1105 5336 1160 5418; x_wconf 91' lang='lat' dir='ltr'>id,</span> <span class='ocrx_word' id='word_1_614' title='bbox 1201 5334 1297 5430; x_wconf 89' lang='lat' dir='ltr'>quod</span> <span class='ocrx_word' id='word_1_615' title='bbox 1327 5334 1482 5427; x_wconf 88' lang='lat' dir='ltr'>positum</span> <span class='ocrx_word' id='word_1_616' title='bbox 1535 5346 1592 5403; x_wconf 90' lang='lat' dir='ltr'>tus</span> <span class='ocrx_word' id='word_1_617' title='bbox 1616 5344 1758 5403; x_wconf 87' lang='lat' dir='ltr'>sanctus</span> <span class='ocrx_word' id='word_1_618' title='bbox 1775 5331 1970 5422; x_wconf 86' lang='lat' dir='ltr'>procedens</span> <span class='ocrx_word' id='word_1_619' title='bbox 1991 5354 2011 5401; x_wconf 91' lang='lat' dir='ltr'>a</span> <span class='ocrx_word' id='word_1_620' title='bbox 2035 5346 2135 5424; x_wconf 91' lang='lat' dir='ltr'>patre</span> <span class='ocrx_word' id='word_1_621' title='bbox 2149 5347 2183 5404; x_wconf 92' lang='lat' dir='ltr'>et</span> <span class='ocrx_word' id='word_1_622' title='bbox 2199 5332 2293 5422; x_wconf 88' lang='lat' dir='ltr'>lilio,</span> <span class='ocrx_word' id='word_1_623' title='bbox 2319 5335 2410 5405; x_wconf 89' lang='lat' dir='ltr'>sicut</span> <span class='ocrx_word' id='word_1_624' title='bbox 2424 5345 2526 5426; x_wconf 90' lang='lat' dir='ltr'>pate·</span> <span class='ocrx_word' id='word_1_625' title='bbox 2571 5414 2574 5427; x_wconf 32' lang='grc' dir='ltr'>Ι</span> 
     </span>
     <span class='ocr_line' id='line_1_47' title="bbox 495 5423 2526 5521; baseline 0.006 -32"><span class='ocrx_word' id='word_1_626' title='bbox 495 5436 576 5509; x_wconf 85' lang='grc' dir='ltr'><strong>εει,·</strong></span> <span class='ocrx_word' id='word_1_627' title='bbox 588 5428 686 5517; x_wconf 89' lang='lat' dir='ltr'>qnod</span> <span class='ocrx_word' id='word_1_628' title='bbox 705 5443 757 5502; x_wconf 89' lang='lat' dir='ltr'>est</span> <span class='ocrx_word' id='word_1_629' title='bbox 774 5428 871 5500; x_wconf 85' lang='lat' dir='ltr'>lesus</span> <span class='ocrx_word' id='word_1_630' title='bbox 886 5423 1061 5508; x_wconf 87' lang='lat' dir='ltr'>Christos.</span> <span class='ocrx_word' id='word_1_631' title='bbox 1534 5434 1626 5506; x_wconf 84' lang='lat' dir='ltr'>lacta</span> <span class='ocrx_word' id='word_1_632' title='bbox 1642 5447 1696 5506; x_wconf 86' lang='lat' dir='ltr'>est</span> <span class='ocrx_word' id='word_1_633' title='bbox 1710 5433 1879 5505; x_wconf 86' lang='lat' dir='ltr'>divinitas</span> <span class='ocrx_word' id='word_1_634' title='bbox 1897 5446 1993 5505; x_wconf 86' lang='lat' dir='ltr'>certo</span> <span class='ocrx_word' id='word_1_635' title='bbox 2009 5434 2120 5521; x_wconf 85' lang='lat' dir='ltr'>verbo</span> <span class='ocrx_word' id='word_1_636' title='bbox 2136 5448 2173 5508; x_wconf 91' lang='lat' dir='ltr'>et</span> <span class='ocrx_word' id='word_1_637' title='bbox 2194 5435 2411 5513; x_wconf 85' lang='lat' dir='ltr'>testimoniis</span> <span class='ocrx_word' id='word_1_638' title='bbox 2431 5434 2526 5504; x_wconf 89' lang='lat' dir='ltr'>divi-</span> 
     </span>
     <span class='ocr_line' id='line_1_48' title="bbox 594 5524 2527 5632; baseline 0.003 -34"><span class='ocrx_word' id='word_1_639' title='bbox 594 5527 629 5600; x_wconf 86' lang='lat'>8.</span> <span class='ocrx_word' id='word_1_640' title='bbox 658 5524 780 5617; x_wconf 88' lang='lat' dir='ltr'>Quare</span> <span class='ocrx_word' id='word_1_641' title='bbox 797 5527 1047 5618; x_wconf 85' lang='lat' dir='ltr'>Thammerus,</span> <span class='ocrx_word' id='word_1_642' title='bbox 1074 5536 1136 5629; x_wconf 89' lang='lat' dir='ltr'>qui</span> <span class='ocrx_word' id='word_1_643' title='bbox 1161 5537 1405 5610; x_wconf 84' lang='lat' dir='ltr'>conisrsionem</span> <span class='ocrx_word' id='word_1_644' title='bbox 1427 5536 1483 5606; x_wconf 89' lang='lat' dir='ltr'>ia·</span> <span class='ocrx_word' id='word_1_645' title='bbox 1535 5537 1612 5622; x_wconf 92' lang='lat' dir='ltr'>nis,</span> <span class='ocrx_word' id='word_1_646' title='bbox 1637 5538 1733 5632; x_wconf 89' lang='lat' dir='ltr'>quod</span> <span class='ocrx_word' id='word_1_647' title='bbox 1751 5550 1852 5629; x_wconf 85' lang='lat' dir='ltr'>pater</span> <span class='ocrx_word' id='word_1_648' title='bbox 1866 5550 2032 5609; x_wconf 89' lang='lat' dir='ltr'>aeternus</span> <span class='ocrx_word' id='word_1_649' title='bbox 2047 5561 2127 5610; x_wconf 88' lang='lat' dir='ltr'>curn</span> <span class='ocrx_word' id='word_1_650' title='bbox 2144 5538 2219 5612; x_wconf 83' lang='lat' dir='ltr'>filio</span> <span class='ocrx_word' id='word_1_651' title='bbox 2243 5552 2278 5611; x_wconf 88' lang='lat' dir='ltr'>et</span> <span class='ocrx_word' id='word_1_652' title='bbox 2292 5536 2429 5631; x_wconf 92' lang='lat' dir='ltr'>Spiritu</span> <span class='ocrx_word' id='word_1_653' title='bbox 2444 5558 2527 5604; x_wconf 85' lang='lat' dir='ltr'>san-</span> 
     </span>
     <span class='ocr_line' id='line_1_49' title="bbox 493 5620 2524 5729; baseline 0.006 -37"><span class='ocrx_word' id='word_1_654' title='bbox 493 5620 794 5702; x_wconf 87' lang='lat' dir='ltr'>eitEthnicorum</span> <span class='ocrx_word' id='word_1_655' title='bbox 823 5648 857 5703; x_wconf 88' lang='lat' dir='ltr'>et</span> <span class='ocrx_word' id='word_1_656' title='bbox 878 5631 1077 5715; x_wconf 90' lang='lat' dir='ltr'>Ecclesiae,</span> <span class='ocrx_word' id='word_1_657' title='bbox 1115 5638 1201 5725; x_wconf 87' lang='lat' dir='ltr'>legis</span> <span class='ocrx_word' id='word_1_658' title='bbox 1229 5656 1264 5713; x_wconf 93' lang='lat' dir='ltr'>et</span> <span class='ocrx_word' id='word_1_659' title='bbox 1280 5636 1481 5729; x_wconf 86' lang='lat' dir='ltr'>Evangelii,</span> <span class='ocrx_word' id='word_1_660' title='bbox 1535 5653 1591 5709; x_wconf 88' lang='lat' dir='ltr'>cto</span> <span class='ocrx_word' id='word_1_661' title='bbox 1615 5638 1832 5724; x_wconf 89' lang='lat' dir='ltr'>condiderit,</span> <span class='ocrx_word' id='word_1_662' title='bbox 1857 5653 1890 5710; x_wconf 92' lang='lat' dir='ltr'>et</span> <span class='ocrx_word' id='word_1_663' title='bbox 1912 5654 2096 5713; x_wconf 89' lang='lat' dir='ltr'>conservet</span> <span class='ocrx_word' id='word_1_664' title='bbox 2121 5641 2259 5713; x_wconf 90' lang='lat' dir='ltr'>coelum</span> <span class='ocrx_word' id='word_1_665' title='bbox 2282 5652 2317 5709; x_wconf 89' lang='lat' dir='ltr'>et</span> <span class='ocrx_word' id='word_1_666' title='bbox 2339 5653 2471 5709; x_wconf 88' lang='lat' dir='ltr'>terram</span> <span class='ocrx_word' id='word_1_667' title='bbox 2489 5649 2524 5706; x_wconf 88' lang='lat' dir='ltr'>et</span> 
     </span>
     <span class='ocr_line' id='line_1_50' title="bbox 493 5731 2526 5838; baseline 0.009 -45"><span class='ocrx_word' id='word_1_668' title='bbox 493 5745 573 5794; x_wconf 87' lang='lat' dir='ltr'>curn</span> <span class='ocrx_word' id='word_1_669' title='bbox 588 5731 896 5808; x_wconf 86' lang='lat' dir='ltr'>scribitEthnicos</span> <span class='ocrx_word' id='word_1_670' title='bbox 910 5732 1254 5831; x_wconf 84' lang='lat' dir='ltr'>novisseChristom‚</span> <span class='ocrx_word' id='word_1_671' title='bbox 1267 5742 1351 5838; x_wconf 85' lang='lat' dir='ltr'>quia</span> <span class='ocrx_word' id='word_1_672' title='bbox 1360 5743 1480 5834; x_wconf 85' lang='lat' dir='ltr'>legem</span> <span class='ocrx_word' id='word_1_673' title='bbox 1533 5764 1657 5814; x_wconf 88' lang='lat' dir='ltr'>omnes</span> <span class='ocrx_word' id='word_1_674' title='bbox 1682 5757 1879 5823; x_wconf 84' lang='lat' dir='ltr'>creaturas,</span> <span class='ocrx_word' id='word_1_675' title='bbox 1906 5755 1942 5814; x_wconf 89' lang='lat' dir='ltr'>et</span> <span class='ocrx_word' id='word_1_676' title='bbox 1966 5743 2058 5814; x_wconf 87' lang='lat' dir='ltr'>adsit</span> <span class='ocrx_word' id='word_1_677' title='bbox 2082 5742 2250 5812; x_wconf 90' lang='lat' dir='ltr'>omnibus</span> <span class='ocrx_word' id='word_1_678' title='bbox 2264 5739 2436 5810; x_wconf 88' lang='lat' dir='ltr'>creaturis</span> <span class='ocrx_word' id='word_1_679' title='bbox 2452 5763 2526 5834; x_wconf 92' lang='lat' dir='ltr'>qno</span> 
     </span>
     <span class='ocr_line' id='line_1_51' title="bbox 491 5837 2527 5939; baseline 0.001 -25"><span class='ocrx_word' id='word_1_680' title='bbox 491 5843 660 5914; x_wconf 64' lang='lat' dir='ltr'>¹²⁰ffl¹¹lr</span> <span class='ocrx_word' id='word_1_681' title='bbox 673 5841 891 5913; x_wconf 74' lang='lat' dir='ltr'>cremandos</span> <span class='ocrx_word' id='word_1_682' title='bbox 906 5852 967 5912; x_wconf 86' lang='lat' dir='ltr'>est.</span> <span class='ocrx_word' id='word_1_683' title='bbox 1288 5898 1291 5903; x_wconf 27' lang='grc' dir='ltr'><strong>ι</strong></span> <span class='ocrx_word' id='word_1_684' title='bbox 1533 5843 1578 5914; x_wconf 91' lang='lat' dir='ltr'>ad</span> <span class='ocrx_word' id='word_1_685' title='bbox 1595 5844 1926 5939; x_wconf 84' lang='lat' dir='ltr'>conservationem,</span> <span class='ocrx_word' id='word_1_686' title='bbox 1951 5859 1987 5918; x_wconf 85' lang='lat' dir='ltr'>et</span> <span class='ocrx_word' id='word_1_687' title='bbox 2001 5842 2145 5936; x_wconf 82' lang='lat' dir='ltr'>colligat</span> <span class='ocrx_word' id='word_1_688' title='bbox 2161 5841 2231 5915; x_wconf 87' lang='lat' dir='ltr'>sibi</span> <span class='ocrx_word' id='word_1_689' title='bbox 2251 5839 2290 5911; x_wconf 91' lang='lat' dir='ltr'>in</span> <span class='ocrx_word' id='word_1_690' title='bbox 2305 5862 2433 5935; x_wconf 87' lang='lat' dir='ltr'>genere</span> <span class='ocrx_word' id='word_1_691' title='bbox 2455 5837 2527 5916; x_wconf 88' lang='lat' dir='ltr'>hn-</span> 
     </span>
    </p>
   </div>
   <div class='ocr_carea' id='block_1_3' title="bbox 0 0 3018 6775">
    <p class='ocr_par' dir='ltr' id='par_1_3' title="bbox 0 0 3018 6775">
     <span class='ocr_line' id='line_1_52' title="bbox 0 0 3018 6775; baseline 0 4"><span class='ocrx_word' id='word_1_692' title='bbox 0 0 3018 6775; x_wconf 95' lang='lat' dir='ltr'> </span> 
     </span>
    </p>
   </div>
  </div>
 </body>
</html>
