6025 6775
508 577 580 651 on
1056 572 1085 646 1·.
1137 571 1430 653 cunonrcou
1461 567 1709 649 crotous.
1761 572 1888 656 rans
1914 580 1962 657 11.
2312 524 2314 527 ⁵
2383 594 2388 602 ·
2454 615 2529 692 922

561 744 671 819 Anno
694 707 821 815 mundi
841 753 966 838 quater
987 741 1193 828 millesimo,
1217 742 1493 839 {quadragesimo
1545 741 1713 812 daeomm
1736 749 1909 822 tumultus
1929 753 2088 845 asperior
2103 755 2316 842 Christianis
2338 776 2448 853 factus
2463 803 2526 870 est,

717 846 858 939 quium,
1544 864 1632 934 quos
1655 844 1783 934 passim
1807 848 1955 924 interfici
1979 855 2090 933 iussit.
2140 860 2238 938 Haec
2252 889 2331 961 post
2348 876 2525 958 Neronem

559 944 668 1016 Anno
685 945 821 1018 Romae
834 944 1143 1034 octingentesimo,
1169 943 1346 1017 tricesimo
1364 945 1482 1017 tertio.
1541 942 1703 1032 proxima
1724 954 1948 1042 persequutio
1971 956 2010 1024 in
2025 955 2244 1037 Christianos
2262 997 2444 1052 numerata
2460 1003 2523 1073 est,

558 1047 667 1117 Anno
684 1043 817 1118 Christi
834 1044 1065 1134 octuagesimo
1081 1045 1196 1119 tertio.
1541 1041 1580 1110 5¹¹
1609 1067 1679 1136 (1¹1⁸
1709 1059 1745 1128 01.
1768 1043 1960 1124 ῙθῘῑΜΜδ
1987 1053 2257 1155 Evangtlt'slu,
2299 1099 2377 1145 cum
2400 1078 2524 1157 Eccle·
2584 1063 2587 1074 Ι

1541 1143 1628 1211 siam
1644 1140 1860 1237 Ephesinam
1877 1157 2034 1241 doceret,
2057 1162 2230 1255 relegatus
2245 1186 2296 1243 cst
2310 1175 2349 1245 in
2367 1181 2519 1258 insulam

1540 1239 1730 1321 Pathmon.

606 1343 852 1418 Domitianus
872 1343 1035 1414 successit
1055 1343 1169 1429 fratri.
1221 1339 1355 1413 Tenuit
1376 1342 1488 1438 impe-
1640 1342 1733 1417 Cum
1759 1362 1875 1420 autem
1895 1352 2052 1432 Domitia
2073 1364 2227 1438 coniunx
2251 1377 2436 1465 reperisset
2463 1410 2520 1457 ca-

503 1452 598 1521 rium
621 1469 734 1518 annos
754 1445 975 1541 quindecim,
1001 1443 1184 1514 dissimilis
1207 1442 1300 1534 patri
1322 1456 1356 1515 et
1375 1446 1489 1532 fratri,
1538 1444 1692 1535 talogum
1724 1448 2067 1545 interficiendorum,
2105 1466 2274 1559 scriptum
2305 1475 2343 1546 in
2374 1487 2520 1574 pagella,

504 1550 673 1633 crudelis,
706 1547 919 1624 occultator,
949 1544 1132 1631 diffidens,
1164 1541 1342 1636 suspicax,
1375 1557 1410 1616 et
1430 1546 1488 1615 in·
1538 1543 1577 1612 in
1600 1568 1672 1636 quo
1694 1560 1729 1619 et
1752 1549 1862 1640 ipsius
1882 1567 1917 1625 et
1937 1560 2130 1633 multorum
2153 1570 2347 1644 amicorum
2362 1594 2396 1650 et
2411 1584 2520 1656 liber.

502 1651 666 1733 sidiam,
689 1648 862 1717 obstem„
878 1656 912 1714 et
928 1666 1047 1737 rapax,
1535 1637 1655 1715 iorum
1678 1650 1823 1721 nomina
1839 1669 1956 1727 erant:
1982 1683 2021 1728 re
2036 1663 2227 1740 deliberata
2244 1697 2323 1744 cum
2341 1677 2431 1767 illis,
2455 1684 2519 1756 Li.

602 1747 802 1822 Domitiani
824 1760 983 1836 tempore
1004 1743 1138 1814 bellum
1161 1742 1329 1826 adversus
1350 1739 1487 1815 Roma·
1535 1744 1627 1815 berti
1643 1742 1886 1822 Domitianum
1905 1756 2164 1837 interfecerunt.
2216 1769 2285 1843 Sed
2302 1778 2405 1850 amici
2421 1787 2519 1874 prius

501 1873 568 1922 nos
583 1862 719 1920 motum
738 1840 1034 1930 estsDecsbulo,
1059 1844 1122 1936 qui
1136 1838 1283 1913 Daciam
1300 1856 1336 1913 st
1351 1845 1485 1917 vicinas
1536 1868 1617 1914 cum
1632 1840 1759 1917 Neron
1778 1870 1944 1941 egerunt,
1976 1873 2017 1931 ut
2037 1861 2223 1954 imperium
2249 1872 2312 1945 illo
2336 1877 2517 1959 interfecto

499 1952 661 2042 regiones
684 1948 799 2018 tenuit
817 1948 862 2017 ad
880 1944 1021 2018 istrum.
1072 1941 1145 2014 Nec
1166 1942 1316 2013 dubium
1334 1960 1385 2015 est
1400 1959 1484 2018 tunc
1534 1946 1723 2038 reciperet,
1747 1972 1794 2018 nc
1809 1952 1939 2026 milites
1952 1962 2163 2035 seditionem
2179 1992 2373 2054 moverent.

499 2047 668 2120 Dacium
681 2049 808 2120 dictam
823 2070 915 2131 esse,
942 2068 1031 2139 quae
1046 2067 1143 2133 nunc
1156 2057 1208 2116 est
1221 2044 1349 2136 partim
1365 2044 1483 2117 Tran·
1947 2127 1956 2143 ‚
2056 2131 2065 2147 ‚

501 2152 676 2245 sylvani&
700 2149 829 2240 partim
845 2140 1053 2217 Walacffia·
1659 2108 1733 2187 Dc
1765 2118 1988 2195 sect-esea
2020 2147 2124 2202 esus
2154 2141 2394 2231 temporis.

602 2245 904 2321 VirtueDecebali
924 2269 944 2315 a
961 2243 1079 2316 Dione
1101 2240 1158 2312 his
1174 2244 1292 2314 verbis
1309 2244 1482 2339 descripta
1634 2242 1833 2321 Domitiani
1857 2266 2014 2347 tempore
2033 2268 2235 2353 superstites
2256 2274 2401 2353 luerunt
2423 2284 2461 2353 in
2476 2312 2516 2359 ea

500 2364 567 2423 est:
598 2345 727 2428 Δεινὸς
747 2341 818 2439 μὲν
841 2346 1007 2418 συνεῖναι
1028 2340 1199 2436 πολέμιαι
1230 2340 1350 2426 δεινὸς
1364 2371 1404 2417 τε
1418 2343 1483 2420 καὶ
1532 2358 1631 2436 parte
1652 2350 1750 2419 orbis
1774 2363 1967 2443 terrarum,
1991 2383 2081 2453 qnae
2104 2366 2207 2438 nobis
2223 2390 2367 2464 propter
2381 2378 2533 2458 Roma-·

499 2443 652 2545 πράξαιι
678 2447 847 2519 ἐπελθεῖν
866 2445 1058 2536 εὕστοχοςε
1085 2437 1326 2542 ἀναχωρῆσαι
1340 2442 1482 2543 καίριος
1532 2469 1618 2516 num
1634 2447 1821 2540 imperium
1836 2469 1919 2526 nota
1933 2472 2002 2544 est,
2027 2456 2220 2538 Iohannes
2235 2475 2384 2566 scriptor
2393 2478 2516 2556 Evan.

499 2546 648 2645 ἐνέδρας
681 2543 864 2639 τεχνίτης,
903 2538 1024 2639 μάχης
1058 2537 1232 2643 ἐργᾶτης,
1268 2542 1333 2620 καὶ
1359 2552 1481 2631 καλῶς
1504 2603 1507 2646 4
1530 2547 1631 2637 gelii,
1658 2549 1720 2643 qui
1743 2566 1823 2643 post
1844 2560 2135 2633 resurrectionem
2148 2564 2281 2643 Christi
2298 2576 2386 2650 vixit
2402 2605 2515 2658 annos

495 2644 567 2743 μὲν
589 2645 674 2740 νίκη
688 2640 927 2743 χρήσασθαι,
964 2649 1087 2726 κακῶς
1109 2641 1151 2720 δὲ
1174 2644 1239 2720 καὶ
1259 2644 1376 2743 sistus
1398 2644 1480 2722 δια-
1503 2649 1507 2696 ¹
1530 2650 1750 2740 septuaginta
1766 2655 1868 2729 duos.
1917 2655 2061 2731 Dicitur
2075 2666 2189 2754 enirn,
2220 2695 2262 2742 ex
2279 2669 2344 2746 hac
2359 2680 2429 2752 vita
2452 2688 2515 2755 de-

496 2743 607 2823 δύγαι
622 2745 738 2829 emm·
1531 2749 1671 2817 cessisse
1686 2774 1782 2822 anno
1798 2768 1924 2848 quarto
1933 2755 2099 2849 Traiani,
2124 2762 2232 2841 Anno
2248 2769 2382 2848 Christi
2396 2800 2514 2858 cente-

599 2849 716 2920 Tanta
731 2837 852 2918 ‘virtus
867 2871 947 2916 cum
962 2848 1072 2920 fuerit
1085 2845 1270 2936 Decebali,
1293 2848 1479 2922 Romanos
1530 2848 1619 2917 simo
1633 2853 1802 2937 secundo,
1830 2878 1925 2925 anno
1939 2861 2061 2931 aetatis
2076 2886 2159 2936 suae
2173 2876 2385 2962 octogesimo
2402 2906 2512 2958 nono.

495 2950 652 3023 exercuit
672 2971 785 3020 annos
807 2947 945 3018 circiter
965 2949 1136 3035 sedecim,
1161 2962 1196 3019 et
1217 2950 1276 3020 vix
1298 2952 1480 3022 tandema
1630 2943 1779 3020 Simeon
1800 2954 1895 3025 tilius
1919 2954 2091 3050 cleopae,
2115 2963 2312 3063 Episcopus
2337 2974 2513 3079 lerosoly-

496 3051 655 3123 Traiano
683 3051 895 3139 imperatore
914 3049 1027 3121 victus
1049 3064 1118 3134 est,
1152 3061 1193 3120 ut
1214 3050 1307 3121 infra
1329 3051 1477 3123 dicetur.
1528 3069 1628 3133 mae,
1652 3048 1858 3125 interfectus
1879 3068 2035 3148 tempore
2050 3060 2215 3151 Traiani,
2240 3096 2321 3143 curn
2341 3080 2512 3172 attigisset

494 3146 573 3224 Etsi
594 3166 711 3223 autem
724 3146 949 3221 Domitianus
972 3152 1140 3220 adversus
1151 3155 1237 3219 'eum
1253 3151 1404 3244 suscepit
1418 3175 1478 3222 cx·
1529 3170 1664 3219 sunum
1678 3154 1908 3226 centesimum
1923 3158 2138 3235 vicesimum.

494 3254 728 3347 peditionem‚
761 3264 879 3321 tamen
910 3274 984 3320 non
1014 3251 1156 3321 accessit
1177 3251 1221 3320 ad
1245 3246 1385 3338 hostes,
1417 3254 1477 3322 sed
1629 3243 1807 3342 ignatius
1817 3250 2250 3356 EpiscopusAntiochiae,
2274 3276 2337 3367 qui
2350 3282 2512 3359 adfirmat

494 3356 634 3428 abdidit
657 3352 752 3423 sein
776 3351 885 3423 tustra
903 3344 1117 3437 libidinum,
1142 3364 1184 3430 et,
1197 3352 1329 3453 nultos
1345 3352 1479 3424 amieos
1529 3369 1565 3418 se
1577 3344 1761 3423 Christum
1778 3368 1858 3446 post
1872 3363 2163 3436 resurrectionem
2181 3370 2321 3452 vidisse.

493 3455 646 3527 interfici
666 3453 778 3525 iussit.
830 3450 989 3544 Cumque
1003 3448 1044 3526 C.
1060 3450 1193 3521 Fuscus
1214 3454 1341 3523 mistus
1354 3467 1477 3523 contra
1629 3441 2002 3551 ClemensEpiscopus
2014 3465 2269 3559 urbisRomae,
2295 3479 2394 3551 cuius
2410 3472 2511 3558 men,

493 3551 711 3628 Decebalum
732 3577 812 3624 eum
833 3551 1033 3643 legionibus
1057 3551 1251 3621 trucidatus
1274 3565 1382 3633 esset,
1415 3577 1476 3644 pe-
1528 3549 1661 3620 tionem
1684 3553 1768 3625 fecit
1789 3553 1921 3628 Paulus
1943 3562 1981 3631 in
2002 3560 2162 3654 Epistola
2185 3575 2228 3641 ad
2251 3571 2511 3672 Philippenses.

495 3656 600 3727 cunia
630 3678 750 3746 pacem
780 3653 881 3735 emit,
913 3676 953 3723 ac
981 3651 1086 3722 rediit
1111 3647 1412 3742 triumphaturus,
1442 3667 1478 3725 et
1526 3645 1575 3720 Et
1598 3645 1658 3721 hic
1680 3650 1828 3725 Traiani
1850 3671 2007 3752 tempore
2024 3660 2219 3755 Epistolam
2242 3676 2286 3744 ad
2303 3675 2507 3759 Corinthios

493 3757 623 3850 passim
638 3749 805 3844 trophaea
821 3754 987 3824 victoriae
1001 3751 1197 3824 collocavit.
1232 3751 1474 3826 Poitaectiam
1526 3751 1684 3844 scripsit,
1717 3778 1824 3848 quarn
1849 3760 1913 3830 diu
1941 3757 2099 3836 Ecclesia
2119 3765 2387 3851 Corinthiorum
2417 3811 2510 3879 qno·

494 3858 580 3951 quia
600 3854 715 3926 videri
736 3877 810 3925 non
832 3855 931 3924 rudis
953 3853 1108 3946 poeticae
1129 3853 1264 3941 voluit,
1288 3854 1376 3935 fictis
1396 3855 1475 3925 lau·
1525 3854 1644 3923 nonis
1659 3856 1813 3947 relegere
1829 3861 1932 3933 solita
1948 3878 2008 3938 est.
2119 3862 2125 3877 “
2407 3923 2411 3932 .

492 3959 598 4030 dibus
621 3970 796 4050 utranque
819 3955 1096 4047 expeditionem,
1130 3955 1286 4045 priorem
1309 3956 1475 4026 adversus
1625 3948 1737 4027 Titus
1765 3958 1805 4026 in
1831 3958 1958 4047 Creta,
1986 3966 2049 4057 qui
2078 3966 2194 4059 attigit
2223 3995 2356 4049 annum
2386 3990 2507 4058 aetatis

490 4057 627 4142 Cattos,
659 4070 695 4128 et
722 4055 952 4148 posteriorem
974 4068 1097 4126 contra
1121 4051 1254 4157 Dacos,
1286 4056 1474 4145 celebrant,
1525 4075 1608 4124 snae
1621 4058 1887 4138 nonagesimum
1902 4077 2078 4153 quartum.
2123 4065 2171 4165 Et
2187 4067 2242 4142 his
2255 4079 2413 4151 adiuncti
2429 4088 2508 4158 fue.

491 4174 531 4233 ut
544 4160 676 4237 statim
691 4157 825 4252 inquit:
1523 4167 1609 4224 runt
1628 4154 1732 4223 multi
1755 4177 1877 4225 eorum
1900 4162 2094 4247 auditores,
2127 4170 2189 4262 qui
2213 4197 2292 4245 cum
2314 4180 2365 4249 eis
2387 4182 2506 4258 incor-

498 4275 503 4287 ·
955 4260 1052 4324 urm
1064 4275 1213 4325 ementem
1524 4266 1664 4343 ruptam
1682 4251 1868 4344 Evangelii
1884 4260 2081 4333 doctrinam
2098 4269 2331 4346 retinuerunt.

641 4364 783 4443 Rhenus,
810 4374 840 4423 et
853 4363 972 4422 attoniti
984 4363 1060 4424 vidit
1073 4363 1180 4424 domus
1193 4361 1285 4422 sedus
1296 4356 1385 4429 Daoi.
1622 4342 1853 4451 polycarpus
1879 4360 2022 4432 auditur
2050 4361 2238 4458 Iohannis,
2282 4401 2405 4468 passus
2436 4390 2504 4458 suh

495 4455 599 4531 Item:
649 4463 689 4528 Et
703 4471 858 4529 coniurato
873 4461 1126 4539 detestosvertice
1139 4458 1248 4524 Dacos.
1521 4450 1646 4524 Marco
1669 4452 1855 4529 Antonino
1876 4456 2114 4557 Philosopho,
2139 4480 2173 4540 ct
2196 4469 2291 4545 Vero
2309 4476 2400 4573 lmp.
2452 4486 2501 4559 Hi

592 4558 662 4632 Sed
693 4563 737 4630 de
764 4555 989 4650 expeditione
1017 4556 1057 4625 in
1085 4553 1315 4626 Germaniam
1348 4569 1470 4628 contra
1521 4565 1556 4623 et
1576 4554 1709 4625 similet
1727 4558 1852 4640 mulli,
1877 4574 1913 4632 et
1927 4564 2105 4637 auditores
2117 4592 2197 4641 cum
2212 4575 2262 4644 eis
2276 4586 2501 4656 consentien-

833 1187 1157 1273 Domitianus.

404 4674 412 4680 ·
492 4661 612 4736 Cattos
626 4656 722 4730 Dion
744 4661 877 4753 inquit:
902 4653 1084 4726 Proiectus
1099 4656 1137 4725 in
1152 4654 1399 4744 Germaniam,
1424 4681 1470 4728 ue
1521 4667 1591 4741 tes,
1623 4656 1768 4729 inerunt
1791 4681 1873 4730 vcra
1892 4659 1960 4733 Dei
1981 4659 2148 4744 Ecclesia.
2204 4668 2254 4747 Et
2276 4671 2316 4747 hi
2340 4683 2500 4759 doctores
2628 4746 2637 4751 -

489 4762 633 4860 quidem
658 4762 850 4847 conspectis
871 4754 1030 4829 hostibus
1049 4757 1164 4829 rediit.
1214 4755 1334 4829 Cattos
1352 4770 1469 4829 autern
1520 4780 1609 4848 quos
1632 4757 1833 4845 nominavi,
1858 4774 1961 4833 testes
1978 4778 2014 4838 et
2027 4769 2222 4845 adsertores
2236 4778 2381 4856 fuerunt
2396 4810 2498 4860 verae

487 4856 811 4938 tenuisscHsssiam
825 4874 859 4930 et
875 4859 1009 4930 vicinas
1024 4858 1159 4951 aliquas
1175 4858 1345 4949 regiones,
1361 4859 1468 4931 vesti·
1519 4869 1555 4928 et
1567 4857 1790 4948 incorruptae
1805 4862 1999 4941 doctrinae.
2416 4892 2419 4897 ·

489 4965 546 5057 gia
572 4974 735 5033 veterum
756 4960 1032 5049 appellationum
1052 4958 1229 5043 indicant,
1258 4955 1413 5031 Cassells
1434 4973 1468 5031 et
1619 4958 1734 5031 Simul
1755 4976 1873 5033 autem
1895 4963 1958 5035 illo
1979 4979 2137 5061 tempore
2158 4966 2348 5060 horribiles
2370 4988 2497 5060 conlu-

489 5062 805 5150 Cattcnelnbogen.
867 5056 914 5131 Et
940 5060 1118 5131 Traianus
1148 5073 1268 5150 postea
1299 5082 1378 5130 cum
1408 5082 1468 5131 eos
1518 5059 1635 5127 sioucs
1661 5059 1817 5128 sumunt.
1880 5059 2028 5137 Elhniei
2054 5082 2089 5142 ct
2110 5069 2233 5145 ludaei
2255 5082 2371 5170 palam
2394 5106 2495 5164 erant

489 5174 743 5256 compesceret,
767 5160 805 5228 in
819 5157 1043 5233 vicinislocis
1059 5160 1246 5230 exercitum
1262 5154 1407 5246 habuit,
1433 5173 1467 5231 et
1518 5154 1634 5228 hostes
1650 5157 1715 5225 lilii
1732 5154 1811 5233 Dei.
1860 5159 1998 5235 Deinde
2019 5168 2088 5240 alia
2111 5196 2240 5264 organa
2257 5175 2494 5260 Diabolomm

487 5271 526 5340 in
550 5267 638 5338 urbe
653 5260 807 5348 Colonia,
817 5255 1010 5349 Agrippina
1026 5262 1182 5353 primum
1201 5259 1333 5350 accepit
1346 5263 1467 5330 decre-
1518 5270 1632 5328 tetros'
1654 5258 1792 5328 lurores
1823 5280 2037 5351 sparserunt.
2100 5267 2154 5344 ltu
2182 5279 2314 5354 multos
2337 5287 2495 5363 diversos

486 5384 563 5445 tum
581 5369 625 5437 de
641 5362 857 5435 successione
871 5361 911 5427 in
926 5359 1083 5450 imperio.
1517 5354 1634 5428 hostes
1648 5354 1803 5429 Ecclesia
1822 5356 1958 5433 habuit.
1997 5365 2098 5443 Sicut
2111 5396 2206 5447 nunc
2220 5402 2293 5450 non
2308 5387 2375 5455 soli
2384 5385 2494 5469 Turci

588 5463 757 5538 Exercuit
771 5475 889 5532 autem
902 5456 1126 5532 Domitianus
1142 5460 1371 5551 multiplicem
1385 5483 1467 5531 cru·
1517 5474 1550 5530 et
1563 5457 1723 5550 Papistae
1744 5476 1825 5532 sunt
1840 5456 1959 5534 hostes
1975 5490 2076 5540 verae
2091 5467 2285 5561 Ecclesiae,
2311 5487 2371 5554 sed
2387 5488 2491 5562 etiarn

488 5571 677 5643 delitatcm.
736 5559 943 5633 Trucidavit
972 5559 1100 5632 multos
1129 5559 1365 5640 Christianos,
1403 5563 1466 5631 Iu·
1517 5559 1620 5629 multi
1649 5559 1792 5629 fanatici
1821 5558 2000 5654 homines,
2037 5568 2307 5667 Anabaptistae,
2338 5581 2495 5664 δειναὶ.

491 5673 598 5742 dacos
612 5662 837 5740 etEthnicos.
887 5657 1060 5730 Fortassis
1074 5673 1189 5732 autem
1203 5675 1236 5734 et
1250 5675 1393 5755 propter
1406 5661 1465 5735 lu·
1517 5672 1609 5746 stac,
1640 5657 1957 5749 Stenclseleldiani‚
1989 5683 2053 5745 etc.
2113 5673 2263 5746 Plurimi
2286 5695 2402 5756 autem
2427 5690 2496 5761 im.

541 5774 719 5843 Merserit.
744 5769 846 5837 Orrn.
872 5765 955 5832 Vos.
969 5757 1049 5828 XII.
1937 5763 1987 5838 ω
