6025 6775
477 707 549 779 197
1133 698 1290 778 DECL.
1323 702 1399 779 DE
1435 695 1624 780 scALA
1657 695 1847 776 IACOB.
2419 727 2491 800 198

474 900 581 961 nere,
606 889 643 945 et
653 887 774 944 nostra
789 893 889 942 causa
912 871 1058 964 scriptas
1083 894 1172 943 esse:
1198 887 1232 944 et
1257 874 1455 947 firmissima
1507 872 1639 943 navim.
1694 868 1877 944 lntueatur
1900 896 2000 948 mens
2021 875 2113 951 banc
2137 887 2426 979 promissionem,
2454 912 2488 971 et

475 977 681 1047 assensione
697 997 751 1043 eas
765 973 1033 1062 amplectamur,
1055 987 1090 1044 et
1103 996 1223 1043 earum
1244 976 1455 1046 testimoniis
1504 973 1573 1042 fide
1594 994 1672 1041 eam
1696 973 1855 1061 amplexa
1881 977 1992 1048 dicat:
2026 978 2070 1050 ln
2094 994 2129 1052 te
2151 981 2305 1058 Domine
2336 1000 2486 1083 speravi,

477 1080 671 1147 resistemus
686 1071 877 1164 Epicureos
897 1074 1037 1145 furores
1059 1087 1093 1144 et
1116 1069 1291 1147 humanas
1311 1078 1454 1149 dubita·
1501 1095 1577 1143 non
1592 1072 1792 1141 confundar
1813 1075 1852 1142 in
1874 1090 2066 1151 aeternum.

480 1179 607 1248 tiones.
929 1211 935 1236 ι
1422 1186 1425 1190 “
1503 1225 1505 1229 »
1603 1169 1705 1243 Scala
1730 1196 1814 1242 vero
1838 1175 2012 1264 significat
2034 1182 2272 1258 ministerium
2285 1185 2483 1284 Evangelii,

573 1273 710 1343 Deinde
725 1270 830 1343 lacob
845 1274 932 1365 ipse,
948 1277 992 1346 ad
1009 1300 1114 1369 quem
1130 1276 1169 1347 fit
1192 1279 1326 1365 concio,
1339 1302 1449 1348 mem-
1499 1275 1540 1343 in
1563 1297 1633 1366 quo
1658 1274 1888 1345 concionator
1910 1291 1961 1347 est
1981 1279 2055 1369 ipse
2073 1280 2187 1370 Deus,
2211 1303 2245 1359 et
2266 1313 2393 1380 agmen
2411 1299 2481 1367 mi·

481 1374 580 1443 hrum
595 1389 645 1445 est
657 1370 846 1457 Ecclesiae,
872 1388 906 1444 et
921 1378 1071 1448 sustinet
1084 1378 1236 1450 aliorum
1252 1404 1450 1471 personam.
1499 1375 1693 1445 nistrorum
1710 1374 1784 1442 eius
1801 1399 1923 1444 vocem
1939 1381 2070 1467 perfert
2087 1385 2130 1453 ad
2148 1390 2332 1477 populum.
2372 1392 2478 1467 Prius

474 1468 672 1562 Singularis
694 1486 813 1545 autem
832 1477 1000 1547 beneficia
1023 1492 1144 1559 erant,
1170 1485 1266 1573 quod
1289 1478 1348 1551 hic
1365 1505 1450 1571 pro·
1497 1477 1606 1566 igitur
1633 1475 1828 1544 ascendunt
1850 1478 1984 1565 angeli,
2010 1480 2110 1568 prius
2125 1487 2305 1578 accipiunt
2321 1494 2478 1566 ministri

471 1575 644 1659 mittitur,
666 1574 823 1645 futuram
846 1598 917 1645 esse
930 1574 1123 1647 Ecclesiam
1146 1580 1185 1648 iu
1198 1582 1333 1652 familia
1346 1593 1449 1666 certa,
1496 1574 1717 1653 doctrinam,
1743 1574 1919 1668 Spiritum
1939 1591 2119 1664 sanctum,
2145 1598 2180 1655 ct
2195 1588 2431 1661 ministerium
2454 1620 2475 1667 a

470 1681 506 1738 et
519 1689 648 1744 certam
666 1677 784 1743 sedem
794 1675 880 1749 fore.
907 1673 1035 1767 lugens
1050 1680 1197 1749 omnino
1214 1683 1348 1751 bonum
1365 1695 1449 1765 eret,
1496 1675 1592 1747 Deo:
1608 1675 1707 1766 prius
1723 1676 1935 1746 erudiuntur
1948 1677 2017 1767 ipsi
2035 1679 2217 1758 divinitus.
2267 1687 2394 1761 Postea
2410 1695 2474 1764 de·

471 1775 560 1843 scire
582 1776 621 1844 in
644 1777 726 1844 sede
747 1790 840 1845 certa
863 1778 926 1845 diu
943 1801 1144 1850 mansuram
1158 1804 1230 1852 esse
1244 1779 1448 1865 Ecclesiam,
1495 1777 1687 1859 scendunt,
1722 1791 1891 1867 spargunt
1912 1800 2041 1847 vocem
2058 1780 2256 1864 doctrinae,
2288 1802 2323 1859 et
2354 1792 2473 1864 radios

473 1877 670 1959 elmataeis,
689 1890 729 1947 ut
751 1875 863 1961 scitis,
888 1878 927 1945 in
950 1878 1083 1950 familia
1108 1879 1232 1968 Iacob,
1265 1897 1298 1954 et
1325 1884 1365 1952 in
1385 1882 1447 1951 illa
1495 1875 1584 1944 lucio
1612 1875 1755 1944 divinae
1787 1877 1825 1943 in
1853 1897 1980 1964 genere
2010 1874 2187 1967 humano,
2213 1898 2247 1955 et
2271 1889 2472 1963 testimonie

472 1996 534 2044 ora
550 1977 824 2055 vicinas2'donec
840 1990 942 2047 natus
964 1991 1016 2049 est
1032 1979 1190 2052 Messias.
1495 1976 1687 2049 ostendunt
1716 1975 1756 2042 in
1788 1977 2025 2069 confessione,
2066 1979 2159 2051 inter
2198 2005 2383 2059 aerumnas
2413 1992 2471 2061 in-

573 2075 646 2146 Sed
660 2077 699 2143 in
714 2070 778 2146 hac
790 2076 865 2168 ipsa
881 2079 1022 2168 regione
1039 2082 1152 2152 tribus
1161 2078 1352 2173 Ephraim,
1375 2095 1446 2154 sta·
1496 2090 1629 2167 gentes.
2408 2103 2410 2106 ·

471 2173 537 2246 tim
554 2190 633 2266 post
647 2175 892 2263 Salomonem,
918 2174 1345 2254 haecdomusDeiBethel
1360 2178 1445 2252 bor·
1596 2173 1674 2248 Hoc
1699 2174 1935 2247 ministerium
1961 2192 1998 2249 et
2016 2174 2108 2252 hanc
2132 2185 2257 2258 scalam
2279 2188 2428 2262 sciamus
2450 2217 2472 2263 a

470 2275 625 2346 ribiliter
646 2272 863 2368 prophanata
897 2293 965 2360 est,
997 2294 1031 2351 et
1059 2284 1149 2353 faeta
1176 2297 1228 2351 est
1248 2278 1443 2352 Bethanen.
1494 2275 1571 2347 Deo
1592 2278 1808 2362 conservari,
1834 2278 1970 2349 etiamsi
1993 2282 2096 2351 multi
2118 2300 2291 2357 conantur
2305 2306 2472 2378 evertere,

470 2372 550 2446 Hoc
570 2378 740 2468 templum
762 2378 802 2447 in
824 2402 896 2472 quo
918 2380 990 2449 iam
1005 2380 1100 2452 Deus
1117 2383 1190 2473 ipse
1202 2383 1444 2467 concionatur,
1494 2379 1639 2464 diaboli,
1663 2378 1861 2463 Pontifices,
1887 2393 1920 2448 et
1934 2378 2146 2451 Pontificum
2162 2385 2339 2473 satellites,
2365 2415 2471 2482 prae·

472 2472 604 2547 ethaeo
620 2491 720 2569 porta
736 2480 836 2562 coeli,
861 2493 902 2550 ut
915 2482 1077 2549 nominat
1093 2478 1216 2567 Iacob,
1242 2485 1358 2576 coepit
1371 2507 1443 2554 esse
1493 2480 1688 2570 stigiatores
1703 2480 1765 2573 qui
1779 2493 1900 2550 serunt
1911 2481 1999 2551 falsa
2014 2482 2186 2571 dogmata.

471 2588 610 2647 antrum
634 2581 874 2650 diabolorum:
916 2580 999 2670 quia
1025 2581 1147 2651 multis
1166 2585 1356 2655 sceleribus
1379 2610 1444 2676 po·
1593 2580 1686 2651 Sunt
1699 2593 1815 2650 autem
1830 2583 1959 2670 gradm
1974 2582 2011 2650 in
2028 2582 2138 2664 scala,
2164 2609 2237 2654 non
2253 2587 2367 2656 solum
2386 2587 2500 2681 quia¹

469 2679 606 2751 steritas
618 2677 733 2750 Deum
747 2683 1016 2768 gubernatorem
1029 2684 1187 2755 excussit.
1235 2685 1306 2756 Sed
1329 2686 1444 2755 disca·
1493 2682 1622 2769 gradus
1645 2694 1728 2751 sunt
1748 2683 1925 2752 donorum
1948 2681 2027 2770 (alii
2049 2698 2133 2755 sunt
2156 2681 2372 2778 Prophetae,
2404 2691 2470 2758 alii

469 2801 566 2864 mus,
590 2805 663 2851 non
680 2782 778 2864 loco,
803 2801 877 2848 non
891 2779 1003 2867 titulis
1026 2782 1204 2873 alligatam
1228 2809 1300 2855 esse
1319 2782 1442 2854 Eccle-
1494 2778 1674 2869 Apostoli,
1699 2781 1761 2850 alii
1782 2795 1955 2874 pastores,
1980 2783 2041 2851 alii
2054 2781 2263 2882 Doctores),
2286 2790 2470 2857 sedetiam

467 2880 566 2952 siam,
1493 2880 1540 2946 ob
1561 2874 1652 2947 banc
1676 2904 1833 2961 causam,
1866 2881 1950 2973 quia
1980 2884 2160 2954 doctrinae
2189 2902 2305 2976 partes
2337 2890 2469 2960 multae

568 2979 719 3065 Deinde,
734 2984 935 3056 communia
949 2984 1118 3056 beneficia
1137 2985 1175 3053 iu
1192 2979 1257 3052 hac
1273 2982 1442 3054 concione
1493 2988 1594 3062 sunt,
1620 3000 1707 3071 quas
1722 2991 1861 3065 oportet
1873 3002 1945 3048 csse
1968 2982 2164 3055 continues.

468 3082 514 3148 ad
530 3103 652 3149 omues
667 3083 842 3172 pertinere
862 3085 1031 3169 sciamus,
1053 3080 1097 3156 ut
1113 3110 1193 3153 cum
1206 3085 1343 3177 inquit,
1369 3080 1442 3153 Ero
1594 3072 1647 3147 Ac
1663 3076 1860 3165 interrupta
1874 3078 1975 3159 serie,
1996 3092 2058 3146 aut
2074 3079 2209 3170 aliquot
2225 3084 2393 3170 gradibus
2408 3109 2468 3153 ex·

470 3191 586 3246 custos
609 3192 707 3247 tuus:
733 3176 825 3249 hanc
846 3207 967 3262 vocem
982 3187 1026 3251 ad
1046 3207 1111 3252 nos
1126 3186 1230 3252 etiam
1245 3207 1443 3254 accommo-
1492 3176 1617 3261 cussis,
1643 3178 1734 3247 scala
1757 3175 1796 3245 fii
1811 3173 1958 3247 inutilis.
2010 3173 2143 3245 Tolum
2161 3178 2269 3264 igilur
2283 3184 2466 3251 doctrinae

471 3275 611 3358 demus,
635 3290 676 3344 ut
699 3300 779 3344 cum
792 3280 886 3346 idem
901 3281 1127 3349 concionator
1140 3281 1257 3371 inquit
1271 3294 1356 3372 aput
1368 3280 1439 3349 Lu·
1492 3298 1619 3365 corpus
1641 3274 1945 3371 complectendum
1967 3285 2039 3357 ott,
2064 3287 2099 3344 ol
2123 3277 2290 3347 continuo
2310 3282 2469 3367 'portium

471 3398 559 3455 caru,
584 3372 713 3466 Capilli
728 3377 850 3468 capitis
868 3379 976 3447 vestri
994 3403 1117 3448 omnes
1132 3380 1309 3449 numerati
1325 3392 1418 3452 suut.
1492 3374 1599 3445 series
1622 3376 1805 3446 retinenda
1818 3385 1884 3445 est:
1911 3398 1986 3443 nou
2001 3374 2183 3447 mutilatae
2200 3380 2392 3450 sentcntiae
2407 3404 2468 3451 ex·

567 3471 1260 3560 Circumdeditnobismetasdoctriuae,
1285 3482 1449 3569 vultnos,
1492 3478 1705 3563 cerpendae',
1730 3490 1771 3547 ut
1783 3475 1924 3545 iniustis
1940 3470 2126 3544 bominum
2140 3476 2392 3565 cupiditatibus
2406 3496 2468 3553 aot
2562 3472 2565 3481 ’

468 3573 564 3643 iuxta
594 3599 671 3645 eam
696 3600 867 3646 normam.
883 3577 952 3644 sibi
974 3579 1135 3662 obedire,
1168 3602 1232 3646 nec
1256 3579 1300 3648 ab
1322 3603 1361 3647 ea
1386 3576 1444 3647 vel
1491 3574 1587 3643 falsis
1614 3576 1845 3666 opinionibus
1874 3588 2132 3665 praetexuntur.
2185 3575 2297 3648 Multi
2325 3579 2481 3668 ignavia.

467 3674 622 3743 mollicie
638 3676 693 3742 vel
708 3675 909 3745 curiositate
923 3675 1111 3748 discedere.
1166 3674 1250 3744 Vult
1271 3677 1439 3746 lucerein
1489 3688 1651 3763 peccant,
1692 3699 1768 3745 non
1802 3689 1928 3746 curant
1959 3689 2051 3746 recte
2083 3677 2242 3746 discendi
2275 3681 2466 3750 rationem:

467 3774 570 3843 nobis
596 3775 700 3842 fidem
735 3787 768 3843 et
792 3771 1068 3858 invocationem,
1093 3798 1183 3866 quae
1215 3788 1311 3866 petat
1339 3777 1438 3844 auxi·
1490 3771 1595 3843 multi
1608 3775 1767 3846 serviunt
1783 3769 1969 3846 hominum
1983 3776 2196 3857 adfectibus,
2222 3790 2334 3849 astute
2350 3773 2468 3849 escer-

467 3874 554 3943 lium
570 3888 604 3945 et
618 3874 871 3943 defensionem.
917 3869 1013 3942 Haec
1028 3887 1121 3943 recta
1138 3887 1172 3942 et
1185 3872 1331 3963 simplex
1347 3876 1439 3944 vitae
1488 3887 1580 3962 punt
1601 3899 1662 3956 ea,
1686 3901 1776 3969 quae
1787 3864 1878 3947 bunt
1893 3876 2113 3967 plausibilia,
2138 3889 2271 3949 caetera
2288 3880 2467 3952 omittunt.

468 3974 588 4063 regula
609 3973 713 4043 nobis
737 3975 776 4043 in
799 3987 985 4063 conspectu
1002 3972 1063 4042 sit:
1090 3986 1123 4042 et
1140 3967 1231 4041 hane
1246 3997 1366 4042 vocem
1380 3974 1439 4042 in·
1488 3970 1585 4049 Haec
1599 3972 1800 4068 Sophistica
1816 3999 1952 4066 semper
1968 3976 2037 4046 fuit
2059 3978 2196 4049 usitata.

466 4075 569 4146 fixam
582 4074 782 4165 pectoribus
795 4097 896 4166 saepe
911 4072 1112 4162 cogitemus,
1129 4069 1201 4141 Ero
1218 4085 1333 4143 custos
1348 4087 1439 4144 tuus.
1592 4073 1712 4145 Simus
1736 4077 1845 4160 igitur
1868 4090 1904 4145 et
1929 4076 2048 4144 fideles
2070 4090 2105 4147 et
2126 4078 2312 4165 diligentes
2334 4078 2373 4146 in
2392 4091 2466 4148 toto

568 4175 661 4245 Sunt
684 4176 831 4243 omuino
852 4196 996 4262 magnae
1018 4186 1056 4243 ot
1076 4174 1209 4244 multae
1225 4173 1440 4246 calamitates
1490 4193 1637 4260 corpore
1672 4175 1854 4244 doctrinae
1883 4179 2124 4262 cognoscendo
2160 4190 2193 4246 et
2222 4178 2467 4268 proponendo.

468 4278 575 4348 totius
596 4275 731 4364 generis
755 4270 919 4344 humani:
945 4272 1085 4357 morbi,
1109 4296 1222 4356 mors,
1242 4274 1363 4358 exilia,
1388 4275 1440 4342 fa·
1490 4264 1540 4338 Et
1562 4294 1642 4342 cum
1664 4269 1751 4343 baec
1771 4273 1863 4342 scala
1880 4273 1924 4343 sit
1938 4276 2165 4364 porta-coeli,
2184 4277 2224 4343 iu
2240 4271 2331 4343 banc
2346 4299 2467 4345 omnes

468 4402 559 4457 mes,
597 4377 710 4461 bella,
749 4377 873 4447 ruinae
899 4374 1149 4465 imperiorum,
1189 4386 1223 4443 et
1256 4374 1439 4444 domestici
1490 4367 1653 4443 insistite.
1703 4370 1874 4444 Doctores
1889 4385 1981 4442 recte
1995 4375 2162 4457 doceant,
2187 4374 2314 4444 caeteri
2333 4374 2391 4464 pie
2401 4397 2466 4444 au·

468 4500 643 4548 moerores
659 4490 804 4568 propter
817 4475 987 4548 sobolem.
1035 4471 1132 4544 Haec
1154 4474 1246 4543 mala
1268 4487 1440 4564 vagantur
1491 4468 1593 4541 diant
1608 4473 1824 4544 doctrinam:
1849 4497 1890 4543 ac
1903 4474 2030 4557 sciant,
2056 4496 2129 4543 non
2143 4473 2248 4541 aliam
2264 4474 2370 4556 viam,
2391 4497 2466 4545 non

468 4603 532 4671 per
547 4590 659 4647 totum
673 4601 782 4666 genus
797 4571 1006 4648 humanum.
1057 4572 1127 4645 Sed
1143 4597 1247 4666 supra
1262 4568 1349 4644 haec
1363 4598 1439 4644 sus·
1489 4569 1578 4638 alito
1593 4574 1719 4659 scolas,
1741 4598 1816 4642 110ss
1833 4574 1921 4643 &¹5⁰⁸
1937 4574 2054 4644 odilut
2078 4596 2152 4653 ⁶3⁸0
2175 4575 2219 4641 od
2235 4570 2367 4657 Deum,
2393 4574 2464 4653 1ῑίδὶ

468 4680 558 4750 tinet
575 4673 732 4749 Ecclesia
762 4679 851 4749 alios
880 4696 1030 4764 agones,
1062 4674 1195 4746 iniusta
1215 4674 1316 4759 odia,
1351 4674 1441 4744 insi·
1489 4692 1552 4759 per
1565 4667 1633 4743 hoc
1648 4669 1899 4763 Evangelium,
1923 4674 2019 4764 quod
2034 4674 2123 4765 ipse.
2137 4672 2240 4742 certis
2260 4673 2467 4743 testimoniis

468 4781 562 4865 dias,
585 4802 706 4865 neces,
731 4780 865 4850 luctum
887 4775 1064 4864 ingentem
1090 4788 1125 4846 et
1138 4775 1320 4846 doctrinae
1337 4774 1440 4845 dissi·
1489 4775 1608 4858 generi
1626 4764 1782 4844 humano
1798 4773 1956 4844 tradidit.

472 4880 546 4946 dia:
579 4903 668 4972 quae
696 4881 786 4950 velle
818 4877 1038 4965 extinguere,
1070 4888 1122 4946 est
1150 4871 1294 4970 Hydrae
1327 4876 1439 4967 capita
1592 4873 1685 4945 Sunt
1705 4875 1744 4943 in
1765 4870 1832 4944 hac
1854 4872 2007 4962 imagine
2026 4874 2172 4945 et‘aliae
2194 4873 2466 4964 significationes

472 4979 677 5067 praecidere.
1308 5053 1312 5061 Ι
1490 4969 1698 5044 dormientis
1713 4972 1839 5044 lacob:
1865 4987 1900 5042 et
1914 4998 1977 5043 cur
2000 4974 2133 5066 oppido
2153 4997 2284 5044 nomen
2301 4986 2468 5056 mutetur,

573 5074 682 5147 Multi
710 5076 817 5167 igitur
844 5088 941 5147 tanta
957 5076 1186 5161 deformitate
1207 5075 1313 5159 moti,
1347 5076 1441 5164 cogi·
1490 5082 1530 5139 ut
1543 5097 1616 5143 non
1633 5074 1700 5141 iam
1716 5071 1947 5166 Am'ygdalus,
1970 5075 2030 5142 sed
2046 5077 2172 5143 domus
2186 5070 2253 5142 Dei
2268 5074 2416 5145 dicatur.
2459 5078 2462 5085 '

430 5172 442 5201 ‘
470 5189 549 5249 tant
572 5172 650 5245 Deo
673 5200 747 5245 nou
770 5201 841 5247 esse
863 5201 965 5247 curae
990 5171 1056 5246 hos
1076 5187 1212 5246 coetus:
1246 5189 1280 5245 et
1297 5197 1442 5265 prorsus
1591 5171 1711 5242 Sensit
1727 5171 1851 5255 lacob,
1872 5195 1999 5241 somno
2023 5193 2108 5255 suo,
2133 5186 2168 5243 et
2183 5174 2467 5246 consternatione

470 5277 646 5351 abiiciunt
661 5278 815 5348 studium
832 5278 888 5346 vel
911 5279 1190 5368 cognoscendae,
1215 5276 1270 5344 vel
1291 5277 1442 5345 tuendae
1491 5299 1553 5345 sua
1575 5272 1762 5361 significari
1789 5272 2004 5361 singularem
2038 5271 2179 5341 venturi
2202 5271 2354 5344 Messiae
2383 5292 2467 5340 con·

470 5379 663 5449 doctrinae.
714 5373 789 5445 Has
800 5391 935 5448 nostras
950 5377 1107 5447 miserias
1128 5376 1380 5465 intelligamus:
1407 5389 1444 5446 et
1491 5373 1753 5446 sternationem.
1805 5369 1853 5444 Et
1874 5372 1913 5441 in
1932 5371 2139 5443 universum
2159 5373 2390 5464 significatum
2406 5381 2469 5451 est,

471 5481 623 5550 sciamus
646 5477 752 5547 fidem
777 5499 817 5544 ex
845 5476 1063 5548 dubitatione
1094 5478 1239 5547 eluctari
1267 5489 1442 5567 oportere,
1491 5477 1531 5544 in
1546 5473 1725 5563 agnitione
1741 5470 1808 5543 Dei
1823 5472 1969 5544 existere
1984 5472 2023 5541 in
2041 5474 2219 5545 mentibus
2243 5491 2408 5567 pavores,
2433 5479 2468 5536 et

471 5593 621 5651 erectam
637 5574 703 5649 hac
727 5574 985 5660 consolatione,
1008 5574 1080 5647 Ero
1095 5590 1317 5664 custostuns.
1491 5576 1591 5670 sequi
1604 5574 1893 5646 consolationem.
1941 5582 1943 5585 ’

572 5677 668 5750 llaec
682 5678 728 5749 sit
742 5671 911 5758 anchora,
936 5698 1004 5768 qua
1020 5700 1085 5747 uos
1101 5690 1335 5749 sustentemus
1350 5674 1443 5746 inter
1592 5676 1729 5757 Deinde
1744 5669 1962 5767 Amygdalus
1977 5671 2101 5764 politia
2122 5683 2195 5752 est,
2220 5681 2254 5736 et
2275 5661 2471 5757 hospitium

472 5778 599 5850 fluctus
622 5793 658 5853 et
683 5779 856 5872 procellas
877 5775 1036 5871 undique
1058 5792 1258 5872 quassantes
1285 5790 1442 5849 nostram
1493 5774 1699 5870 Evangelii,
1723 5787 1758 5847 et
1778 5774 1929 5948 agninis
1950 5794 2031 5844 vere
2053 5767 2288 5840 credentium:
2320 5777 2363 5838 ut
2385 5776 2472 5837 tune
