6025 6775
517 599 591 674 923
754 588 964 667 sctum
990 588 1066 663 PH.
1092 586 1207 661 MEL.
1232 586 1301 661 AD
1326 586 1455 670 lllST.
1479 580 1624 661 PROF.
1649 579 1717 655 ET
1742 577 1937 662 PHILOS.
1961 582 2282 665 senesanna
2341 704 2350 724 υ
2470 595 2552 671 924

519 781 678 862 postores
700 777 786 835 tunc
805 758 1002 835 Domitiani
1025 772 1182 849 tempore
1203 757 1316 829 exorti
1337 774 1439 847 sunt,
1469 774 1503 833 et
1554 753 1755 826 testimonia
1778 741 1887 823 hirius
1906 755 2105 829 doctrinae.
2172 756 2358 833 Discamus
2374 765 2478 838 etiam
2503 791 2546 836 ex

521 882 564 939 ut
586 868 625 938 lit
648 867 687 935 iu
711 865 890 935 erroribus
912 875 947 932 et
968 859 1264 942 dissensionibus,
1294 884 1369 931 uno
1390 863 1504 954 capite
1556 857 1631 948 ipsa
1661 855 1820 926 doctriua
1850 878 1870 925 a
1901 852 1978 925 Deo
2011 858 2162 944 tradita,
2203 884 2341 955 semper
2370 860 2546 939 horribile

522 966 667 1063 Hydrae
689 966 843 1059 praeciso
865 975 986 1054 postea
1008 961 1076 1031 tria
1100 973 1293 1034 natarunt.
1343 960 1416 1032 Nec
1430 963 1505 1032 sin·
1557 957 1679 1027 odiurn
1709 978 1781 1027 esse
1810 954 1849 1023 in
1870 951 2033 1025 Diabolis
2055 971 2092 1028 et
2115 961 2193 1029 eius
2215 966 2356 1054 organis
2378 970 2545 1039 adversus

523 1069 688 1159 gulorum
717 1067 852 1135 furores
876 1063 1041 1135 recitabo.
1092 1059 1163 1133 Sed
1186 1056 1280 1130 hanc
1301 1063 1505 1133 considera·
1556 1052 1768 1147 Ecclesiam,
1795 1067 1836 1124 ut
1855 1054 2031 1145 inprims
2054 1061 2229 1132 concione
2246 1066 2393 1136 dicitur:
2419 1065 2548 1136 loimi-

523 1170 658 1240 tionem
680 1165 797 1234 iudico
818 1164 943 1234 utilem
965 1185 1056 1247 esse,
1081 1163 1124 1231 de
1146 1161 1277 1255 quibus
1300 1177 1507 1234 controver·
1558 1157 1658 1227 sitias
1675 1179 1807 1249 ponam
1825 1155 1919 1225 intes
1933 1171 2131 1248 serpentem
2156 1176 2201 1262 et·
2214 1166 2413 1242 mulierem.
2464 1167 2550 1238 Non

525 1270 586 1339 3133
604 1266 788 1358 praecipua
804 1264 937 1334 fuerint
953 1263 1143 1333 certamina
1159 1263 1198 1330 in
1213 1258 1390 1349 Ecclesia,
1416 1287 1506 1356 quo.
1558 1257 1668 1347 igitur
1680 1256 1858 1327 excutiant
1873 1254 1977 1325 nobis
1992 1258 2096 1328 iidem
2110 1254 2196 1332 haec
2207 1265 2320 1334 tristia
2338 1270 2551 1358 spectacula.

523 1392 605 1437 rum
627 1366 757 1435 similia
779 1364 943 1457 deinceps
964 1377 1060 1436 mota
1081 1376 1184 1448 sunt,
1209 1377 1243 1434 et
1264 1358 1334 1435 boc
1351 1379 1507 1457 tempore
1559 1356 1760 1448 Cogitemus
1775 1369 1809 1427 et
1827 1351 1910 1426 hoc:
1935 1353 2027 1428 Cum
2039 1359 2080 1428 iu
2095 1360 2157 1430 illo
2172 1364 2258 1433 flore
2270 1361 2451 1437 Ecclesiae
2465 1383 2552 1440 tan-

522 1479 722 1540 moventur.
1559 1471 1637 1529 tum
1658 1457 1766 1528 luerit
1788 1456 2039 1551 dissidiorum,
2073 1455 2165 1533 hanc
2185 1465 2343 1536 ultimam
2368 1483 2551 1540 senectam

575 1567 738 1655 Quatuor
752 1565 897 1636 luerunt
912 1564 1118 1657 praecipuae
1133 1562 1400 1636 controversiae.
1495 1612 1506 1636 .
1560 1582 1632 1629 non
1649 1560 1725 1628 lore
1739 1558 2024 1652 tranquiliorem.

628 1660 759 1736 Prima
774 1668 817 1735 de
833 1666 906 1734 lilio
921 1662 1006 1749 Dei,
1032 1660 1222 1737 Cerinthus
1238 1677 1272 1734 ct
1286 1661 1405 1734 Ebion
1420 1688 1508 1734 con-
1662 1657 1755 1747 Quia
1770 1683 1853 1729 vero
1870 1662 2010 1730 easdem
2023 1663 2427 1738 coutroversiasDiaboli
2439 1692 2547 1761 saepe

524 1769 731 1852 tenderunt,
778 1779 915 1837 tantum
952 1787 1026 1833 esse
1054 1760 1245 1834 humanam
1275 1778 1438 1836 naturam
1466 1765 1505 1834 in
1560 1772 1753 1843 renovant,
1776 1760 1932 1858 pertinet
1951 1763 1997 1831 ad
2020 1757 2205 1834 historiam
2224 1766 2313 1837 scire
2334 1771 2395 1861 qui
2409 1772 2548 1839 luerint

520 1864 681 1942 Christo.
738 1864 786 1936 Et
817 1862 909 1933 nihil
938 1887 1011 1934 esse
1037 1861 1217 1937 Christum
1249 1877 1438 1976 antequapn
1466 1890 1507 1935 ex
1559 1862 1755 1931 adsertores
1785 1860 1960 1947 veritatis,
2000 1863 2133 1955 quibus
2153 1863 2208 1936 usi
2229 1867 2302 1937 siut
2321 1870 2546 1941 testimoniis.

526 1969 662 2058 virgine
675 1980 779 2036 natus
794 1978 862 2033 est:
889 1965 979 2035 sicut
994 1977 1028 2033 et
1047 1977 1165 2055 postea
1180 1955 1447 2052 Samosatentis,
1473 1981 1509 2037 et
1559 1955 1738 2031 lohannes
1756 1960 1923 2033 refutavit
1937 1959 2153 2035 Cerinthum
2173 1963 2410 2040 etEbionem.
2458 1969 2548 2040 Fuit

528 2091 648 2139 recens
665 2067 831 2138 Servetus
845 2066 1113 2136 contenderunt.
1558 2062 1701 2132 auditor
1729 2056 1898 2132 iohannis
1927 2060 2162 2159 Polycarpus,
2194 2062 2395 2161 Episcopus
2420 2067 2547 2164 Smyr·

628 2159 797 2236 Secunda
821 2165 1059 2235 controversia
1082 2165 1150 2234 luit
1172 2164 1299 2235 similis
1321 2166 1507 2258 anabapti-
1559 2186 1645 2232 nae:
1678 2161 1867 2257 Polycarpi
1894 2162 2054 2251 ireneus,
2087 2167 2189 2235 cuins
2215 2183 2310 2242 extat
2339 2171 2447 2251 liber,
2480 2171 2547 2263 qui

526 2268 666 2350 sticiae,
686 2263 1226 2356 utCarpocratisetmultorum,
1252 2266 1313 2360 qui
1329 2267 1507 2341 finxemnt
1559 2263 1743 2355 perspicue
1778 2265 1936 2337 defendit
1969 2260 2062 2335 hanc
2090 2269 2318 2339 ostentarat
2361 2269 2467 2358 Quod
2503 2271 2547 2338 in

526 2363 747 2440 Christianos
774 2377 938 2455 oportere
961 2366 1142 2436 facultates
1164 2367 1324 2437 conferre
1345 2368 1384 2437 in
1406 2392 1507 2438 corn·
1558 2358 1720 2449 Christo,
1744 2379 1829 2435 nato
1848 2389 1888 2434 ex
1906 2365 2043 2462 virgine
2057 2364 2171 2442 Maria
2187 2368 2256 2439 sint
2270 2371 2362 2440 duae
2377 2384 2545 2441 naturae:

526 2490 653 2544 mune,
677 2478 711 2534 et
727 2466 966 2555 probaverunt
981 2457 1205 2537 confusiones
1219 2466 1423 2540 libidinum.
1559 2457 1683 2562 λόγος,
1718 2479 1753 2536 et
1786 2478 1911 2535 natura
1939 2461 2094 2536 humana
2118 2469 2298 2559 adsumpta
2323 2494 2365 2540 ex
2388 2471 2543 2560 virgine.

628 2561 756 2634 Tertia
770 2561 995 2635 fuitEbionis
1008 2579 1042 2637 et
1053 2567 1245 2637 multorum
1256 2569 1420 2651 aliomm,
1446 2570 1507 2664 qui
1557 2561 1606 2636 Et
1619 2567 1716 2659 quod
1728 2558 1939 2689 Adpocnon
1948 2567 2117 2658 significet
2126 2590 2319 2639 sermonem
2328 2594 2545 2642 evanescen-

528 2667 786 2737 contenderunt
795 2678 956 2755 oportere
965 2666 1096 2736 servari
1105 2668 1509 2747 ceremoniasMosaicas.
1558 2680 1648 2746 tem,
1675 2670 1736 2736 sed
1757 2671 1871 2764 λογον
1893 2660 2168 2764 ὑφιστάμενον,
2194 2666 2257 2762 qui
2277 2691 2409 2759 semper
2421 2672 2545 2745 adluit

629 2758 775 2859 Quarta
790 2766 859 2837 suit
874 2779 963 2837 tetra
978 2767 1139 2838 conlusio
1155 2781 1230 2839 orta
1247 2793 1288 2838 ex
1303 2772 1507 2863 quaestione
1557 2762 1755 2853 Ecclesiae,
1780 2782 1815 2839 et
1837 2792 1918 2838 cum
1941 2765 2123 2840 Abraham
2148 2782 2183 2839 et
2204 2768 2286 2840 aliis
2309 2770 2466 2861 patribus
2488 2771 2546 2841 lo-

526 2867 572 2937 de
600 2889 702 2935 causa
726 2865 829 2937 Mati.
887 2865 1050 2938 Marcion
1073 2882 1107 2939 et
1130 2881 1212 2939 ante
1235 2892 1314 2938 eum
1334 2868 1509 2944 Basilides
1559 2882 1691 2963 quotus
1712 2883 1773 2941 est.
1826 2867 1944 2940 Huius
1966 2869 2148 2959 scriptoris
2170 2871 2411 2939 testimonium
2432 2874 2542 2960 prod-

526 2963 721 3056 posuerunt
754 2968 825 3037 duo
862 2968 1037 3059 principia
1074 2969 1270 3055 contraria,
1312 2988 1507 3060 coaeterna,
1531 2925 1535 3009 i
1559 2981 1611 3038 est
1628 2972 1672 3040 ad
1689 2970 1965 3040 confirmandam
1981 2971 2161 3041 veritatem
2176 2965 2260 3064 napi
2275 2964 2425 3069 Λόγου,
2447 2996 2540 3064 quae

525 3065 666 3137 Bonum
690 3080 725 3137 et
739 3065 896 3150 Malum,
922 3073 1003 3164 φῶς
1021 3063 1086 3141 καὶ
1107 3062 1252 3151 andros:
1279 3085 1313 3141 et
1328 3070 1508 3146 finxerunt
1558 3075 1678 3160 postea
1692 3070 1730 3139 in
1746 3070 1906 3165 symbolo
1919 3069 2053 3140 Niceno
2070 3070 2257 3151 recitatur,
2282 3070 2543 3144 namlrenaeus

527 3167 673 3237 stoicam
696 3169 935 3239 necessitatem
956 3170 995 3238 in
1017 3170 1121 3240 bonis
1135 3184 1168 3242 ct
1183 3171 1285 3241 malis
1300 3174 1507 3262 actionibus,
1557 3171 1739 3241 antecessit
1754 3169 1938 3264 Synodum
1952 3170 2120 3240 Nicenam
2137 3172 2210 3241 fere
2224 3172 2386 3242 ducentis
2402 3173 2519 3244 aunis.

527 3268 681 3338 etmulta
698 3281 900 3360 portentosa
915 3271 1144 3345 deliramenta
1160 3272 1385 3348 addiderunt.
1658 3269 1792 3342 Scribit
1814 3270 1910 3340 idem
1930 3270 2024 3341 libro
2045 3270 2171 3362 tertio,
2202 3269 2436 3366 Polycarpum
2458 3298 2544 3344 nar·

509 3426 513 3433 -
626 3370 763 3446 Harum
794 3384 950 3466 quatuor
974 3385 1146 3445 sectarum
1178 3372 1338 3463 contagia
1369 3399 1507 3469 semper
1557 3392 1651 3441 rasse
1672 3366 1856 3455 historiam
1881 3373 1926 3442 dc
1949 3384 2062 3442 morte
2076 3366 2248 3448 Cerinthi.
2297 3370 2389 3445 Cum
2406 3370 2543 3446 lohan-

525 3483 644 3562 postea
667 3465 857 3543 haeserunt
880 3473 916 3542 in
934 3469 1100 3543 Ecclesia.
1150 3468 1289 3543 Omnes
1308 3489 1425 3546 autem
1452 3501 1505 3548 se·
1558 3495 1620 3541 nes
1634 3467 1768 3563 Ephesi
1785 3473 1937 3545 venisset
1950 3473 1989 3542 in
2005 3474 2189 3560 balneum,
2214 3486 2249 3544 et
2265 3474 2316 3543 ibi
2333 3477 2472 3548 videret
2486 3500 2543 3549 se·

380 3568 383 3575 ’
503 3585 602 3659 xctae
630 3573 674 3637 de
692 3567 856 3647 [assicia
875 3598 1096 3644 communem
1118 3597 1272 3644 errorem
1294 3570 1507 3664 habuerunt,
1557 3574 1639 3641 dere
1653 3568 1863 3645 Corinthum
1879 3575 1973 3646 inter
1985 3595 2067 3645 θυοδ
2084 3558 2327 3666 dpplautoress
2352 3578 2544 3668 disputen-

524 3665 689 3748 homines
711 3696 784 3741 esse
806 3675 914 3744 iustos
929 3689 1073 3767 propter
1087 3675 1229 3768 propria
1244 3700 1368 3768 opera,
1393 3694 1428 3750 et
1443 3682 1505 3750 alii
1556 3686 1627 3743 tem
1649 3687 1683 3745 et
1704 3671 1941 3766 blasphemias
1961 3689 2083 3745 contra
2095 3677 2209 3746 filiurn
2224 3672 2290 3747 Dei
2306 3691 2545 3769 spargentem,

527 3771 735 3860 impostores
759 3775 858 3863 plus,
890 3775 951 3842 alii
974 3777 1092 3845 minus
1114 3776 1377 3865 praestigiarum
1401 3782 1505 3850 addi·
1556 3774 1645 3846 dixit
1668 3772 1845 3845 lohannes
1864 3798 1928 3859 suo
1952 3776 2153 3860 comitatui,
2177 3774 2428 3864 Discedamus,
2453 3782 2542 3874 quia

490 3874 493 3880 '
526 3872 673 3956 derunt,
697 3888 736 3945 ut
757 3872 956 3945 Menander
976 3877 1044 3946 fuit
1061 3874 1203 3968 Magus:
1230 3872 1352 3972 Aliqui
1375 3881 1505 3952 imitati
1555 3875 1684 3945 statim·
1699 3878 1825 3946 domus
1849 3877 1975 3947 obruet
1997 3889 2180 3947 sonantem
2203 3873 2539 3970 hac-htasphemias,

453 3965 483 3996 ·’
526 3966 769 4063 Theogoniam
792 3973 939 4047 Hesiodi
967 3976 1143 4047 finxerunt
1172 4000 1333 4068 magnam
1362 3981 1504 4052 turbam
1555 3988 1589 4044 et
1607 3977 1796 4046 auditores.
1846 3973 1995 4067 Egresso
2010 3972 2168 4047 Iohanne
2189 3980 2316 4049 domus
2330 3978 2441 4049 statim
2455 3982 2535 4048 col-

524 4068 702 4156 Deorum,
736 4102 842 4171 quam
872 4077 1052 4166 allegorici
1082 4078 1303 4171 interpretati
1331 4095 1433 4166 sunt,
1465 4097 1505 4154 ut
1555 4075 1650 4167 lapte
1666 4071 1874 4148 (berinthum
1891 4091 1925 4147 et
1941 4079 2079 4148 turbam
2096 4078 2270 4172 reliquam
2284 4077 2460 4169 ⁰PPf²⁸³li0

524 4171 707 4247 eluderent
734 4178 933 4248 doctrinam
963 4181 1007 4248 de
1038 4178 1112 4249 filio
1134 4177 1203 4251 Dei
1236 4197 1269 4251 et
1300 4183 1345 4252 de
1367 4180 1503 4274 Spiritu
1655 4177 1748 4248 Sunt
1776 4178 1870 4267 apud
1899 4175 2084 4247 Irenaeum
2115 4192 2148 4248 et
2177 4181 2267 4252 alise
2294 4179 2539 4267 mhstationes,

523 4288 657 4344 sancto.
1553 4277 1658 4348 utiles
1690 4277 1823 4349 nostris
1848 4279 2068 4369 temporibus
2096 4280 2262 4351 adversus
2281 4274 2539 4368 Anabaptistas

622 4370 719 4447 Haec
738 4377 891 4470 praefari
914 4379 952 4448 in
973 4401 1100 4470 genere
1119 4380 1234 4467 volui,
1259 4382 1342 4476 quia
1363 4385 1502 4456 Diabo.
1553 4392 1589 4449 et
1620 4379 1709 4449 alios
1740 4383 1785 4449 de
1813 4376 2080 4469 Magistratibus
2109 4393 2144 4450 et
2172 4378 2376 4450 ceremoniis
2406 4378 2539 4454 Moisi.

520 4473 575 4545 lus
603 4477 735 4548 similes
762 4479 900 4550 furores
922 4481 1096 4549 'omnibus
1121 4482 1502 4577 temporibus-spargit,
1551 4477 1691 4550 Rursus
1705 4495 1821 4550 autem
1838 4481 1929 4550 inlra
1946 4482 1989 4550 de
2005 4480 2199 4575 plaerisque
2212 4481 2462 4551 controversiis
2476 4483 2537 4550 di-

519 4576 702 4663 paululum
725 4595 859 4651 mutata
881 4581 1020 4673 specie·
1055 4579 1202 4652 Necesse
1222 4599 1273 4657 est
1290 4585 1399 4674 igitur
1413 4612 1500 4656 con-
1551 4594 1660 4652 cetur.
1711 4579 1808 4651 Haec
1831 4605 1928 4650 nsrnc
1948 4582 2127 4652 monuisse
2146 4580 2229 4651 satis
2248 4580 2294 4650 sit
2319 4582 2365 4650 de
2388 4596 2535 4655 conuo-

518 4673 673 4746 sidecace
695 4679 873 4769 integrum
897 4704 1025 4774 corpus
1047 4705 1149 4752 verae
1169 4685 1366 4770 doctrinae,
1391 4703 1426 4759 et
1448 4703 1499 4760 te-
1551 4682 1674 4752 versiis
1688 4696 1886 4774 temporum
1903 4679 2110 4757 Domitiani.

517 4795 603 4843 nere
616 4776 900 4850 confirmationes
913 4793 947 4850 et
961 4782 1200 4854 refutationes.

619 4873 780 4946 Primum
806 4891 922 4949 autem
954 4882 1211 4954 confirmentur
1245 4883 1297 4974 pii
1328 4887 1497 4955 adversus
1597 4884 1706 4956 darno
1716 4884 1841 4955 mundi
1852 4897 1976 4977 quater
1987 4882 2535 4975 millesimosexagesimoprimo.

516 4969 584 5044 hoc
607 4975 730 5062 ingens
755 4979 957 5053 scandalum
980 4982 1160 5069 videlicet,
1186 4986 1281 5077 quod
1300 4983 1338 5053 in
1355 4985 1496 5057 totdis-
1597 4980 1706 5054 Anno
1741 4982 1879 5057 Romae
1921 4985 2212 5075 octingentesimo
2262 4985 2536 5077 quadragesimo

515 5075 615 5146 sidiis
635 5078 809 5150 dubitatio
831 5082 966 5168 oritur,
990 5083 1055 5155 ubi
1078 5083 1123 5156 sit
1145 5086 1289 5158 veritas:
1316 5101 1350 5157 et
1367 5110 1413 5156 an
1429 5086 1496 5155 ali·
1749 5110 1857 5161 nono.

513 5198 583 5271 qua
605 5176 650 5246 sit
665 5171 820 5252 Ecclesia
836 5183 907 5254 Dei
928 5185 1093 5265 distincta
1116 5211 1135 5256 a
1158 5188 1302 5258 caeteris
1319 5190 1494 5276 gentibus.
1595 5183 1703 5258 Anno
1719 5183 1850 5261 Christi
1866 5185 2091 5274 nonagesimo
2107 5211 2216 5258 nouo.

512 5273 607 5348 Huic
627 5278 793 5348 scandalo
815 5307 1037 5375 opponamus
1051 5286 1239 5355 articulum
1253 5288 1352 5356 fidei:
1379 5287 1494 5361 Credo

511 5401 585 5449 esse
610 5374 804 5449 Ecclesiam
825 5396 980 5454 sanctam
1003 5380 1223 5455 catholicam.
1274 5383 1320 5455 Et
1344 5412 1492 5481 quaera-

510 5503 606 5564 mus,
631 5504 722 5573 qnae
742 5493 776 5551 et
797 5481 860 5550 ubi
881 5482 926 5552 sit
948 5483 1010 5553 illa
1022 5480 1197 5566 Ecclesia,
1222 5484 1375 5571 scilicet,
1399 5514 1490 5582 quae
1642 5481 1769 5571 Nerva
1786 5484 1952 5557 Cocceius
1969 5487 2154 5560 interiecto
2169 5485 2377 5559 Domitiano
2389 5512 2533 5559 succes·

507 5583 632 5651 retinet
647 5582 774 5672 scripta
792 5575 993 5672 prophetica
1007 5594 1040 5651 et
1056 5583 1247 5671 apostolica
1266 5598 1301 5655 et
1314 5589 1488 5680 symbola:
1510 5611 1519 5660 t
1539 5590 1584 5661 sit
1606 5613 1712 5678 agens
1724 5609 1856 5653 annum
1872 5603 2006 5659 §exitam
2023 5603 2057 5660 et
2070 5590 2336 5678 sexagesimum·
2389 5587 2530 5662 Tenuit

507 5676 554 5750 Et
583 5682 786 5754 intueamur
810 5681 999 5768 miracula,
1035 5705 1125 5776 quae
1147 5679 1246 5755 Deus
1272 5686 1384 5760 voluit
1414 5714 1487 5760 csse
1508 5668 1514 5774 s
1538 5688 1726 5780 imperium
1747 5710 1879 5756 amnum
1902 5714 2034 5776 unum,
2060 5713 2199 5759 menses
2219 5703 2374 5780 quatuor
2395 5703 2427 5761 et
2445 5693 2532 5762 dics

1941 5339 2112 5410 Neruo.
