<?xml version="1.0" encoding="UTF-8"?>
<!DOCTYPE html PUBLIC "-//W3C//DTD XHTML 1.0 Transitional//EN"
    "http://www.w3.org/TR/xhtml1/DTD/xhtml1-transitional.dtd">
<html xmlns="http://www.w3.org/1999/xhtml" xml:lang="en" lang="en">
 <head>
  <title>
</title>
<meta http-equiv="Content-Type" content="text/html;charset=utf-8" />
  <meta name='ocr-system' content='tesseract 3.04.00' />
  <meta name='ocr-capabilities' content='ocr_page ocr_carea ocr_par ocr_line ocrx_word'/>
</head>
<body>
  <div class='ocr_page' id='page_1' title='image "./philippimelanth12melagoog_0092.png"; bbox 0 0 6025 6775; ppageno 0'>
   <div class='ocr_carea' id='block_1_1' title="bbox 550 713 2572 823">
    <p class='ocr_par' dir='ltr' id='par_1_1' title="bbox 550 713 2572 823">
     <span class='ocr_line' id='line_1_1' title="bbox 550 713 2572 823; baseline 0.008 -37"><span class='ocrx_word' id='word_1_1' title='bbox 550 734 620 803; x_wconf 78' lang='lat'>165</span> <span class='ocrx_word' id='word_1_2' title='bbox 1121 713 1279 790; x_wconf 80' lang='lat' dir='ltr'><strong>DECL.</strong></span> <span class='ocrx_word' id='word_1_3' title='bbox 1311 713 1388 789; x_wconf 88' lang='lat' dir='ltr'>DE</span> <span class='ocrx_word' id='word_1_4' title='bbox 1419 714 1650 790; x_wconf 80' lang='lat' dir='ltr'>SCHOLA</span> <span class='ocrx_word' id='word_1_5' title='bbox 1683 717 1976 797; x_wconf 86' lang='lat' dir='ltr'>ROSTOCH.</span> <span class='ocrx_word' id='word_1_6' title='bbox 2495 750 2572 823; x_wconf 76' lang='lat'>164</span> 
     </span>
    </p>
   </div>
   <div class='ocr_carea' id='block_1_2' title="bbox 551 885 2569 1104">
    <p class='ocr_par' dir='ltr' id='par_1_2' title="bbox 551 885 2569 1104">
     <span class='ocr_line' id='line_1_2' title="bbox 551 885 2569 999; baseline 0.008 -28"><span class='ocrx_word' id='word_1_7' title='bbox 551 906 589 971; x_wconf 90' lang='lat' dir='ltr'>in</span> <span class='ocrx_word' id='word_1_8' title='bbox 622 925 657 969; x_wconf 90' lang='lat' dir='ltr'>se</span> <span class='ocrx_word' id='word_1_9' title='bbox 692 896 895 976; x_wconf 85' lang='lat' dir='ltr'>concitavit,</span> <span class='ocrx_word' id='word_1_10' title='bbox 933 906 972 961; x_wconf 91' lang='lat' dir='ltr'>ut</span> <span class='ocrx_word' id='word_1_11' title='bbox 1002 892 1074 978; x_wconf 87' lang='lat' dir='ltr'>ipse</span> <span class='ocrx_word' id='word_1_12' title='bbox 1095 899 1193 956; x_wconf 90' lang='lat' dir='ltr'>tanto</span> <span class='ocrx_word' id='word_1_13' title='bbox 1217 901 1344 958; x_wconf 89' lang='lat' dir='ltr'>ettam</span> <span class='ocrx_word' id='word_1_14' title='bbox 1366 885 1534 958; x_wconf 78' lang='lat' dir='ltr'>horribili</span> <span class='ocrx_word' id='word_1_15' title='bbox 1584 888 1689 957; x_wconf 92' lang='lat' dir='ltr'>laude</span> <span class='ocrx_word' id='word_1_16' title='bbox 1711 904 1884 979; x_wconf 88' lang='lat' dir='ltr'>carentes,</span> <span class='ocrx_word' id='word_1_17' title='bbox 1910 896 2144 970; x_wconf 77' lang='lat' dir='ltr'>adolescentes</span> <span class='ocrx_word' id='word_1_18' title='bbox 2166 926 2284 974; x_wconf 88' lang='lat' dir='ltr'>rerum</span> <span class='ocrx_word' id='word_1_19' title='bbox 2307 909 2508 999; x_wconf 88' lang='lat' dir='ltr'>imperitos,</span> <span class='ocrx_word' id='word_1_20' title='bbox 2534 933 2569 988; x_wconf 91' lang='lat' dir='ltr'>et</span> 
     </span>
     <span class='ocr_line' id='line_1_3' title="bbox 556 989 2569 1104; baseline 0.009 -36"><span class='ocrx_word' id='word_1_21' title='bbox 556 1003 744 1093; x_wconf 84' lang='lat' dir='ltr'>supplicio,</span> <span class='ocrx_word' id='word_1_22' title='bbox 771 1011 805 1066; x_wconf 91' lang='lat' dir='ltr'>et</span> <span class='ocrx_word' id='word_1_23' title='bbox 819 1010 889 1065; x_wconf 91' lang='lat' dir='ltr'>tota</span> <span class='ocrx_word' id='word_1_24' title='bbox 907 990 1086 1082; x_wconf 83' lang='lat' dir='ltr'>posteritas</span> <span class='ocrx_word' id='word_1_25' title='bbox 1101 1012 1180 1055; x_wconf 90' lang='lat' dir='ltr'>cum</span> <span class='ocrx_word' id='word_1_26' title='bbox 1196 989 1271 1078; x_wconf 89' lang='lat' dir='ltr'>ipso</span> <span class='ocrx_word' id='word_1_27' title='bbox 1288 990 1534 1059; x_wconf 86' lang='lat' dir='ltr'>mulctaretur:</span> <span class='ocrx_word' id='word_1_28' title='bbox 1584 992 1627 1057; x_wconf 86' lang='lat' dir='ltr'>ad</span> <span class='ocrx_word' id='word_1_29' title='bbox 1668 991 1779 1059; x_wconf 88' lang='lat' dir='ltr'>otium</span> <span class='ocrx_word' id='word_1_30' title='bbox 1814 1007 1848 1062; x_wconf 90' lang='lat' dir='ltr'>et</span> <span class='ocrx_word' id='word_1_31' title='bbox 1884 996 2115 1085; x_wconf 78' lang='lat' dir='ltr'>cupiditatum</span> <span class='ocrx_word' id='word_1_32' title='bbox 2146 1001 2319 1075; x_wconf 89' lang='lat' dir='ltr'>lenocinia</span> <span class='ocrx_word' id='word_1_33' title='bbox 2350 1034 2412 1079; x_wconf 90' lang='lat' dir='ltr'>sua</span> <span class='ocrx_word' id='word_1_34' title='bbox 2444 1032 2569 1104; x_wconf 91' lang='lat' dir='ltr'>sponte</span> 
     </span>
    </p>
   </div>
   <div class='ocr_carea' id='block_1_3' title="bbox 557 1089 2571 1303">
    <p class='ocr_par' dir='ltr' id='par_1_3' title="bbox 557 1089 2571 1303">
     <span class='ocr_line' id='line_1_4' title="bbox 557 1089 2570 1198; baseline 0.002 -27"><span class='ocrx_word' id='word_1_35' title='bbox 557 1127 660 1195; x_wconf 88' lang='lat' dir='ltr'>quarn</span> <span class='ocrx_word' id='word_1_36' title='bbox 679 1115 829 1169; x_wconf 87' lang='lat' dir='ltr'>atrocem</span> <span class='ocrx_word' id='word_1_37' title='bbox 847 1109 881 1162; x_wconf 91' lang='lat' dir='ltr'>et</span> <span class='ocrx_word' id='word_1_38' title='bbox 895 1089 1126 1161; x_wconf 87' lang='lat' dir='ltr'>truculentam</span> <span class='ocrx_word' id='word_1_39' title='bbox 1143 1113 1291 1179; x_wconf 84' lang='lat' dir='ltr'>poenam</span> <span class='ocrx_word' id='word_1_40' title='bbox 1306 1090 1390 1156; x_wconf 92' lang='lat' dir='ltr'>mali</span> <span class='ocrx_word' id='word_1_41' title='bbox 1407 1092 1535 1175; x_wconf 88' lang='lat' dir='ltr'>gnber-</span> <span class='ocrx_word' id='word_1_42' title='bbox 1584 1093 1861 1179; x_wconf 75' lang='lat' dir='ltr'>propendentes,</span> <span class='ocrx_word' id='word_1_43' title='bbox 1892 1101 2099 1167; x_wconf 85' lang='lat' dir='ltr'>veteratorie</span> <span class='ocrx_word' id='word_1_44' title='bbox 2120 1116 2154 1169; x_wconf 91' lang='lat' dir='ltr'>et</span> <span class='ocrx_word' id='word_1_45' title='bbox 2177 1118 2307 1186; x_wconf 91' lang='lat' dir='ltr'>astute,</span> <span class='ocrx_word' id='word_1_46' title='bbox 2341 1111 2445 1198; x_wconf 90' lang='lat' dir='ltr'>plane</span> <span class='ocrx_word' id='word_1_47' title='bbox 2473 1114 2570 1185; x_wconf 72' lang='lat' dir='ltr'>sire.</span> 
     </span>
     <span class='ocr_line' id='line_1_5' title="bbox 557 1189 2571 1303; baseline 0.005 -32"><span class='ocrx_word' id='word_1_48' title='bbox 557 1217 696 1271; x_wconf 88' lang='lat' dir='ltr'>natores</span> <span class='ocrx_word' id='word_1_49' title='bbox 711 1201 783 1267; x_wconf 88' lang='lat' dir='ltr'>suis</span> <span class='ocrx_word' id='word_1_50' title='bbox 797 1195 910 1264; x_wconf 91' lang='lat' dir='ltr'>variae</span> <span class='ocrx_word' id='word_1_51' title='bbox 926 1189 1186 1257; x_wconf 66' lang='lat' dir='ltr'>inobedientiae</span> <span class='ocrx_word' id='word_1_52' title='bbox 1201 1190 1348 1280; x_wconf 89' lang='lat' dir='ltr'>peccatis</span> <span class='ocrx_word' id='word_1_53' title='bbox 1362 1189 1481 1272; x_wconf 90' lang='lat' dir='ltr'>luent,</span> <span class='ocrx_word' id='word_1_54' title='bbox 1501 1202 1536 1258; x_wconf 94' lang='lat' dir='ltr'>et</span> <span class='ocrx_word' id='word_1_55' title='bbox 1584 1211 1672 1257; x_wconf 91' lang='lat' dir='ltr'>num</span> <span class='ocrx_word' id='word_1_56' title='bbox 1694 1205 1798 1259; x_wconf 90' lang='lat' dir='ltr'>cantu</span> <span class='ocrx_word' id='word_1_57' title='bbox 1820 1195 1863 1262; x_wconf 88' lang='lat' dir='ltr'>ad</span> <span class='ocrx_word' id='word_1_58' title='bbox 1881 1216 1916 1260; x_wconf 91' lang='lat' dir='ltr'>se</span> <span class='ocrx_word' id='word_1_59' title='bbox 1932 1198 2111 1283; x_wconf 88' lang='lat' dir='ltr'>alliciunt,</span> <span class='ocrx_word' id='word_1_60' title='bbox 2133 1216 2174 1269; x_wconf 89' lang='lat' dir='ltr'>ut</span> <span class='ocrx_word' id='word_1_61' title='bbox 2188 1227 2247 1272; x_wconf 91' lang='lat' dir='ltr'>eos</span> <span class='ocrx_word' id='word_1_62' title='bbox 2262 1207 2307 1274; x_wconf 91' lang='lat' dir='ltr'>ab</span> <span class='ocrx_word' id='word_1_63' title='bbox 2321 1212 2419 1275; x_wconf 88' lang='lat' dir='ltr'>omni</span> <span class='ocrx_word' id='word_1_64' title='bbox 2438 1217 2571 1303; x_wconf 86' lang='lat' dir='ltr'>cogita-</span> 
     </span>
    </p>
   </div>
   <div class='ocr_carea' id='block_1_4' title="bbox 528 1289 2659 5893">
    <p class='ocr_par' dir='ltr' id='par_1_4' title="bbox 528 1289 2659 5893">
     <span class='ocr_line' id='line_1_6' title="bbox 559 1289 2574 1392; baseline 0.003 -24"><span class='ocrx_word' id='word_1_65' title='bbox 559 1296 814 1392; x_wconf 85' lang='lat' dir='ltr'>expertabunt?</span> <span class='ocrx_word' id='word_1_66' title='bbox 839 1306 872 1359; x_wconf 90' lang='lat' dir='ltr'>et</span> <span class='ocrx_word' id='word_1_67' title='bbox 895 1289 1040 1369; x_wconf 89' lang='lat' dir='ltr'>alienis,</span> <span class='ocrx_word' id='word_1_68' title='bbox 1073 1290 1203 1380; x_wconf 82' lang='lat' dir='ltr'>quibus</span> <span class='ocrx_word' id='word_1_69' title='bbox 1224 1312 1259 1356; x_wconf 92' lang='lat' dir='ltr'>se</span> <span class='ocrx_word' id='word_1_70' title='bbox 1283 1290 1536 1372; x_wconf 87' lang='lat' dir='ltr'>contaminant,</span> <span class='ocrx_word' id='word_1_71' title='bbox 1583 1289 1680 1356; x_wconf 90' lang='lat' dir='ltr'>tione</span> <span class='ocrx_word' id='word_1_72' title='bbox 1707 1291 1813 1359; x_wconf 83' lang='lat' dir='ltr'>officii</span> <span class='ocrx_word' id='word_1_73' title='bbox 1841 1295 2011 1364; x_wconf 86' lang='lat' dir='ltr'>abductos</span> <span class='ocrx_word' id='word_1_74' title='bbox 2039 1301 2096 1367; x_wconf 88' lang='lat' dir='ltr'>sui</span> <span class='ocrx_word' id='word_1_75' title='bbox 2126 1326 2229 1389; x_wconf 88' lang='lat' dir='ltr'>quarn</span> <span class='ocrx_word' id='word_1_76' title='bbox 2255 1307 2458 1378; x_wconf 87' lang='lat' dir='ltr'>simillimos</span> <span class='ocrx_word' id='word_1_77' title='bbox 2490 1320 2574 1384; x_wconf 87' lang='lat' dir='ltr'>red.</span> 
     </span>
     <span class='ocr_line' id='line_1_7' title="bbox 559 1389 2573 1490; baseline 0.003 -21"><span class='ocrx_word' id='word_1_78' title='bbox 559 1427 639 1472; x_wconf 86' lang='lat' dir='ltr'>curn</span> <span class='ocrx_word' id='word_1_79' title='bbox 658 1421 744 1490; x_wconf 82' lang='lat' dir='ltr'>qrros</span> <span class='ocrx_word' id='word_1_80' title='bbox 761 1394 889 1462; x_wconf 82' lang='lat' dir='ltr'>debent</span> <span class='ocrx_word' id='word_1_81' title='bbox 907 1404 940 1459; x_wconf 92' lang='lat' dir='ltr'>et</span> <span class='ocrx_word' id='word_1_82' title='bbox 958 1401 1102 1479; x_wconf 86' lang='lat' dir='ltr'>possunt</span> <span class='ocrx_word' id='word_1_83' title='bbox 1118 1413 1138 1457; x_wconf 90' lang='lat' dir='ltr'>a</span> <span class='ocrx_word' id='word_1_84' title='bbox 1157 1389 1351 1472; x_wconf 83' lang='lat' dir='ltr'>maleficiis,</span> <span class='ocrx_word' id='word_1_85' title='bbox 1378 1389 1537 1479; x_wconf 89' lang='lat' dir='ltr'>discipli·</span> <span class='ocrx_word' id='word_1_86' title='bbox 1585 1390 1693 1471; x_wconf 88' lang='lat' dir='ltr'>dant,</span> <span class='ocrx_word' id='word_1_87' title='bbox 1718 1391 1782 1458; x_wconf 88' lang='lat' dir='ltr'>etsi</span> <span class='ocrx_word' id='word_1_88' title='bbox 1806 1407 1890 1462; x_wconf 91' lang='lat' dir='ltr'>sunt</span> <span class='ocrx_word' id='word_1_89' title='bbox 1913 1394 2052 1481; x_wconf 90' lang='lat' dir='ltr'>literae,</span> <span class='ocrx_word' id='word_1_90' title='bbox 2077 1401 2206 1490; x_wconf 89' lang='lat' dir='ltr'>quihus</span> <span class='ocrx_word' id='word_1_91' title='bbox 2225 1402 2351 1475; x_wconf 90' lang='lat' dir='ltr'>horum</span> <span class='ocrx_word' id='word_1_92' title='bbox 2369 1412 2488 1480; x_wconf 90' lang='lat' dir='ltr'>studia</span> <span class='ocrx_word' id='word_1_93' title='bbox 2507 1415 2573 1484; x_wconf 90' lang='lat' dir='ltr'>bo.</span> 
     </span>
     <span class='ocr_line' id='line_1_8' title="bbox 560 1484 2572 1590; baseline 0.007 -21"><span class='ocrx_word' id='word_1_94' title='bbox 560 1504 633 1583; x_wconf 91' lang='lat' dir='ltr'>nis,</span> <span class='ocrx_word' id='word_1_95' title='bbox 658 1513 690 1565; x_wconf 86' lang='lat' dir='ltr'>et</span> <span class='ocrx_word' id='word_1_96' title='bbox 708 1492 876 1562; x_wconf 88' lang='lat' dir='ltr'>institutis</span> <span class='ocrx_word' id='word_1_97' title='bbox 894 1513 966 1558; x_wconf 93' lang='lat' dir='ltr'>non</span> <span class='ocrx_word' id='word_1_98' title='bbox 983 1484 1185 1569; x_wconf 89' lang='lat' dir='ltr'>cohercent,</span> <span class='ocrx_word' id='word_1_99' title='bbox 1211 1502 1244 1557; x_wconf 90' lang='lat' dir='ltr'>et</span> <span class='ocrx_word' id='word_1_100' title='bbox 1261 1490 1463 1557; x_wconf 83' lang='lat' dir='ltr'>refrenant?</span> <span class='ocrx_word' id='word_1_101' title='bbox 1586 1488 1642 1555; x_wconf 91' lang='lat' dir='ltr'>nis</span> <span class='ocrx_word' id='word_1_102' title='bbox 1660 1489 1747 1557; x_wconf 89' lang='lat' dir='ltr'>viris</span> <span class='ocrx_word' id='word_1_103' title='bbox 1773 1492 1811 1559; x_wconf 92' lang='lat' dir='ltr'>in</span> <span class='ocrx_word' id='word_1_104' title='bbox 1832 1492 2021 1564; x_wconf 77' lang='lat' dir='ltr'>Academia</span> <span class='ocrx_word' id='word_1_105' title='bbox 2045 1507 2352 1590; x_wconf 87' lang='lat' dir='ltr'>commendantur,</span> <span class='ocrx_word' id='word_1_106' title='bbox 2388 1504 2446 1578; x_wconf 91' lang='lat' dir='ltr'>hic</span> <span class='ocrx_word' id='word_1_107' title='bbox 2468 1515 2572 1584; x_wconf 86' lang='lat' dir='ltr'>valde</span> 
     </span>
     <span class='ocr_line' id='line_1_9' title="bbox 659 1587 2571 1702; baseline 0.011 -40"><span class='ocrx_word' id='word_1_108' title='bbox 659 1594 733 1663; x_wconf 86' lang='lat' dir='ltr'>Hac</span> <span class='ocrx_word' id='word_1_109' title='bbox 754 1593 911 1661; x_wconf 88' lang='lat' dir='ltr'>muneris</span> <span class='ocrx_word' id='word_1_110' title='bbox 929 1590 1039 1658; x_wconf 82' lang='lat' dir='ltr'>nostri</span> <span class='ocrx_word' id='word_1_111' title='bbox 1055 1589 1246 1678; x_wconf 89' lang='lat' dir='ltr'>religione,</span> <span class='ocrx_word' id='word_1_112' title='bbox 1268 1603 1302 1656; x_wconf 91' lang='lat' dir='ltr'>et</span> <span class='ocrx_word' id='word_1_113' title='bbox 1315 1612 1448 1678; x_wconf 89' lang='lat' dir='ltr'>poenae</span> <span class='ocrx_word' id='word_1_114' title='bbox 1460 1612 1536 1656; x_wconf 89' lang='lat' dir='ltr'>ma·</span> <span class='ocrx_word' id='word_1_115' title='bbox 1587 1587 1771 1673; x_wconf 88' lang='lat' dir='ltr'>laborant,</span> <span class='ocrx_word' id='word_1_116' title='bbox 1798 1605 1830 1661; x_wconf 89' lang='lat' dir='ltr'>ct</span> <span class='ocrx_word' id='word_1_117' title='bbox 1853 1594 1956 1662; x_wconf 84' lang='lat' dir='ltr'>malis</span> <span class='ocrx_word' id='word_1_118' title='bbox 1972 1598 2107 1667; x_wconf 90' lang='lat' dir='ltr'>artibus</span> <span class='ocrx_word' id='word_1_119' title='bbox 2122 1601 2295 1691; x_wconf 85' lang='lat' dir='ltr'>efficiunt,</span> <span class='ocrx_word' id='word_1_120' title='bbox 2321 1607 2425 1677; x_wconf 87' lang='lat' dir='ltr'>neiis</span> <span class='ocrx_word' id='word_1_121' title='bbox 2443 1612 2571 1702; x_wconf 89' lang='lat' dir='ltr'>quibus</span> 
     </span>
     <span class='ocr_line' id='line_1_10' title="bbox 559 1690 1993 1787; baseline -0.001 -22"><span class='ocrx_word' id='word_1_122' title='bbox 559 1695 762 1787; x_wconf 88' lang='lat' dir='ltr'>gnitudine,</span> <span class='ocrx_word' id='word_1_123' title='bbox 783 1715 872 1785; x_wconf 87' lang='lat' dir='ltr'>quae</span> <span class='ocrx_word' id='word_1_124' title='bbox 886 1690 1076 1761; x_wconf 86' lang='lat' dir='ltr'>desertioni</span> <span class='ocrx_word' id='word_1_125' title='bbox 1090 1690 1165 1759; x_wconf 89' lang='lat' dir='ltr'>eius</span> <span class='ocrx_word' id='word_1_126' title='bbox 1180 1690 1365 1758; x_wconf 88' lang='lat' dir='ltr'>constituta</span> <span class='ocrx_word' id='word_1_127' title='bbox 1383 1703 1450 1771; x_wconf 91' lang='lat' dir='ltr'>est,</span> <span class='ocrx_word' id='word_1_128' title='bbox 1470 1711 1536 1757; x_wconf 92' lang='lat' dir='ltr'>nos</span> <span class='ocrx_word' id='word_1_129' title='bbox 1570 1690 1763 1778; x_wconf 89' lang='lat' dir='ltr'>oportuit,</span> <span class='ocrx_word' id='word_1_130' title='bbox 1788 1694 1993 1765; x_wconf 88' lang='lat' dir='ltr'>reddantur.</span> 
     </span>
     <span class='ocr_line' id='line_1_11' title="bbox 560 1784 2568 1892; baseline 0.009 -27"><span class='ocrx_word' id='word_1_131' title='bbox 560 1797 688 1888; x_wconf 89' lang='lat' dir='ltr'>quibus</span> <span class='ocrx_word' id='word_1_132' title='bbox 723 1792 929 1882; x_wconf 80' lang='lat' dir='ltr'>gubernatio</span> <span class='ocrx_word' id='word_1_133' title='bbox 959 1784 1107 1861; x_wconf 87' lang='lat' dir='ltr'>Scholae</span> <span class='ocrx_word' id='word_1_134' title='bbox 1141 1784 1409 1878; x_wconf 88' lang='lat' dir='ltr'>Philosophicae</span> <span class='ocrx_word' id='word_1_135' title='bbox 1441 1790 1535 1877; x_wconf 89' lang='lat' dir='ltr'>apud</span> <span class='ocrx_word' id='word_1_136' title='bbox 1687 1787 1804 1859; x_wconf 90' lang='lat' dir='ltr'>Tanta</span> <span class='ocrx_word' id='word_1_137' title='bbox 1833 1807 1885 1862; x_wconf 91' lang='lat' dir='ltr'>est</span> <span class='ocrx_word' id='word_1_138' title='bbox 1911 1794 2059 1866; x_wconf 90' lang='lat' dir='ltr'>istorum</span> <span class='ocrx_word' id='word_1_139' title='bbox 2088 1796 2390 1892; x_wconf 81' lang='lat' dir='ltr'>sycophantarum</span> <span class='ocrx_word' id='word_1_140' title='bbox 2422 1814 2568 1885; x_wconf 92' lang='lat' dir='ltr'>audacia</span> 
     </span>
     <span class='ocr_line' id='line_1_12' title="bbox 533 1885 2568 1992; baseline 0.003 -25"><span class='ocrx_word' id='word_1_141' title='bbox 533 1885 831 1967; x_wconf 64' lang='lat' dir='ltr'>&#39;Rostochienses</span> <span class='ocrx_word' id='word_1_142' title='bbox 862 1890 1121 1972; x_wconf 77' lang='lat' dir='ltr'>esr¹mandata,</span> <span class='ocrx_word' id='word_1_143' title='bbox 1157 1913 1276 1958; x_wconf 88' lang='lat' dir='ltr'>sumus</span> <span class='ocrx_word' id='word_1_144' title='bbox 1300 1890 1463 1968; x_wconf 89' lang='lat' dir='ltr'>adducti,</span> <span class='ocrx_word' id='word_1_145' title='bbox 1496 1902 1536 1960; x_wconf 92' lang='lat' dir='ltr'>nt</span> <span class='ocrx_word' id='word_1_146' title='bbox 1585 1901 1619 1957; x_wconf 89' lang='lat' dir='ltr'>et</span> <span class='ocrx_word' id='word_1_147' title='bbox 1641 1889 1792 1963; x_wconf 86' lang='lat' dir='ltr'>malicia.</span> <span class='ocrx_word' id='word_1_148' title='bbox 1850 1888 1925 1961; x_wconf 81' lang='lat' dir='ltr'>Alii</span> <span class='ocrx_word' id='word_1_149' title='bbox 1949 1910 2074 1989; x_wconf 81' lang='lat' dir='ltr'>natura</span> <span class='ocrx_word' id='word_1_150' title='bbox 2098 1902 2191 1969; x_wconf 91' lang='lat' dir='ltr'>tardi</span> <span class='ocrx_word' id='word_1_151' title='bbox 2215 1915 2249 1970; x_wconf 92' lang='lat' dir='ltr'>et</span> <span class='ocrx_word' id='word_1_152' title='bbox 2272 1904 2379 1992; x_wconf 87' lang='lat' dir='ltr'>pigri,</span> <span class='ocrx_word' id='word_1_153' title='bbox 2413 1913 2568 1984; x_wconf 74' lang='lat' dir='ltr'>desidiae</span> 
     </span>
     <span class='ocr_line' id='line_1_13' title="bbox 560 1990 2570 2100; baseline 0.009 -35"><span class='ocrx_word' id='word_1_154' title='bbox 560 2021 633 2065; x_wconf 93' lang='lat' dir='ltr'>non</span> <span class='ocrx_word' id='word_1_155' title='bbox 659 1997 770 2064; x_wconf 88' lang='lat' dir='ltr'>solnm</span> <span class='ocrx_word' id='word_1_156' title='bbox 794 1998 837 2061; x_wconf 88' lang='lat' dir='ltr'>de</span> <span class='ocrx_word' id='word_1_157' title='bbox 859 1994 1038 2059; x_wconf 87' lang='lat' dir='ltr'>iuventute</span> <span class='ocrx_word' id='word_1_158' title='bbox 1055 2004 1193 2057; x_wconf 89' lang='lat' dir='ltr'>nostrae</span> <span class='ocrx_word' id='word_1_159' title='bbox 1207 1990 1423 2059; x_wconf 89' lang='lat' dir='ltr'>institutioni</span> <span class='ocrx_word' id='word_1_160' title='bbox 1439 2014 1535 2059; x_wconf 90' lang='lat' dir='ltr'>com·</span> <span class='ocrx_word' id='word_1_161' title='bbox 1587 2011 1659 2056; x_wconf 88' lang='lat' dir='ltr'>sese</span> <span class='ocrx_word' id='word_1_162' title='bbox 1680 1991 1834 2070; x_wconf 90' lang='lat' dir='ltr'>dedunt,</span> <span class='ocrx_word' id='word_1_163' title='bbox 1861 1995 1954 2063; x_wconf 90' lang='lat' dir='ltr'>etin</span> <span class='ocrx_word' id='word_1_164' title='bbox 1977 1998 2073 2087; x_wconf 87' lang='lat' dir='ltr'>turpi</span> <span class='ocrx_word' id='word_1_165' title='bbox 2094 2001 2192 2084; x_wconf 93' lang='lat' dir='ltr'>ocio,</span> <span class='ocrx_word' id='word_1_166' title='bbox 2217 2002 2375 2090; x_wconf 88' lang='lat' dir='ltr'>ignaviae</span> <span class='ocrx_word' id='word_1_167' title='bbox 2391 2008 2522 2100; x_wconf 81' lang='lat' dir='ltr'>frigore</span> <span class='ocrx_word' id='word_1_168' title='bbox 2536 2030 2570 2085; x_wconf 89' lang='lat' dir='ltr'>et</span> 
     </span>
     <span class='ocr_line' id='line_1_14' title="bbox 549 2090 2568 2205; baseline 0.009 -40"><span class='ocrx_word' id='word_1_169' title='bbox 549 2099 682 2178; x_wconf 87' lang='lat' dir='ltr'>missa,</span> <span class='ocrx_word' id='word_1_170' title='bbox 709 2097 765 2187; x_wconf 91' lang='lat' dir='ltr'>pie</span> <span class='ocrx_word' id='word_1_171' title='bbox 786 2107 818 2162; x_wconf 87' lang='lat' dir='ltr'>et</span> <span class='ocrx_word' id='word_1_172' title='bbox 841 2092 1032 2160; x_wconf 89' lang='lat' dir='ltr'>liberaliter</span> <span class='ocrx_word' id='word_1_173' title='bbox 1053 2090 1262 2173; x_wconf 86' lang='lat' dir='ltr'>erudienda,</span> <span class='ocrx_word' id='word_1_174' title='bbox 1284 2091 1344 2157; x_wconf 90' lang='lat' dir='ltr'>sed</span> <span class='ocrx_word' id='word_1_175' title='bbox 1368 2091 1535 2159; x_wconf 88' lang='lat' dir='ltr'>etiamde</span> <span class='ocrx_word' id='word_1_176' title='bbox 1587 2090 1720 2156; x_wconf 88' lang='lat' dir='ltr'>veterni</span> <span class='ocrx_word' id='word_1_177' title='bbox 1748 2113 1873 2179; x_wconf 86' lang='lat' dir='ltr'>sopore</span> <span class='ocrx_word' id='word_1_178' title='bbox 1906 2095 1955 2164; x_wconf 92' lang='lat' dir='ltr'>ita</span> <span class='ocrx_word' id='word_1_179' title='bbox 1982 2099 2230 2186; x_wconf 82' lang='lat' dir='ltr'>congelantur,</span> <span class='ocrx_word' id='word_1_180' title='bbox 2264 2117 2302 2171; x_wconf 89' lang='lat' dir='ltr'>ut</span> <span class='ocrx_word' id='word_1_181' title='bbox 2329 2107 2388 2175; x_wconf 86' lang='lat' dir='ltr'>vix</span> <span class='ocrx_word' id='word_1_182' title='bbox 2411 2136 2568 2205; x_wconf 90' lang='lat' dir='ltr'>unquam</span> 
     </span>
     <span class='ocr_line' id='line_1_15' title="bbox 561 2188 2569 2299; baseline 0.009 -34"><span class='ocrx_word' id='word_1_183' title='bbox 561 2197 745 2287; x_wconf 81' lang='lat' dir='ltr'>disciplina</span> <span class='ocrx_word' id='word_1_184' title='bbox 767 2216 905 2261; x_wconf 88' lang='lat' dir='ltr'>morum</span> <span class='ocrx_word' id='word_1_185' title='bbox 932 2191 1145 2259; x_wconf 87' lang='lat' dir='ltr'>restituenda</span> <span class='ocrx_word' id='word_1_186' title='bbox 1170 2204 1202 2259; x_wconf 90' lang='lat' dir='ltr'>et</span> <span class='ocrx_word' id='word_1_187' title='bbox 1218 2201 1417 2259; x_wconf 89' lang='lat' dir='ltr'>constanter</span> <span class='ocrx_word' id='word_1_188' title='bbox 1432 2203 1537 2258; x_wconf 89' lang='lat' dir='ltr'>tuen-</span> <span class='ocrx_word' id='word_1_189' title='bbox 1589 2190 1631 2253; x_wconf 87' lang='lat' dir='ltr'>ad</span> <span class='ocrx_word' id='word_1_190' title='bbox 1657 2188 1814 2259; x_wconf 90' lang='lat' dir='ltr'>discendi</span> <span class='ocrx_word' id='word_1_191' title='bbox 1837 2217 1958 2263; x_wconf 88' lang='lat' dir='ltr'>curam</span> <span class='ocrx_word' id='word_1_192' title='bbox 1975 2200 2267 2287; x_wconf 83' lang='lat' dir='ltr'>expergiscantur.</span> <span class='ocrx_word' id='word_1_193' title='bbox 2320 2203 2379 2276; x_wconf 85' lang='lat' dir='ltr'>Sic</span> <span class='ocrx_word' id='word_1_194' title='bbox 2395 2210 2478 2299; x_wconf 88' lang='lat' dir='ltr'>ipsis</span> <span class='ocrx_word' id='word_1_195' title='bbox 2496 2239 2569 2283; x_wconf 87' lang='lat' dir='ltr'>me-</span> 
     </span>
     <span class='ocr_line' id='line_1_16' title="bbox 562 2287 2568 2393; baseline 0.004 -31"><span class='ocrx_word' id='word_1_196' title='bbox 562 2303 628 2380; x_wconf 92' lang='lat' dir='ltr'>da,</span> <span class='ocrx_word' id='word_1_197' title='bbox 669 2297 855 2383; x_wconf 87' lang='lat' dir='ltr'>diligenter</span> <span class='ocrx_word' id='word_1_198' title='bbox 885 2291 1175 2373; x_wconf 85' lang='lat' dir='ltr'>deliberaremus,</span> <span class='ocrx_word' id='word_1_199' title='bbox 1215 2304 1248 2358; x_wconf 92' lang='lat' dir='ltr'>et</span> <span class='ocrx_word' id='word_1_200' title='bbox 1279 2290 1369 2357; x_wconf 89' lang='lat' dir='ltr'>serio</span> <span class='ocrx_word' id='word_1_201' title='bbox 1400 2290 1537 2382; x_wconf 89' lang='lat' dir='ltr'>aliquid</span> <span class='ocrx_word' id='word_1_202' title='bbox 1587 2287 1657 2354; x_wconf 90' lang='lat' dir='ltr'>lior</span> <span class='ocrx_word' id='word_1_203' title='bbox 1679 2301 1792 2371; x_wconf 91' lang='lat' dir='ltr'>aetas,</span> <span class='ocrx_word' id='word_1_204' title='bbox 1818 2305 1851 2360; x_wconf 89' lang='lat' dir='ltr'>et</span> <span class='ocrx_word' id='word_1_205' title='bbox 1875 2317 1929 2362; x_wconf 88' lang='lat' dir='ltr'>res</span> <span class='ocrx_word' id='word_1_206' title='bbox 1952 2300 2190 2386; x_wconf 86' lang='lat' dir='ltr'>aparentibus</span> <span class='ocrx_word' id='word_1_207' title='bbox 2205 2308 2422 2393; x_wconf 89' lang='lat' dir='ltr'>suppeditata</span> <span class='ocrx_word' id='word_1_208' title='bbox 2441 2313 2477 2380; x_wconf 93' lang='lat' dir='ltr'>in</span> <span class='ocrx_word' id='word_1_209' title='bbox 2496 2316 2568 2384; x_wconf 85' lang='lat' dir='ltr'>vir.</span> 
     </span>
     <span class='ocr_line' id='line_1_17' title="bbox 562 2387 2566 2503; baseline 0.006 -36"><span class='ocrx_word' id='word_1_210' title='bbox 562 2398 861 2473; x_wconf 87' lang='lat' dir='ltr'>constitueremus,</span> <span class='ocrx_word' id='word_1_211' title='bbox 885 2392 1087 2483; x_wconf 86' lang='lat' dir='ltr'>praesertim</span> <span class='ocrx_word' id='word_1_212' title='bbox 1103 2415 1180 2458; x_wconf 90' lang='lat' dir='ltr'>cum</span> <span class='ocrx_word' id='word_1_213' title='bbox 1194 2391 1392 2457; x_wconf 86' lang='lat' dir='ltr'>videremus</span> <span class='ocrx_word' id='word_1_214' title='bbox 1405 2390 1537 2457; x_wconf 87' lang='lat' dir='ltr'>floren·</span> <span class='ocrx_word' id='word_1_215' title='bbox 1587 2387 1673 2455; x_wconf 89' lang='lat' dir='ltr'>tntis</span> <span class='ocrx_word' id='word_1_216' title='bbox 1694 2390 1872 2473; x_wconf 88' lang='lat' dir='ltr'>studium,</span> <span class='ocrx_word' id='word_1_217' title='bbox 1895 2396 1988 2462; x_wconf 90' lang='lat' dir='ltr'>male</span> <span class='ocrx_word' id='word_1_218' title='bbox 2010 2398 2217 2484; x_wconf 90' lang='lat' dir='ltr'>collocatur,</span> <span class='ocrx_word' id='word_1_219' title='bbox 2242 2416 2276 2473; x_wconf 88' lang='lat' dir='ltr'>et</span> <span class='ocrx_word' id='word_1_220' title='bbox 2297 2407 2443 2497; x_wconf 87' lang='lat' dir='ltr'>indigne</span> <span class='ocrx_word' id='word_1_221' title='bbox 2467 2416 2566 2503; x_wconf 86' lang='lat' dir='ltr'>perit.</span> 
     </span>
     <span class='ocr_line' id='line_1_18' title="bbox 563 2484 2659 2598; baseline 0.008 -33"><span class='ocrx_word' id='word_1_222' title='bbox 563 2511 631 2565; x_wconf 85' lang='lat' dir='ltr'>tom</span> <span class='ocrx_word' id='word_1_223' title='bbox 653 2510 796 2564; x_wconf 88' lang='lat' dir='ltr'>aetatem</span> <span class='ocrx_word' id='word_1_224' title='bbox 823 2495 946 2581; x_wconf 89' lang='lat' dir='ltr'>niagna</span> <span class='ocrx_word' id='word_1_225' title='bbox 970 2516 1008 2558; x_wconf 90' lang='lat' dir='ltr'>ex</span> <span class='ocrx_word' id='word_1_226' title='bbox 1034 2503 1151 2579; x_wconf 90' lang='lat' dir='ltr'>parte,</span> <span class='ocrx_word' id='word_1_227' title='bbox 1177 2514 1249 2559; x_wconf 90' lang='lat' dir='ltr'>non</span> <span class='ocrx_word' id='word_1_228' title='bbox 1276 2492 1369 2581; x_wconf 90' lang='lat' dir='ltr'>qnod</span> <span class='ocrx_word' id='word_1_229' title='bbox 1397 2485 1535 2558; x_wconf 92' lang='lat' dir='ltr'>honesti</span> <span class='ocrx_word' id='word_1_230' title='bbox 1590 2484 1663 2554; x_wconf 90' lang='lat' dir='ltr'>Alii</span> <span class='ocrx_word' id='word_1_231' title='bbox 1689 2487 1828 2558; x_wconf 87' lang='lat' dir='ltr'>levitate</span> <span class='ocrx_word' id='word_1_232' title='bbox 1849 2504 2013 2578; x_wconf 87' lang='lat' dir='ltr'>naturae,</span> <span class='ocrx_word' id='word_1_233' title='bbox 2034 2510 2070 2566; x_wconf 92' lang='lat' dir='ltr'>et</span> <span class='ocrx_word' id='word_1_234' title='bbox 2088 2499 2221 2587; x_wconf 88' lang='lat' dir='ltr'>ingenii</span> <span class='ocrx_word' id='word_1_235' title='bbox 2238 2506 2405 2577; x_wconf 89' lang='lat' dir='ltr'>varietate</span> <span class='ocrx_word' id='word_1_236' title='bbox 2421 2515 2567 2598; x_wconf 90' lang='lat' dir='ltr'>seducti,</span> <span class='ocrx_word' id='word_1_237' title='bbox 2656 2536 2659 2541; x_wconf 84' lang='lat'>·</span> 
     </span>
     <span class='ocr_line' id='line_1_19' title="bbox 562 2588 2566 2695; baseline 0.008 -30"><span class='ocrx_word' id='word_1_238' title='bbox 562 2597 672 2674; x_wconf 88' lang='lat' dir='ltr'>ratio,</span> <span class='ocrx_word' id='word_1_239' title='bbox 705 2610 738 2664; x_wconf 90' lang='lat' dir='ltr'>et</span> <span class='ocrx_word' id='word_1_240' title='bbox 764 2595 867 2685; x_wconf 85' lang='lat' dir='ltr'>aequi</span> <span class='ocrx_word' id='word_1_241' title='bbox 898 2606 931 2660; x_wconf 91' lang='lat' dir='ltr'>et</span> <span class='ocrx_word' id='word_1_242' title='bbox 960 2592 1045 2659; x_wconf 92' lang='lat' dir='ltr'>boni</span> <span class='ocrx_word' id='word_1_243' title='bbox 1070 2592 1161 2678; x_wconf 89' lang='lat' dir='ltr'>leges</span> <span class='ocrx_word' id='word_1_244' title='bbox 1187 2590 1328 2673; x_wconf 89' lang='lat' dir='ltr'>iubent,</span> <span class='ocrx_word' id='word_1_245' title='bbox 1358 2593 1417 2658; x_wconf 91' lang='lat' dir='ltr'>sed</span> <span class='ocrx_word' id='word_1_246' title='bbox 1440 2591 1536 2681; x_wconf 90' lang='lat' dir='ltr'>quod</span> <span class='ocrx_word' id='word_1_247' title='bbox 1587 2588 1654 2654; x_wconf 87' lang='lat' dir='ltr'>sibi</span> <span class='ocrx_word' id='word_1_248' title='bbox 1674 2589 1826 2675; x_wconf 87' lang='lat' dir='ltr'>graviter</span> <span class='ocrx_word' id='word_1_249' title='bbox 1843 2608 1991 2677; x_wconf 90' lang='lat' dir='ltr'>nocent,</span> <span class='ocrx_word' id='word_1_250' title='bbox 2017 2608 2051 2664; x_wconf 88' lang='lat' dir='ltr'>et</span> <span class='ocrx_word' id='word_1_251' title='bbox 2065 2599 2199 2668; x_wconf 88' lang='lat' dir='ltr'>aditum</span> <span class='ocrx_word' id='word_1_252' title='bbox 2216 2606 2259 2671; x_wconf 89' lang='lat' dir='ltr'>ad</span> <span class='ocrx_word' id='word_1_253' title='bbox 2278 2608 2489 2695; x_wconf 89' lang='lat' dir='ltr'>optimarum</span> <span class='ocrx_word' id='word_1_254' title='bbox 2508 2638 2566 2681; x_wconf 92' lang='lat' dir='ltr'>ar-</span> 
     </span>
     <span class='ocr_line' id='line_1_20' title="bbox 562 2688 2565 2795; baseline 0.01 -32"><span class='ocrx_word' id='word_1_255' title='bbox 562 2697 653 2764; x_wconf 87' lang='lat' dir='ltr'>caeci</span> <span class='ocrx_word' id='word_1_256' title='bbox 697 2695 885 2762; x_wconf 88' lang='lat' dir='ltr'>libidinum</span> <span class='ocrx_word' id='word_1_257' title='bbox 916 2704 951 2760; x_wconf 89' lang='lat' dir='ltr'>et</span> <span class='ocrx_word' id='word_1_258' title='bbox 988 2691 1217 2777; x_wconf 89' lang='lat' dir='ltr'>cupiditatum</span> <span class='ocrx_word' id='word_1_259' title='bbox 1255 2702 1368 2760; x_wconf 90' lang='lat' dir='ltr'>aestus</span> <span class='ocrx_word' id='word_1_260' title='bbox 1407 2693 1536 2769; x_wconf 84' lang='lat' dir='ltr'>serunt,</span> <span class='ocrx_word' id='word_1_261' title='bbox 1587 2688 1675 2755; x_wconf 87' lang='lat' dir='ltr'>tium</span> <span class='ocrx_word' id='word_1_262' title='bbox 1702 2689 1941 2776; x_wconf 89' lang='lat' dir='ltr'>cognitionem</span> <span class='ocrx_word' id='word_1_263' title='bbox 1969 2694 2226 2784; x_wconf 88' lang='lat' dir='ltr'>intercludunt,</span> <span class='ocrx_word' id='word_1_264' title='bbox 2258 2711 2352 2795; x_wconf 90' lang='lat' dir='ltr'>qnod</span> <span class='ocrx_word' id='word_1_265' title='bbox 2383 2712 2428 2778; x_wconf 92' lang='lat' dir='ltr'>ab</span> <span class='ocrx_word' id='word_1_266' title='bbox 2452 2713 2496 2781; x_wconf 92' lang='lat' dir='ltr'>iis</span> <span class='ocrx_word' id='word_1_267' title='bbox 2521 2716 2565 2781; x_wconf 90' lang='lat' dir='ltr'>ad</span> 
     </span>
     <span class='ocr_line' id='line_1_21' title="bbox 562 2790 2565 2894; baseline 0.009 -31"><span class='ocrx_word' id='word_1_268' title='bbox 562 2798 727 2864; x_wconf 89' lang='lat' dir='ltr'>audacter</span> <span class='ocrx_word' id='word_1_269' title='bbox 758 2791 937 2881; x_wconf 87' lang='lat' dir='ltr'>amplecti,</span> <span class='ocrx_word' id='word_1_270' title='bbox 976 2804 1009 2857; x_wconf 92' lang='lat' dir='ltr'>et</span> <span class='ocrx_word' id='word_1_271' title='bbox 1038 2791 1259 2880; x_wconf 83' lang='lat' dir='ltr'>impudenter</span> <span class='ocrx_word' id='word_1_272' title='bbox 1287 2790 1404 2880; x_wconf 90' lang='lat' dir='ltr'>sequi,</span> <span class='ocrx_word' id='word_1_273' title='bbox 1440 2791 1536 2881; x_wconf 91' lang='lat' dir='ltr'>qnod</span> <span class='ocrx_word' id='word_1_274' title='bbox 1587 2810 1676 2878; x_wconf 83' lang='lat' dir='ltr'>quae</span> <span class='ocrx_word' id='word_1_275' title='bbox 1697 2793 1803 2857; x_wconf 84' lang='lat' dir='ltr'>ruodo</span> <span class='ocrx_word' id='word_1_276' title='bbox 1825 2797 2065 2879; x_wconf 78' lang='lat' dir='ltr'>cognoscenda</span> <span class='ocrx_word' id='word_1_277' title='bbox 2084 2817 2315 2887; x_wconf 88' lang='lat' dir='ltr'>accesserunt,</span> <span class='ocrx_word' id='word_1_278' title='bbox 2340 2811 2487 2894; x_wconf 87' lang='lat' dir='ltr'>adalia,</span> <span class='ocrx_word' id='word_1_279' title='bbox 2511 2828 2565 2881; x_wconf 92' lang='lat' dir='ltr'>at-</span> 
     </span>
     <span class='ocr_line' id='line_1_22' title="bbox 562 2885 2563 2992; baseline 0.009 -29"><span class='ocrx_word' id='word_1_280' title='bbox 562 2894 753 2963; x_wconf 85' lang='lat' dir='ltr'>multorum</span> <span class='ocrx_word' id='word_1_281' title='bbox 779 2892 960 2984; x_wconf 89' lang='lat' dir='ltr'>quaerelae</span> <span class='ocrx_word' id='word_1_282' title='bbox 983 2892 1114 2982; x_wconf 87' lang='lat' dir='ltr'>ubique</span> <span class='ocrx_word' id='word_1_283' title='bbox 1132 2913 1239 2980; x_wconf 87' lang='lat' dir='ltr'>prope</span> <span class='ocrx_word' id='word_1_284' title='bbox 1250 2903 1448 2975; x_wconf 81' lang='lat' dir='ltr'>terrarum,</span> <span class='ocrx_word' id='word_1_285' title='bbox 1469 2885 1537 2960; x_wconf 91' lang='lat' dir='ltr'>boc</span> <span class='ocrx_word' id='word_1_286' title='bbox 1587 2910 1656 2978; x_wconf 89' lang='lat' dir='ltr'>qne</span> <span class='ocrx_word' id='word_1_287' title='bbox 1683 2888 1751 2954; x_wconf 88' lang='lat' dir='ltr'>alia</span> <span class='ocrx_word' id='word_1_288' title='bbox 1779 2912 1914 2958; x_wconf 74' lang='lat' dir='ltr'>scamma</span> <span class='ocrx_word' id='word_1_289' title='bbox 1941 2894 2177 2968; x_wconf 91' lang='lat' dir='ltr'>inconstantia</span> <span class='ocrx_word' id='word_1_290' title='bbox 2200 2904 2418 2992; x_wconf 88' lang='lat' dir='ltr'>auferantur,</span> <span class='ocrx_word' id='word_1_291' title='bbox 2451 2916 2563 2982; x_wconf 89' lang='lat' dir='ltr'>multa</span> 
     </span>
     <span class='ocr_line' id='line_1_23' title="bbox 561 2986 2563 3100; baseline 0.01 -37"><span class='ocrx_word' id='word_1_292' title='bbox 561 2994 660 3063; x_wconf 82' lang='lat' dir='ltr'>fatali</span> <span class='ocrx_word' id='word_1_293' title='bbox 682 3007 853 3084; x_wconf 88' lang='lat' dir='ltr'>tempore,</span> <span class='ocrx_word' id='word_1_294' title='bbox 885 2992 1041 3061; x_wconf 90' lang='lat' dir='ltr'>accidere</span> <span class='ocrx_word' id='word_1_295' title='bbox 1059 3002 1249 3073; x_wconf 89' lang='lat' dir='ltr'>testantur,</span> <span class='ocrx_word' id='word_1_296' title='bbox 1271 3002 1304 3058; x_wconf 90' lang='lat' dir='ltr'>et</span> <span class='ocrx_word' id='word_1_297' title='bbox 1327 3003 1367 3059; x_wconf 90' lang='lat' dir='ltr'>ut</span> <span class='ocrx_word' id='word_1_298' title='bbox 1389 3013 1453 3058; x_wconf 92' lang='lat' dir='ltr'>nos</span> <span class='ocrx_word' id='word_1_299' title='bbox 1476 3013 1536 3058; x_wconf 86' lang='lat' dir='ltr'>ex·</span> <span class='ocrx_word' id='word_1_300' title='bbox 1587 2986 1823 3075; x_wconf 88' lang='lat' dir='ltr'>inceptantes,</span> <span class='ocrx_word' id='word_1_301' title='bbox 1857 2991 1894 3059; x_wconf 94' lang='lat' dir='ltr'>in</span> <span class='ocrx_word' id='word_1_302' title='bbox 1914 2994 2013 3064; x_wconf 87' lang='lat' dir='ltr'>nulla</span> <span class='ocrx_word' id='word_1_303' title='bbox 2035 3019 2073 3065; x_wconf 89' lang='lat' dir='ltr'>re</span> <span class='ocrx_word' id='word_1_304' title='bbox 2095 2997 2188 3067; x_wconf 84' lang='lat' dir='ltr'>firmi</span> <span class='ocrx_word' id='word_1_305' title='bbox 2214 3016 2248 3071; x_wconf 89' lang='lat' dir='ltr'>et</span> <span class='ocrx_word' id='word_1_306' title='bbox 2269 3007 2421 3081; x_wconf 88' lang='lat' dir='ltr'>stabiles.</span> <span class='ocrx_word' id='word_1_307' title='bbox 2481 3009 2563 3100; x_wconf 87' lang='lat' dir='ltr'>Quo</span> 
     </span>
     <span class='ocr_line' id='line_1_24' title="bbox 561 3085 2564 3196; baseline 0.008 -32"><span class='ocrx_word' id='word_1_308' title='bbox 561 3094 739 3185; x_wconf 83' lang='lat' dir='ltr'>petimur,</span> <span class='ocrx_word' id='word_1_309' title='bbox 762 3092 881 3162; x_wconf 91' lang='lat' dir='ltr'>minor</span> <span class='ocrx_word' id='word_1_310' title='bbox 901 3094 973 3161; x_wconf 81' lang='lat' dir='ltr'>sere</span> <span class='ocrx_word' id='word_1_311' title='bbox 995 3112 1074 3179; x_wconf 89' lang='lat' dir='ltr'>pars</span> <span class='ocrx_word' id='word_1_312' title='bbox 1094 3113 1235 3172; x_wconf 88' lang='lat' dir='ltr'>eorum,</span> <span class='ocrx_word' id='word_1_313' title='bbox 1261 3090 1322 3181; x_wconf 92' lang='lat' dir='ltr'>qui</span> <span class='ocrx_word' id='word_1_314' title='bbox 1345 3090 1383 3157; x_wconf 96' lang='lat' dir='ltr'>in</span> <span class='ocrx_word' id='word_1_315' title='bbox 1400 3085 1536 3158; x_wconf 91' lang='lat' dir='ltr'>scholas</span> <span class='ocrx_word' id='word_1_316' title='bbox 1586 3087 1739 3156; x_wconf 89' lang='lat' dir='ltr'>levitatis</span> <span class='ocrx_word' id='word_1_317' title='bbox 1763 3090 1847 3159; x_wconf 87' lang='lat' dir='ltr'>vitio</span> <span class='ocrx_word' id='word_1_318' title='bbox 1869 3092 1923 3173; x_wconf 88' lang='lat' dir='ltr'>fit,</span> <span class='ocrx_word' id='word_1_319' title='bbox 1956 3109 1995 3164; x_wconf 87' lang='lat' dir='ltr'>ut</span> <span class='ocrx_word' id='word_1_320' title='bbox 2016 3096 2056 3164; x_wconf 95' lang='lat' dir='ltr'>in</span> <span class='ocrx_word' id='word_1_321' title='bbox 2078 3099 2178 3168; x_wconf 89' lang='lat' dir='ltr'>nullo</span> <span class='ocrx_word' id='word_1_322' title='bbox 2200 3102 2257 3169; x_wconf 86' lang='lat' dir='ltr'>vel</span> <span class='ocrx_word' id='word_1_323' title='bbox 2278 3104 2476 3196; x_wconf 82' lang='lat' dir='ltr'>doctrinae,</span> <span class='ocrx_word' id='word_1_324' title='bbox 2509 3114 2564 3181; x_wconf 89' lang='lat' dir='ltr'>vel</span> 
     </span>
     <span class='ocr_line' id='line_1_25' title="bbox 561 3188 2564 3293; baseline 0.009 -30"><span class='ocrx_word' id='word_1_325' title='bbox 561 3195 751 3265; x_wconf 87' lang='lat' dir='ltr'>mittuntur</span> <span class='ocrx_word' id='word_1_326' title='bbox 773 3194 890 3262; x_wconf 87' lang='lat' dir='ltr'>studio</span> <span class='ocrx_word' id='word_1_327' title='bbox 913 3190 1071 3261; x_wconf 87' lang='lat' dir='ltr'>discendi</span> <span class='ocrx_word' id='word_1_328' title='bbox 1094 3213 1254 3274; x_wconf 87' lang='lat' dir='ltr'>accensa,</span> <span class='ocrx_word' id='word_1_329' title='bbox 1286 3203 1379 3260; x_wconf 87' lang='lat' dir='ltr'>recta</span> <span class='ocrx_word' id='word_1_330' title='bbox 1401 3193 1446 3259; x_wconf 93' lang='lat' dir='ltr'>ad</span> <span class='ocrx_word' id='word_1_331' title='bbox 1468 3191 1536 3259; x_wconf 87' lang='lat' dir='ltr'>ali·</span> <span class='ocrx_word' id='word_1_332' title='bbox 1586 3188 1843 3259; x_wconf 80' lang='lat' dir='ltr'>exercitationis</span> <span class='ocrx_word' id='word_1_333' title='bbox 1877 3214 2003 3281; x_wconf 84' lang='lat' dir='ltr'>genere</span> <span class='ocrx_word' id='word_1_334' title='bbox 2036 3198 2207 3288; x_wconf 86' lang='lat' dir='ltr'>tantisper</span> <span class='ocrx_word' id='word_1_335' title='bbox 2233 3204 2437 3293; x_wconf 85' lang='lat' dir='ltr'>persistant,</span> <span class='ocrx_word' id='word_1_336' title='bbox 2480 3213 2564 3280; x_wconf 89' lang='lat' dir='ltr'>dum</span> 
     </span>
     <span class='ocr_line' id='line_1_26' title="bbox 562 3288 2565 3401; baseline 0.009 -39"><span class='ocrx_word' id='word_1_337' title='bbox 562 3319 667 3389; x_wconf 89' lang='lat' dir='ltr'>quam</span> <span class='ocrx_word' id='word_1_338' title='bbox 695 3294 875 3365; x_wconf 91' lang='lat' dir='ltr'>doctrinae</span> <span class='ocrx_word' id='word_1_339' title='bbox 903 3292 1062 3375; x_wconf 85' lang='lat' dir='ltr'>laudern,</span> <span class='ocrx_word' id='word_1_340' title='bbox 1102 3305 1136 3360; x_wconf 92' lang='lat' dir='ltr'>et</span> <span class='ocrx_word' id='word_1_341' title='bbox 1165 3290 1307 3361; x_wconf 87' lang='lat' dir='ltr'>virtutis</span> <span class='ocrx_word' id='word_1_342' title='bbox 1337 3292 1461 3373; x_wconf 88' lang='lat' dir='ltr'>decus,</span> <span class='ocrx_word' id='word_1_343' title='bbox 1494 3303 1536 3359; x_wconf 94' lang='lat' dir='ltr'>ut</span> <span class='ocrx_word' id='word_1_344' title='bbox 1585 3288 1681 3377; x_wconf 93' lang='lat' dir='ltr'>quod</span> <span class='ocrx_word' id='word_1_345' title='bbox 1704 3290 1846 3374; x_wconf 92' lang='lat' dir='ltr'>volunt,</span> <span class='ocrx_word' id='word_1_346' title='bbox 1871 3306 1907 3359; x_wconf 88' lang='lat' dir='ltr'>et</span> <span class='ocrx_word' id='word_1_347' title='bbox 1920 3296 2051 3365; x_wconf 89' lang='lat' dir='ltr'>debent</span> <span class='ocrx_word' id='word_1_348' title='bbox 2063 3314 2305 3392; x_wconf 85' lang='lat' dir='ltr'>assequantur.</span> <span class='ocrx_word' id='word_1_349' title='bbox 2355 3307 2411 3375; x_wconf 87' lang='lat' dir='ltr'>Ad</span> <span class='ocrx_word' id='word_1_350' title='bbox 2429 3325 2565 3401; x_wconf 90' lang='lat' dir='ltr'>postre-</span> 
     </span>
     <span class='ocr_line' id='line_1_27' title="bbox 563 3385 2563 3503; baseline 0.009 -40"><span class='ocrx_word' id='word_1_351' title='bbox 563 3409 717 3486; x_wconf 91' lang='lat' dir='ltr'>oportet,</span> <span class='ocrx_word' id='word_1_352' title='bbox 754 3393 948 3462; x_wconf 90' lang='lat' dir='ltr'>contendit:</span> <span class='ocrx_word' id='word_1_353' title='bbox 989 3385 1043 3457; x_wconf 82' lang='lat' dir='ltr'>Ex</span> <span class='ocrx_word' id='word_1_354' title='bbox 1065 3388 1210 3459; x_wconf 89' lang='lat' dir='ltr'>caeteris</span> <span class='ocrx_word' id='word_1_355' title='bbox 1230 3391 1291 3458; x_wconf 90' lang='lat' dir='ltr'>alii</span> <span class='ocrx_word' id='word_1_356' title='bbox 1314 3393 1367 3459; x_wconf 85' lang='lat' dir='ltr'>sui</span> <span class='ocrx_word' id='word_1_357' title='bbox 1388 3385 1536 3460; x_wconf 90' lang='lat' dir='ltr'>honoris</span> <span class='ocrx_word' id='word_1_358' title='bbox 1585 3412 1682 3456; x_wconf 89' lang='lat' dir='ltr'>mum</span> <span class='ocrx_word' id='word_1_359' title='bbox 1704 3405 1803 3475; x_wconf 92' lang='lat' dir='ltr'>sunt,</span> <span class='ocrx_word' id='word_1_360' title='bbox 1832 3393 1870 3459; x_wconf 93' lang='lat' dir='ltr'>in</span> <span class='ocrx_word' id='word_1_361' title='bbox 1893 3395 2023 3487; x_wconf 85' lang='lat' dir='ltr'>quibus</span> <span class='ocrx_word' id='word_1_362' title='bbox 2044 3421 2159 3491; x_wconf 87' lang='lat' dir='ltr'>neque</span> <span class='ocrx_word' id='word_1_363' title='bbox 2180 3401 2314 3492; x_wconf 91' lang='lat' dir='ltr'>ingenii</span> <span class='ocrx_word' id='word_1_364' title='bbox 2336 3407 2427 3489; x_wconf 90' lang='lat' dir='ltr'>vim,</span> <span class='ocrx_word' id='word_1_365' title='bbox 2450 3435 2563 3503; x_wconf 90' lang='lat' dir='ltr'>neque</span> 
     </span>
     <span class='ocr_line' id='line_1_28' title="bbox 563 3483 2561 3597; baseline 0.009 -35"><span class='ocrx_word' id='word_1_366' title='bbox 563 3509 596 3562; x_wconf 86' lang='lat' dir='ltr'>et</span> <span class='ocrx_word' id='word_1_367' title='bbox 619 3493 740 3562; x_wconf 88' lang='lat' dir='ltr'>salutis</span> <span class='ocrx_word' id='word_1_368' title='bbox 762 3491 883 3571; x_wconf 90' lang='lat' dir='ltr'>obliti,</span> <span class='ocrx_word' id='word_1_369' title='bbox 904 3502 1041 3578; x_wconf 90' lang='lat' dir='ltr'>praeter</span> <span class='ocrx_word' id='word_1_370' title='bbox 1061 3483 1259 3557; x_wconf 90' lang='lat' dir='ltr'>scholarum</span> <span class='ocrx_word' id='word_1_371' title='bbox 1281 3490 1390 3575; x_wconf 88' lang='lat' dir='ltr'>leges,</span> <span class='ocrx_word' id='word_1_372' title='bbox 1416 3506 1449 3559; x_wconf 92' lang='lat' dir='ltr'>et</span> <span class='ocrx_word' id='word_1_373' title='bbox 1473 3516 1534 3580; x_wconf 91' lang='lat' dir='ltr'>pa·</span> <span class='ocrx_word' id='word_1_374' title='bbox 1585 3490 1743 3557; x_wconf 90' lang='lat' dir='ltr'>discendi</span> <span class='ocrx_word' id='word_1_375' title='bbox 1767 3492 1924 3561; x_wconf 87' lang='lat' dir='ltr'>laborem</span> <span class='ocrx_word' id='word_1_376' title='bbox 1943 3497 2135 3582; x_wconf 89' lang='lat' dir='ltr'>desideres,</span> <span class='ocrx_word' id='word_1_377' title='bbox 2162 3505 2221 3571; x_wconf 86' lang='lat' dir='ltr'>sed</span> <span class='ocrx_word' id='word_1_378' title='bbox 2237 3506 2362 3576; x_wconf 89' lang='lat' dir='ltr'>melius</span> <span class='ocrx_word' id='word_1_379' title='bbox 2380 3508 2561 3597; x_wconf 88' lang='lat' dir='ltr'>iudicium,</span> 
     </span>
     <span class='ocr_line' id='line_1_29' title="bbox 562 3587 2562 3696; baseline 0.012 -37"><span class='ocrx_word' id='word_1_380' title='bbox 562 3605 701 3660; x_wconf 87' lang='lat' dir='ltr'>rentum</span> <span class='ocrx_word' id='word_1_381' title='bbox 729 3590 911 3670; x_wconf 89' lang='lat' dir='ltr'>mandata,</span> <span class='ocrx_word' id='word_1_382' title='bbox 944 3608 1004 3669; x_wconf 91' lang='lat' dir='ltr'>ea,</span> <span class='ocrx_word' id='word_1_383' title='bbox 1034 3608 1123 3678; x_wconf 88' lang='lat' dir='ltr'>qnae</span> <span class='ocrx_word' id='word_1_384' title='bbox 1143 3587 1264 3674; x_wconf 88' lang='lat' dir='ltr'>gulae,</span> <span class='ocrx_word' id='word_1_385' title='bbox 1296 3600 1331 3656; x_wconf 90' lang='lat' dir='ltr'>et</span> <span class='ocrx_word' id='word_1_386' title='bbox 1356 3592 1471 3657; x_wconf 90' lang='lat' dir='ltr'>ventri</span> <span class='ocrx_word' id='word_1_387' title='bbox 1495 3591 1532 3659; x_wconf 90' lang='lat' dir='ltr'>in</span> <span class='ocrx_word' id='word_1_388' title='bbox 1584 3601 1618 3657; x_wconf 92' lang='lat' dir='ltr'>et</span> <span class='ocrx_word' id='word_1_389' title='bbox 1640 3589 1767 3657; x_wconf 89' lang='lat' dir='ltr'>rectius</span> <span class='ocrx_word' id='word_1_390' title='bbox 1790 3592 1999 3672; x_wconf 88' lang='lat' dir='ltr'>consilium,</span> <span class='ocrx_word' id='word_1_391' title='bbox 2025 3598 2087 3685; x_wconf 86' lang='lat' dir='ltr'>qui</span> <span class='ocrx_word' id='word_1_392' title='bbox 2109 3621 2270 3685; x_wconf 87' lang='lat' dir='ltr'>perversa</span> <span class='ocrx_word' id='word_1_393' title='bbox 2293 3608 2503 3696; x_wconf 88' lang='lat' dir='ltr'>cupiditate,</span> <span class='ocrx_word' id='word_1_394' title='bbox 2528 3626 2562 3683; x_wconf 92' lang='lat' dir='ltr'>et</span> 
     </span>
     <span class='ocr_line' id='line_1_30' title="bbox 562 3685 2561 3799; baseline 0.009 -39"><span class='ocrx_word' id='word_1_395' title='bbox 562 3690 753 3783; x_wconf 86' lang='lat' dir='ltr'>praesentia</span> <span class='ocrx_word' id='word_1_396' title='bbox 779 3688 898 3759; x_wconf 90' lang='lat' dir='ltr'>suavia</span> <span class='ocrx_word' id='word_1_397' title='bbox 922 3699 1022 3770; x_wconf 87' lang='lat' dir='ltr'>sunt,</span> <span class='ocrx_word' id='word_1_398' title='bbox 1052 3699 1249 3771; x_wconf 84' lang='lat' dir='ltr'>sectantur,</span> <span class='ocrx_word' id='word_1_399' title='bbox 1282 3700 1317 3756; x_wconf 90' lang='lat' dir='ltr'>et</span> <span class='ocrx_word' id='word_1_400' title='bbox 1337 3688 1449 3778; x_wconf 90' lang='lat' dir='ltr'>prima</span> <span class='ocrx_word' id='word_1_401' title='bbox 1470 3685 1540 3759; x_wconf 88' lang='lat' dir='ltr'>ha-.</span> <span class='ocrx_word' id='word_1_402' title='bbox 1583 3688 1686 3757; x_wconf 86' lang='lat' dir='ltr'>stulta</span> <span class='ocrx_word' id='word_1_403' title='bbox 1709 3689 1905 3758; x_wconf 85' lang='lat' dir='ltr'>ambitione</span> <span class='ocrx_word' id='word_1_404' title='bbox 1929 3693 2124 3779; x_wconf 88' lang='lat' dir='ltr'>praeteritis</span> <span class='ocrx_word' id='word_1_405' title='bbox 2146 3696 2289 3785; x_wconf 89' lang='lat' dir='ltr'>linguae</span> <span class='ocrx_word' id='word_1_406' title='bbox 2308 3705 2439 3776; x_wconf 92' lang='lat' dir='ltr'>latinae</span> <span class='ocrx_word' id='word_1_407' title='bbox 2460 3734 2561 3799; x_wconf 89' lang='lat' dir='ltr'>prae-</span> 
     </span>
     <span class='ocr_line' id='line_1_31' title="bbox 560 3787 2559 3890; baseline 0.007 -26"><span class='ocrx_word' id='word_1_408' title='bbox 560 3796 663 3876; x_wconf 90' lang='lat' dir='ltr'>bent,</span> <span class='ocrx_word' id='word_1_409' title='bbox 708 3814 811 3883; x_wconf 87' lang='lat' dir='ltr'>seque</span> <span class='ocrx_word' id='word_1_410' title='bbox 841 3788 975 3858; x_wconf 91' lang='lat' dir='ltr'>levibus</span> <span class='ocrx_word' id='word_1_411' title='bbox 1005 3800 1040 3856; x_wconf 89' lang='lat' dir='ltr'>et</span> <span class='ocrx_word' id='word_1_412' title='bbox 1069 3787 1216 3879; x_wconf 89' lang='lat' dir='ltr'>impuris</span> <span class='ocrx_word' id='word_1_413' title='bbox 1243 3789 1533 3872; x_wconf 87' lang='lat' dir='ltr'>adolescentibus,</span> <span class='ocrx_word' id='word_1_414' title='bbox 1582 3787 1707 3876; x_wconf 89' lang='lat' dir='ltr'>ceptis,</span> <span class='ocrx_word' id='word_1_415' title='bbox 1732 3788 1862 3879; x_wconf 88' lang='lat' dir='ltr'>quibus</span> <span class='ocrx_word' id='word_1_416' title='bbox 1876 3789 2031 3884; x_wconf 89' lang='lat' dir='ltr'>reliquae</span> <span class='ocrx_word' id='word_1_417' title='bbox 2044 3805 2134 3864; x_wconf 88' lang='lat' dir='ltr'>artes</span> <span class='ocrx_word' id='word_1_418' title='bbox 2148 3807 2313 3890; x_wconf 88' lang='lat' dir='ltr'>tanquam</span> <span class='ocrx_word' id='word_1_419' title='bbox 2328 3802 2559 3878; x_wconf 82' lang='lat' dir='ltr'>fundamento</span> 
     </span>
     <span class='ocr_line' id='line_1_32' title="bbox 559 3882 2558 3992; baseline 0.014 -41"><span class='ocrx_word' id='word_1_420' title='bbox 559 3917 648 3987; x_wconf 73' lang='lat' dir='ltr'>quae</span> <span class='ocrx_word' id='word_1_421' title='bbox 669 3890 896 3982; x_wconf 70' lang='lat' dir='ltr'>posterulam</span> <span class='ocrx_word' id='word_1_422' title='bbox 913 3889 951 3955; x_wconf 92' lang='lat' dir='ltr'>in</span> <span class='ocrx_word' id='word_1_423' title='bbox 966 3882 1122 3973; x_wconf 84' lang='lat' dir='ltr'>scholis,</span> <span class='ocrx_word' id='word_1_424' title='bbox 1145 3901 1185 3957; x_wconf 90' lang='lat' dir='ltr'>nt</span> <span class='ocrx_word' id='word_1_425' title='bbox 1200 3887 1341 3958; x_wconf 88' lang='lat' dir='ltr'>Zizania</span> <span class='ocrx_word' id='word_1_426' title='bbox 1358 3902 1393 3959; x_wconf 87' lang='lat' dir='ltr'>et</span> <span class='ocrx_word' id='word_1_427' title='bbox 1408 3891 1531 3961; x_wconf 86' lang='lat' dir='ltr'>lolium</span> <span class='ocrx_word' id='word_1_428' title='bbox 1582 3888 1767 3972; x_wconf 87' lang='lat' dir='ltr'>nituntur,</span> <span class='ocrx_word' id='word_1_429' title='bbox 1796 3892 1841 3959; x_wconf 87' lang='lat' dir='ltr'>ad</span> <span class='ocrx_word' id='word_1_430' title='bbox 1870 3889 2020 3961; x_wconf 86' lang='lat' dir='ltr'>maiores</span> <span class='ocrx_word' id='word_1_431' title='bbox 2048 3906 2138 3964; x_wconf 73' lang='lat' dir='ltr'>anes</span> <span class='ocrx_word' id='word_1_432' title='bbox 2168 3910 2202 3967; x_wconf 89' lang='lat' dir='ltr'>et</span> <span class='ocrx_word' id='word_1_433' title='bbox 2223 3899 2426 3992; x_wconf 85' lang='lat' dir='ltr'>disciplinas</span> <span class='ocrx_word' id='word_1_434' title='bbox 2447 3907 2558 3979; x_wconf 87' lang='lat' dir='ltr'>illotis</span> 
     </span>
     <span class='ocr_line' id='line_1_33' title="bbox 561 3987 2618 4097; baseline 0.008 -35"><span class='ocrx_word' id='word_1_435' title='bbox 561 3997 597 4062; x_wconf 91' lang='lat' dir='ltr'>in</span> <span class='ocrx_word' id='word_1_436' title='bbox 621 3993 735 4062; x_wconf 88' lang='lat' dir='ltr'>tritico</span> <span class='ocrx_word' id='word_1_437' title='bbox 759 3990 1000 4080; x_wconf 88' lang='lat' dir='ltr'>reperiuntur,</span> <span class='ocrx_word' id='word_1_438' title='bbox 1025 3988 1212 4073; x_wconf 87' lang='lat' dir='ltr'>associant,</span> <span class='ocrx_word' id='word_1_439' title='bbox 1237 3990 1366 4081; x_wconf 86' lang='lat' dir='ltr'>quibus</span> <span class='ocrx_word' id='word_1_440' title='bbox 1382 3991 1532 4061; x_wconf 88' lang='lat' dir='ltr'>ducibus</span> <span class='ocrx_word' id='word_1_441' title='bbox 1572 3987 1729 4076; x_wconf 85' lang='lat' dir='ltr'>pedibus</span> <span class='ocrx_word' id='word_1_442' title='bbox 1762 4003 1797 4060; x_wconf 88' lang='lat' dir='ltr'>et</span> <span class='ocrx_word' id='word_1_443' title='bbox 1832 3991 2013 4071; x_wconf 90' lang='lat' dir='ltr'>manibus,</span> <span class='ocrx_word' id='word_1_444' title='bbox 2054 4005 2095 4063; x_wconf 90' lang='lat' dir='ltr'>ut</span> <span class='ocrx_word' id='word_1_445' title='bbox 2125 3995 2271 4080; x_wconf 91' lang='lat' dir='ltr'>dicitnr,</span> <span class='ocrx_word' id='word_1_446' title='bbox 2309 4024 2557 4097; x_wconf 85' lang='lat' dir='ltr'>approperant,</span> <span class='ocrx_word' id='word_1_447' title='bbox 2616 4066 2618 4075; x_wconf 93' lang='lat'><em>.</em></span> 
     </span>
     <span class='ocr_line' id='line_1_34' title="bbox 559 4087 2557 4195; baseline 0.007 -32"><span class='ocrx_word' id='word_1_448' title='bbox 559 4095 707 4186; x_wconf 88' lang='lat' dir='ltr'>popinas</span> <span class='ocrx_word' id='word_1_449' title='bbox 736 4104 770 4161; x_wconf 89' lang='lat' dir='ltr'>et</span> <span class='ocrx_word' id='word_1_450' title='bbox 796 4111 942 4179; x_wconf 85' lang='lat' dir='ltr'>ganeas,</span> <span class='ocrx_word' id='word_1_451' title='bbox 970 4112 1044 4157; x_wconf 92' lang='lat' dir='ltr'>non</span> <span class='ocrx_word' id='word_1_452' title='bbox 1069 4087 1253 4161; x_wconf 88' lang='lat' dir='ltr'>Musamrn</span> <span class='ocrx_word' id='word_1_453' title='bbox 1279 4092 1391 4162; x_wconf 88' lang='lat' dir='ltr'>aedes·</span> <span class='ocrx_word' id='word_1_454' title='bbox 1402 4106 1435 4163; x_wconf 89' lang='lat' dir='ltr'>et</span> <span class='ocrx_word' id='word_1_455' title='bbox 1457 4093 1531 4163; x_wconf 92' lang='lat' dir='ltr'>Mi·</span> <span class='ocrx_word' id='word_1_456' title='bbox 1581 4089 1619 4157; x_wconf 84' lang='lat' dir='ltr'>in</span> <span class='ocrx_word' id='word_1_457' title='bbox 1642 4088 1773 4181; x_wconf 77' lang='lat' dir='ltr'>quibus</span> <span class='ocrx_word' id='word_1_458' title='bbox 1795 4091 1895 4160; x_wconf 70' lang='lat' dir='ltr'>stulti</span> <span class='ocrx_word' id='word_1_459' title='bbox 1917 4093 2151 4164; x_wconf 68' lang='lat' dir='ltr'>adolescentes</span> <span class='ocrx_word' id='word_1_460' title='bbox 2174 4101 2275 4169; x_wconf 80' lang='lat' dir='ltr'>valde</span> <span class='ocrx_word' id='word_1_461' title='bbox 2293 4104 2434 4195; x_wconf 85' lang='lat' dir='ltr'>quidem</span> <span class='ocrx_word' id='word_1_462' title='bbox 2452 4111 2557 4180; x_wconf 89' lang='lat' dir='ltr'>desu-</span> 
     </span>
     <span class='ocr_line' id='line_1_35' title="bbox 559 4189 2557 4298; baseline 0.008 -34"><span class='ocrx_word' id='word_1_463' title='bbox 559 4217 686 4266; x_wconf 88' lang='lat' dir='ltr'>nervac</span> <span class='ocrx_word' id='word_1_464' title='bbox 713 4192 844 4283; x_wconf 86' lang='lat' dir='ltr'>templa</span> <span class='ocrx_word' id='word_1_465' title='bbox 867 4189 1089 4282; x_wconf 86' lang='lat' dir='ltr'>frequentare</span> <span class='ocrx_word' id='word_1_466' title='bbox 1107 4205 1326 4278; x_wconf 89' lang='lat' dir='ltr'>assuescunt,</span> <span class='ocrx_word' id='word_1_467' title='bbox 1357 4217 1377 4263; x_wconf 95' lang='lat' dir='ltr'>a</span> <span class='ocrx_word' id='word_1_468' title='bbox 1400 4194 1531 4287; x_wconf 87' lang='lat' dir='ltr'>quibus</span> <span class='ocrx_word' id='word_1_469' title='bbox 1579 4190 1682 4272; x_wconf 89' lang='lat' dir='ltr'>dant,</span> <span class='ocrx_word' id='word_1_470' title='bbox 1707 4202 1748 4257; x_wconf 88' lang='lat' dir='ltr'>ut</span> <span class='ocrx_word' id='word_1_471' title='bbox 1771 4211 1828 4259; x_wconf 83' lang='lat' dir='ltr'>eas</span> <span class='ocrx_word' id='word_1_472' title='bbox 1843 4206 2072 4284; x_wconf 84' lang='lat' dir='ltr'>cognoscant,</span> <span class='ocrx_word' id='word_1_473' title='bbox 2098 4208 2132 4265; x_wconf 88' lang='lat' dir='ltr'>et</span> <span class='ocrx_word' id='word_1_474' title='bbox 2147 4198 2208 4266; x_wconf 91' lang='lat' dir='ltr'>diu</span> <span class='ocrx_word' id='word_1_475' title='bbox 2222 4204 2443 4298; x_wconf 86' lang='lat' dir='ltr'>multumque</span> <span class='ocrx_word' id='word_1_476' title='bbox 2457 4210 2557 4279; x_wconf 91' lang='lat' dir='ltr'>labo-</span> 
     </span>
     <span class='ocr_line' id='line_1_36' title="bbox 557 4289 2557 4380; baseline 0.009 -16"><span class='ocrx_word' id='word_1_477' title='bbox 557 4297 606 4367; x_wconf 93' lang='lat' dir='ltr'>ita</span> <span class='ocrx_word' id='word_1_478' title='bbox 630 4295 673 4364; x_wconf 93' lang='lat' dir='ltr'>ad</span> <span class='ocrx_word' id='word_1_479' title='bbox 695 4289 824 4364; x_wconf 90' lang='lat' dir='ltr'>Bacchi</span> <span class='ocrx_word' id='word_1_480' title='bbox 844 4313 972 4380; x_wconf 90' lang='lat' dir='ltr'>organa</span> <span class='ocrx_word' id='word_1_481' title='bbox 998 4306 1032 4362; x_wconf 88' lang='lat' dir='ltr'>et</span> <span class='ocrx_word' id='word_1_482' title='bbox 1054 4293 1096 4360; x_wconf 92' lang='lat' dir='ltr'>ad</span> <span class='ocrx_word' id='word_1_483' title='bbox 1119 4293 1228 4363; x_wconf 90' lang='lat' dir='ltr'>lustra</span> <span class='ocrx_word' id='word_1_484' title='bbox 1245 4290 1394 4363; x_wconf 89' lang='lat' dir='ltr'>Veneris</span> <span class='ocrx_word' id='word_1_485' title='bbox 1416 4296 1529 4363; x_wconf 90' lang='lat' dir='ltr'>dedu·</span> <span class='ocrx_word' id='word_1_486' title='bbox 1578 4301 1679 4372; x_wconf 83' lang='lat' dir='ltr'>rant,</span> <span class='ocrx_word' id='word_1_487' title='bbox 1709 4290 1770 4357; x_wconf 90' lang='lat' dir='ltr'>sed</span> <span class='ocrx_word' id='word_1_488' title='bbox 1799 4302 1917 4359; x_wconf 90' lang='lat' dir='ltr'>tamen</span> <span class='ocrx_word' id='word_1_489' title='bbox 1947 4293 2081 4361; x_wconf 89' lang='lat' dir='ltr'>nullam</span> <span class='ocrx_word' id='word_1_490' title='bbox 2110 4318 2228 4367; x_wconf 88' lang='lat' dir='ltr'>earum</span> <span class='ocrx_word' id='word_1_491' title='bbox 2260 4303 2393 4375; x_wconf 84' lang='lat' dir='ltr'>firmam</span> <span class='ocrx_word' id='word_1_492' title='bbox 2416 4323 2450 4380; x_wconf 89' lang='lat' dir='ltr'>et</span> <span class='ocrx_word' id='word_1_493' title='bbox 2470 4312 2557 4380; x_wconf 91' lang='lat' dir='ltr'>soli·</span> 
     </span>
     <span class='ocr_line' id='line_1_37' title="bbox 558 4388 2632 4500; baseline 0.009 -35"><span class='ocrx_word' id='word_1_494' title='bbox 558 4411 706 4480; x_wconf 90' lang='lat' dir='ltr'>cuntur,</span> <span class='ocrx_word' id='word_1_495' title='bbox 729 4410 769 4467; x_wconf 94' lang='lat' dir='ltr'>ut</span> <span class='ocrx_word' id='word_1_496' title='bbox 784 4417 856 4463; x_wconf 95' lang='lat' dir='ltr'>non</span> <span class='ocrx_word' id='word_1_497' title='bbox 870 4391 984 4460; x_wconf 90' lang='lat' dir='ltr'>solum</span> <span class='ocrx_word' id='word_1_498' title='bbox 999 4391 1074 4460; x_wconf 83' lang='lat' dir='ltr'>dies</span> <span class='ocrx_word' id='word_1_499' title='bbox 1086 4404 1121 4461; x_wconf 88' lang='lat' dir='ltr'>et</span> <span class='ocrx_word' id='word_1_500' title='bbox 1135 4415 1289 4473; x_wconf 88' lang='lat' dir='ltr'>menses,</span> <span class='ocrx_word' id='word_1_501' title='bbox 1311 4396 1372 4463; x_wconf 89' lang='lat' dir='ltr'>sed</span> <span class='ocrx_word' id='word_1_502' title='bbox 1388 4406 1421 4464; x_wconf 89' lang='lat' dir='ltr'>et</span> <span class='ocrx_word' id='word_1_503' title='bbox 1435 4406 1529 4465; x_wconf 88' lang='lat' dir='ltr'>totos</span> <span class='ocrx_word' id='word_1_504' title='bbox 1577 4390 1659 4457; x_wconf 84' lang='lat' dir='ltr'>dam</span> <span class='ocrx_word' id='word_1_505' title='bbox 1696 4388 1933 4477; x_wconf 90' lang='lat' dir='ltr'>cognitionem</span> <span class='ocrx_word' id='word_1_506' title='bbox 1971 4413 2251 4487; x_wconf 87' lang='lat' dir='ltr'>consequuntur,</span> <span class='ocrx_word' id='word_1_507' title='bbox 2297 4409 2392 4496; x_wconf 86' lang='lat' dir='ltr'>quod</span> <span class='ocrx_word' id='word_1_508' title='bbox 2431 4433 2556 4500; x_wconf 89' lang='lat' dir='ltr'>parum</span> <span class='ocrx_word' id='word_1_509' title='bbox 2627 4393 2632 4405; x_wconf 48' lang='lat'><strong>¹</strong></span> 
     </span>
     <span class='ocr_line' id='line_1_38' title="bbox 556 4488 2556 4600; baseline 0.009 -35"><span class='ocrx_word' id='word_1_510' title='bbox 556 4519 669 4565; x_wconf 91' lang='lat' dir='ltr'>annos</span> <span class='ocrx_word' id='word_1_511' title='bbox 688 4497 919 4588; x_wconf 87' lang='lat' dir='ltr'>parasitorum</span> <span class='ocrx_word' id='word_1_512' title='bbox 940 4515 1054 4569; x_wconf 89' lang='lat' dir='ltr'>more,</span> <span class='ocrx_word' id='word_1_513' title='bbox 1078 4491 1116 4559; x_wconf 89' lang='lat' dir='ltr'>in</span> <span class='ocrx_word' id='word_1_514' title='bbox 1137 4493 1248 4582; x_wconf 88' lang='lat' dir='ltr'>turpis</span> <span class='ocrx_word' id='word_1_515' title='bbox 1266 4493 1366 4581; x_wconf 91' lang='lat' dir='ltr'>gulae</span> <span class='ocrx_word' id='word_1_516' title='bbox 1383 4504 1417 4562; x_wconf 89' lang='lat' dir='ltr'>et</span> <span class='ocrx_word' id='word_1_517' title='bbox 1432 4492 1528 4562; x_wconf 87' lang='lat' dir='ltr'>foedi</span> <span class='ocrx_word' id='word_1_518' title='bbox 1577 4488 1792 4577; x_wconf 89' lang='lat' dir='ltr'>praeparati,</span> <span class='ocrx_word' id='word_1_519' title='bbox 1818 4504 1853 4561; x_wconf 87' lang='lat' dir='ltr'>et</span> <span class='ocrx_word' id='word_1_520' title='bbox 1874 4491 1926 4561; x_wconf 88' lang='lat' dir='ltr'>rei</span> <span class='ocrx_word' id='word_1_521' title='bbox 1943 4489 2201 4567; x_wconf 86' lang='lat' dir='ltr'>Grammaticae</span> <span class='ocrx_word' id='word_1_522' title='bbox 2221 4506 2325 4573; x_wconf 87' lang='lat' dir='ltr'>rudes</span> <span class='ocrx_word' id='word_1_523' title='bbox 2340 4509 2382 4575; x_wconf 90' lang='lat' dir='ltr'>ad</span> <span class='ocrx_word' id='word_1_524' title='bbox 2401 4531 2457 4578; x_wconf 92' lang='lat' dir='ltr'>eas</span> <span class='ocrx_word' id='word_1_525' title='bbox 2472 4534 2556 4600; x_wconf 91' lang='lat' dir='ltr'>pro-</span> 
     </span>
     <span class='ocr_line' id='line_1_39' title="bbox 553 4587 2063 4688; baseline 0 -26"><span class='ocrx_word' id='word_1_526' title='bbox 553 4596 699 4688; x_wconf 71' lang='lat' dir='ltr'>ventris⁸</span> <span class='ocrx_word' id='word_1_527' title='bbox 710 4595 889 4664; x_wconf 90' lang='lat' dir='ltr'>curatione</span> <span class='ocrx_word' id='word_1_528' title='bbox 912 4605 1135 4676; x_wconf 88' lang='lat' dir='ltr'>consumant,</span> <span class='ocrx_word' id='word_1_529' title='bbox 1168 4593 1267 4683; x_wconf 89' lang='lat' dir='ltr'>quasi</span> <span class='ocrx_word' id='word_1_530' title='bbox 1290 4616 1364 4661; x_wconf 94' lang='lat' dir='ltr'>non</span> <span class='ocrx_word' id='word_1_531' title='bbox 1384 4593 1527 4681; x_wconf 88' lang='lat' dir='ltr'>religio-</span> <span class='ocrx_word' id='word_1_532' title='bbox 1577 4587 1753 4659; x_wconf 76' lang='lat' dir='ltr'>volarunt.</span> <span class='ocrx_word' id='word_1_533' title='bbox 2060 4610 2063 4615; x_wconf 86' lang='grc'><em>·</em></span> 
     </span>
     <span class='ocr_line' id='line_1_40' title="bbox 554 4680 2554 4788; baseline 0.009 -24"><span class='ocrx_word' id='word_1_534' title='bbox 554 4696 610 4764; x_wconf 89' lang='lat' dir='ltr'>nis</span> <span class='ocrx_word' id='word_1_535' title='bbox 636 4710 670 4765; x_wconf 93' lang='lat' dir='ltr'>et</span> <span class='ocrx_word' id='word_1_536' title='bbox 699 4696 879 4763; x_wconf 86' lang='lat' dir='ltr'>literarum</span> <span class='ocrx_word' id='word_1_537' title='bbox 908 4714 1030 4776; x_wconf 85' lang='lat' dir='ltr'>causa,</span> <span class='ocrx_word' id='word_1_538' title='bbox 1065 4694 1125 4760; x_wconf 90' lang='lat' dir='ltr'>sed</span> <span class='ocrx_word' id='word_1_539' title='bbox 1155 4691 1346 4762; x_wconf 89' lang='lat' dir='ltr'>libidinum</span> <span class='ocrx_word' id='word_1_540' title='bbox 1371 4705 1405 4761; x_wconf 89' lang='lat' dir='ltr'>et</span> <span class='ocrx_word' id='word_1_541' title='bbox 1427 4695 1526 4783; x_wconf 89' lang='lat' dir='ltr'>cupi·</span> <span class='ocrx_word' id='word_1_542' title='bbox 1676 4685 1768 4758; x_wconf 85' lang='lat' dir='ltr'>com</span> <span class='ocrx_word' id='word_1_543' title='bbox 1789 4680 1875 4760; x_wconf 87' lang='lat' dir='ltr'>baec</span> <span class='ocrx_word' id='word_1_544' title='bbox 1897 4692 2043 4784; x_wconf 90' lang='lat' dir='ltr'>inquam</span> <span class='ocrx_word' id='word_1_545' title='bbox 2061 4708 2202 4767; x_wconf 89' lang='lat' dir='ltr'>nostrae</span> <span class='ocrx_word' id='word_1_546' title='bbox 2214 4696 2364 4774; x_wconf 86' lang='lat' dir='ltr'>Scholae</span> <span class='ocrx_word' id='word_1_547' title='bbox 2382 4707 2491 4788; x_wconf 87' lang='lat' dir='ltr'>mala,</span> <span class='ocrx_word' id='word_1_548' title='bbox 2518 4725 2554 4782; x_wconf 90' lang='lat' dir='ltr'>et</span> 
     </span>
     <span class='ocr_line' id='line_1_41' title="bbox 552 4786 2554 4887; baseline 0.007 -22"><span class='ocrx_word' id='word_1_549' title='bbox 552 4796 702 4867; x_wconf 91' lang='lat' dir='ltr'>ditatum</span> <span class='ocrx_word' id='word_1_550' title='bbox 734 4794 982 4884; x_wconf 84' lang='lat' dir='ltr'>explendarum</span> <span class='ocrx_word' id='word_1_551' title='bbox 1012 4793 1141 4880; x_wconf 89' lang='lat' dir='ltr'>gratia,</span> <span class='ocrx_word' id='word_1_552' title='bbox 1178 4790 1335 4881; x_wconf 91' lang='lat' dir='ltr'>pecuniis</span> <span class='ocrx_word' id='word_1_553' title='bbox 1363 4793 1525 4863; x_wconf 89' lang='lat' dir='ltr'>instructi</span> <span class='ocrx_word' id='word_1_554' title='bbox 1574 4786 1771 4857; x_wconf 88' lang='lat' dir='ltr'>studiorum</span> <span class='ocrx_word' id='word_1_555' title='bbox 1800 4790 1992 4863; x_wconf 86' lang='lat' dir='ltr'>iuventutis</span> <span class='ocrx_word' id='word_1_556' title='bbox 2016 4795 2230 4867; x_wconf 89' lang='lat' dir='ltr'>calamitates</span> <span class='ocrx_word' id='word_1_557' title='bbox 2252 4825 2490 4887; x_wconf 87' lang='lat' dir='ltr'>cerneremus,</span> <span class='ocrx_word' id='word_1_558' title='bbox 2519 4825 2554 4880; x_wconf 92' lang='lat' dir='ltr'>et</span> 
     </span>
     <span class='ocr_line' id='line_1_42' title="bbox 551 4887 2553 5000; baseline 0.008 -35"><span class='ocrx_word' id='word_1_559' title='bbox 551 4896 591 4965; x_wconf 91' lang='lat' dir='ltr'>in</span> <span class='ocrx_word' id='word_1_560' title='bbox 609 4897 758 4966; x_wconf 85' lang='lat' dir='ltr'>maiores</span> <span class='ocrx_word' id='word_1_561' title='bbox 775 4890 910 4964; x_wconf 87' lang='lat' dir='ltr'>scholas</span> <span class='ocrx_word' id='word_1_562' title='bbox 924 4892 1157 4962; x_wconf 87' lang='lat' dir='ltr'>mitterentur.</span> <span class='ocrx_word' id='word_1_563' title='bbox 1208 4889 1281 4980; x_wconf 87' lang='lat' dir='ltr'>Qui</span> <span class='ocrx_word' id='word_1_564' title='bbox 1298 4893 1402 4962; x_wconf 88' lang='lat' dir='ltr'>duces</span> <span class='ocrx_word' id='word_1_565' title='bbox 1417 4916 1524 4984; x_wconf 88' lang='lat' dir='ltr'>quam</span> <span class='ocrx_word' id='word_1_566' title='bbox 1573 4887 1736 4957; x_wconf 76' lang='lat' dir='ltr'>exercitia</span> <span class='ocrx_word' id='word_1_567' title='bbox 1758 4901 1835 4958; x_wconf 85' lang='lat' dir='ltr'>tum</span> <span class='ocrx_word' id='word_1_568' title='bbox 1856 4892 1959 4985; x_wconf 87' lang='lat' dir='ltr'>styli,</span> <span class='ocrx_word' id='word_1_569' title='bbox 1990 4905 2065 4962; x_wconf 88' lang='lat' dir='ltr'>tum</span> <span class='ocrx_word' id='word_1_570' title='bbox 2087 4897 2300 4983; x_wconf 87' lang='lat' dir='ltr'>disserendi,</span> <span class='ocrx_word' id='word_1_571' title='bbox 2327 4920 2367 4978; x_wconf 91' lang='lat' dir='ltr'>ut</span> <span class='ocrx_word' id='word_1_572' title='bbox 2389 4929 2489 5000; x_wconf 89' lang='lat' dir='ltr'>saepe</span> <span class='ocrx_word' id='word_1_573' title='bbox 2514 4912 2553 4981; x_wconf 86' lang='lat' dir='ltr'>fit</span> 
     </span>
     <span class='ocr_line' id='line_1_43' title="bbox 549 4987 2551 5099; baseline 0.007 -33"><span class='ocrx_word' id='word_1_574' title='bbox 549 5019 687 5086; x_wconf 83' lang='lat' dir='ltr'>graves,</span> <span class='ocrx_word' id='word_1_575' title='bbox 710 5010 745 5067; x_wconf 90' lang='lat' dir='ltr'>et</span> <span class='ocrx_word' id='word_1_576' title='bbox 765 4995 978 5088; x_wconf 88' lang='lat' dir='ltr'>periculosae</span> <span class='ocrx_word' id='word_1_577' title='bbox 994 4987 1189 5062; x_wconf 89' lang='lat' dir='ltr'>scholastici</span> <span class='ocrx_word' id='word_1_578' title='bbox 1206 5008 1325 5066; x_wconf 90' lang='lat' dir='ltr'>coetus</span> <span class='ocrx_word' id='word_1_579' title='bbox 1343 5007 1520 5083; x_wconf 90' lang='lat' dir='ltr'>corrupte-</span> <span class='ocrx_word' id='word_1_580' title='bbox 1572 4988 1611 5055; x_wconf 74' lang='lat' dir='ltr'>in</span> <span class='ocrx_word' id='word_1_581' title='bbox 1636 4987 1829 5059; x_wconf 72' lang='lat' dir='ltr'>maioribus</span> <span class='ocrx_word' id='word_1_582' title='bbox 1852 4987 1982 5062; x_wconf 72' lang='lat' dir='ltr'>scholis</span> <span class='ocrx_word' id='word_1_583' title='bbox 2003 4995 2151 5063; x_wconf 77' lang='lat' dir='ltr'>omnino</span> <span class='ocrx_word' id='word_1_584' title='bbox 2173 4997 2302 5087; x_wconf 80' lang='lat' dir='ltr'>iacere,</span> <span class='ocrx_word' id='word_1_585' title='bbox 2335 5030 2425 5099; x_wconf 89' lang='lat' dir='ltr'>quae</span> <span class='ocrx_word' id='word_1_586' title='bbox 2446 5012 2551 5094; x_wconf 91' lang='lat' dir='ltr'>culta,</span> 
     </span>
     <span class='ocr_line' id='line_1_44' title="bbox 550 5089 2548 5188; baseline 0.005 -23"><span class='ocrx_word' id='word_1_587' title='bbox 550 5098 604 5166; x_wconf 87' lang='lat' dir='ltr'>lae</span> <span class='ocrx_word' id='word_1_588' title='bbox 633 5097 721 5180; x_wconf 90' lang='lat' dir='ltr'>sint,</span> <span class='ocrx_word' id='word_1_589' title='bbox 760 5097 886 5188; x_wconf 87' lang='lat' dir='ltr'>vulgus</span> <span class='ocrx_word' id='word_1_590' title='bbox 917 5093 1279 5180; x_wconf 89' lang='lat' dir='ltr'>adulescentulorum,</span> <span class='ocrx_word' id='word_1_591' title='bbox 1320 5118 1385 5166; x_wconf 92' lang='lat' dir='ltr'>nec</span> <span class='ocrx_word' id='word_1_592' title='bbox 1414 5095 1523 5175; x_wconf 89' lang='lat' dir='ltr'>videt,</span> <span class='ocrx_word' id='word_1_593' title='bbox 1572 5111 1676 5179; x_wconf 90' lang='lat' dir='ltr'>quam</span> <span class='ocrx_word' id='word_1_594' title='bbox 1692 5089 1823 5158; x_wconf 85' lang='lat' dir='ltr'>variam</span> <span class='ocrx_word' id='word_1_595' title='bbox 1839 5104 1874 5161; x_wconf 93' lang='lat' dir='ltr'>et</span> <span class='ocrx_word' id='word_1_596' title='bbox 1889 5093 2121 5183; x_wconf 88' lang='lat' dir='ltr'>multiplicem</span> <span class='ocrx_word' id='word_1_597' title='bbox 2136 5099 2322 5171; x_wconf 88' lang='lat' dir='ltr'>utilitatem</span> <span class='ocrx_word' id='word_1_598' title='bbox 2335 5103 2548 5178; x_wconf 87' lang='lat' dir='ltr'>scholasticis</span> 
     </span>
     <span class='ocr_line' id='line_1_45' title="bbox 545 5188 2546 5298; baseline 0.011 -48"><span class='ocrx_word' id='word_1_599' title='bbox 545 5221 609 5268; x_wconf 58' lang='lat' dir='ltr'>nec</span> <span class='ocrx_word' id='word_1_600' title='bbox 625 5199 744 5269; x_wconf 63' lang='lat' dir='ltr'>credie,</span> <span class='ocrx_word' id='word_1_601' title='bbox 1570 5188 1737 5274; x_wconf 86' lang='lat' dir='ltr'>afferant,</span> <span class='ocrx_word' id='word_1_602' title='bbox 1763 5190 1850 5282; x_wconf 90' lang='lat' dir='ltr'>qnid</span> <span class='ocrx_word' id='word_1_603' title='bbox 1872 5191 1999 5263; x_wconf 91' lang='lat' dir='ltr'>attinet</span> <span class='ocrx_word' id='word_1_604' title='bbox 2017 5193 2149 5281; x_wconf 87' lang='lat' dir='ltr'>dicere,</span> <span class='ocrx_word' id='word_1_605' title='bbox 2175 5223 2254 5269; x_wconf 88' lang='lat' dir='ltr'>cum</span> <span class='ocrx_word' id='word_1_606' title='bbox 2277 5228 2382 5277; x_wconf 90' lang='lat' dir='ltr'>nemo</span> <span class='ocrx_word' id='word_1_607' title='bbox 2398 5210 2459 5290; x_wconf 90' lang='lat' dir='ltr'>sit,</span> <span class='ocrx_word' id='word_1_608' title='bbox 2485 5208 2546 5298; x_wconf 89' lang='lat' dir='ltr'>qni</span> 
     </span>
     <span class='ocr_line' id='line_1_46' title="bbox 645 5290 2546 5397; baseline 0.004 -31"><span class='ocrx_word' id='word_1_609' title='bbox 645 5295 733 5366; x_wconf 87' lang='lat' dir='ltr'>Nam</span> <span class='ocrx_word' id='word_1_610' title='bbox 763 5308 804 5364; x_wconf 90' lang='lat' dir='ltr'>nt</span> <span class='ocrx_word' id='word_1_611' title='bbox 835 5295 1017 5382; x_wconf 88' lang='lat' dir='ltr'>vulpecula</span> <span class='ocrx_word' id='word_1_612' title='bbox 1047 5290 1219 5384; x_wconf 82' lang='lat' dir='ltr'>Aesopica</span> <span class='ocrx_word' id='word_1_613' title='bbox 1252 5296 1379 5375; x_wconf 90' lang='lat' dir='ltr'>cauda,</span> <span class='ocrx_word' id='word_1_614' title='bbox 1420 5294 1520 5363; x_wconf 87' lang='lat' dir='ltr'>cuius</span> <span class='ocrx_word' id='word_1_615' title='bbox 1569 5290 1723 5377; x_wconf 83' lang='lat' dir='ltr'>ignoret,</span> <span class='ocrx_word' id='word_1_616' title='bbox 1755 5302 1790 5357; x_wconf 84' lang='lat' dir='ltr'>et</span> <span class='ocrx_word' id='word_1_617' title='bbox 1819 5312 1875 5359; x_wconf 81' lang='lat' dir='ltr'>res</span> <span class='ocrx_word' id='word_1_618' title='bbox 1902 5291 1976 5380; x_wconf 83' lang='lat' dir='ltr'>ipsa</span> <span class='ocrx_word' id='word_1_619' title='bbox 1999 5292 2185 5385; x_wconf 90' lang='lat' dir='ltr'>loquatur,</span> <span class='ocrx_word' id='word_1_620' title='bbox 2216 5314 2250 5373; x_wconf 87' lang='lat' dir='ltr'>et</span> <span class='ocrx_word' id='word_1_621' title='bbox 2272 5308 2546 5397; x_wconf 89' lang='lat' dir='ltr'>perspiceremus</span> 
     </span>
     <span class='ocr_line' id='line_1_47' title="bbox 528 5385 2544 5490; baseline -0.002 -22"><span class='ocrx_word' id='word_1_622' title='bbox 528 5399 656 5490; x_wconf 87' lang='lat' dir='ltr'>-specie</span> <span class='ocrx_word' id='word_1_623' title='bbox 683 5411 717 5467; x_wconf 91' lang='lat' dir='ltr'>et</span> <span class='ocrx_word' id='word_1_624' title='bbox 746 5397 859 5463; x_wconf 82' lang='lat' dir='ltr'>forma</span> <span class='ocrx_word' id='word_1_625' title='bbox 878 5396 1161 5475; x_wconf 88' lang='lat' dir='ltr'>commendatur,</span> <span class='ocrx_word' id='word_1_626' title='bbox 1193 5393 1336 5475; x_wconf 91' lang='lat' dir='ltr'>amissa,</span> <span class='ocrx_word' id='word_1_627' title='bbox 1368 5405 1519 5460; x_wconf 87' lang='lat' dir='ltr'>caeteras</span> <span class='ocrx_word' id='word_1_628' title='bbox 1568 5385 1623 5457; x_wconf 91' lang='lat' dir='ltr'>his</span> <span class='ocrx_word' id='word_1_629' title='bbox 1644 5402 1713 5457; x_wconf 90' lang='lat' dir='ltr'>tarn</span> <span class='ocrx_word' id='word_1_630' title='bbox 1738 5389 1844 5458; x_wconf 91' lang='lat' dir='ltr'>variis</span> <span class='ocrx_word' id='word_1_631' title='bbox 1865 5385 2015 5461; x_wconf 88' lang='lat' dir='ltr'>Scholae</span> <span class='ocrx_word' id='word_1_632' title='bbox 2036 5400 2262 5489; x_wconf 86' lang='lat' dir='ltr'>corruptelis,</span> <span class='ocrx_word' id='word_1_633' title='bbox 2294 5429 2358 5474; x_wconf 81' lang='lat' dir='ltr'>nec</span> <span class='ocrx_word' id='word_1_634' title='bbox 2379 5405 2460 5472; x_wconf 72' lang='lat' dir='ltr'>satie</span> <span class='ocrx_word' id='word_1_635' title='bbox 2482 5430 2544 5474; x_wconf 71' lang='grc' dir='ltr'>ος.</span> 
     </span>
     <span class='ocr_line' id='line_1_48' title="bbox 542 5488 2543 5590; baseline 0.005 -23"><span class='ocrx_word' id='word_1_636' title='bbox 542 5500 664 5588; x_wconf 87' lang='lat' dir='ltr'>vulpes</span> <span class='ocrx_word' id='word_1_637' title='bbox 692 5499 736 5567; x_wconf 91' lang='lat' dir='ltr'>ad</span> <span class='ocrx_word' id='word_1_638' title='bbox 768 5519 844 5562; x_wconf 87' lang='lat' dir='ltr'>earn</span> <span class='ocrx_word' id='word_1_639' title='bbox 873 5491 1028 5580; x_wconf 88' lang='lat' dir='ltr'>corporis</span> <span class='ocrx_word' id='word_1_640' title='bbox 1050 5506 1202 5580; x_wconf 89' lang='lat' dir='ltr'>partem,</span> <span class='ocrx_word' id='word_1_641' title='bbox 1233 5504 1273 5561; x_wconf 91' lang='lat' dir='ltr'>ut</span> <span class='ocrx_word' id='word_1_642' title='bbox 1295 5491 1456 5561; x_wconf 89' lang='lat' dir='ltr'>inutilem</span> <span class='ocrx_word' id='word_1_643' title='bbox 1484 5505 1518 5560; x_wconf 90' lang='lat' dir='ltr'>et</span> <span class='ocrx_word' id='word_1_644' title='bbox 1565 5488 1679 5565; x_wconf 87' lang='lat' dir='ltr'>curri,</span> <span class='ocrx_word' id='word_1_645' title='bbox 1713 5512 1777 5557; x_wconf 88' lang='lat' dir='ltr'>nec</span> <span class='ocrx_word' id='word_1_646' title='bbox 1800 5488 2033 5578; x_wconf 87' lang='lat' dir='ltr'>Medicinam,</span> <span class='ocrx_word' id='word_1_647' title='bbox 2065 5519 2155 5587; x_wconf 88' lang='lat' dir='ltr'>quae</span> <span class='ocrx_word' id='word_1_648' title='bbox 2183 5523 2259 5571; x_wconf 86' lang='lat' dir='ltr'>earn</span> <span class='ocrx_word' id='word_1_649' title='bbox 2286 5506 2378 5571; x_wconf 88' lang='lat' dir='ltr'>malo</span> <span class='ocrx_word' id='word_1_650' title='bbox 2398 5503 2543 5590; x_wconf 86' lang='lat' dir='ltr'>levaret,</span> 
     </span>
     <span class='ocr_line' id='line_1_49' title="bbox 540 5581 2542 5697; baseline 0.005 -31"><span class='ocrx_word' id='word_1_651' title='bbox 540 5600 681 5669; x_wconf 87' lang='lat' dir='ltr'>noxiam</span> <span class='ocrx_word' id='word_1_652' title='bbox 710 5594 948 5674; x_wconf 88' lang='lat' dir='ltr'>resecandam,</span> <span class='ocrx_word' id='word_1_653' title='bbox 980 5612 1026 5658; x_wconf 86' lang='lat' dir='ltr'>ne</span> <span class='ocrx_word' id='word_1_654' title='bbox 1054 5591 1128 5659; x_wconf 89' lang='lat' dir='ltr'>sola</span> <span class='ocrx_word' id='word_1_655' title='bbox 1154 5591 1268 5680; x_wconf 90' lang='lat' dir='ltr'>turpis</span> <span class='ocrx_word' id='word_1_656' title='bbox 1291 5605 1324 5661; x_wconf 89' lang='lat' dir='ltr'>et</span> <span class='ocrx_word' id='word_1_657' title='bbox 1347 5590 1516 5659; x_wconf 85' lang='lat' dir='ltr'>deformis</span> <span class='ocrx_word' id='word_1_658' title='bbox 1563 5581 1726 5657; x_wconf 86' lang='lat' dir='ltr'>adhiberi</span> <span class='ocrx_word' id='word_1_659' title='bbox 1744 5612 1860 5678; x_wconf 87' lang='lat' dir='ltr'>posse,</span> <span class='ocrx_word' id='word_1_660' title='bbox 1886 5593 1956 5663; x_wconf 89' lang='lat' dir='ltr'>nisi</span> <span class='ocrx_word' id='word_1_661' title='bbox 1970 5616 2093 5665; x_wconf 89' lang='lat' dir='ltr'>omnes</span> <span class='ocrx_word' id='word_1_662' title='bbox 2107 5599 2145 5666; x_wconf 90' lang='lat' dir='ltr'>in</span> <span class='ocrx_word' id='word_1_663' title='bbox 2156 5597 2282 5671; x_wconf 86' lang='lat' dir='ltr'>Schola</span> <span class='ocrx_word' id='word_1_664' title='bbox 2291 5594 2542 5697; x_wconf 75' lang='lat' dir='ltr'>philosophica</span> 
     </span>
     <span class='ocr_line' id='line_1_50' title="bbox 539 5688 2543 5788; baseline 0.005 -23"><span class='ocrx_word' id='word_1_665' title='bbox 539 5697 579 5766; x_wconf 90' lang='lat' dir='ltr'>in</span> <span class='ocrx_word' id='word_1_666' title='bbox 615 5722 679 5769; x_wconf 93' lang='lat' dir='ltr'>suo</span> <span class='ocrx_word' id='word_1_667' title='bbox 706 5719 830 5788; x_wconf 85' lang='lat' dir='ltr'>genere</span> <span class='ocrx_word' id='word_1_668' title='bbox 860 5691 1090 5780; x_wconf 86' lang='lat' dir='ltr'>reperiretur,</span> <span class='ocrx_word' id='word_1_669' title='bbox 1128 5689 1253 5761; x_wconf 87' lang='lat' dir='ltr'>callide</span> <span class='ocrx_word' id='word_1_670' title='bbox 1279 5704 1314 5760; x_wconf 93' lang='lat' dir='ltr'>et</span> <span class='ocrx_word' id='word_1_671' title='bbox 1345 5689 1515 5760; x_wconf 90' lang='lat' dir='ltr'>insidiose</span> <span class='ocrx_word' id='word_1_672' title='bbox 1561 5691 1743 5770; x_wconf 88' lang='lat' dir='ltr'>docentes,</span> <span class='ocrx_word' id='word_1_673' title='bbox 1769 5688 1963 5764; x_wconf 78' lang='lat' dir='ltr'>intercede</span> <span class='ocrx_word' id='word_1_674' title='bbox 1984 5694 2225 5770; x_wconf 81' lang='lat' dir='ltr'>illisvitiisex</span> <span class='ocrx_word' id='word_1_675' title='bbox 2240 5701 2400 5773; x_wconf 85' lang='lat' dir='ltr'>muribus</span> <span class='ocrx_word' id='word_1_676' title='bbox 2415 5706 2543 5777; x_wconf 88' lang='lat' dir='ltr'>inven-</span> 
     </span>
     <span class='ocr_line' id='line_1_51' title="bbox 538 5785 2542 5893; baseline 0.002 -30"><span class='ocrx_word' id='word_1_677' title='bbox 538 5796 756 5888; x_wconf 80' lang='lat' dir='ltr'>impellebat:</span> <span class='ocrx_word' id='word_1_678' title='bbox 781 5797 831 5867; x_wconf 89' lang='lat' dir='ltr'>sic</span> <span class='ocrx_word' id='word_1_679' title='bbox 853 5793 907 5865; x_wconf 90' lang='lat' dir='ltr'>illi</span> <span class='ocrx_word' id='word_1_680' title='bbox 929 5791 1123 5862; x_wconf 87' lang='lat' dir='ltr'>nebulones</span> <span class='ocrx_word' id='word_1_681' title='bbox 1150 5790 1249 5862; x_wconf 88' lang='lat' dir='ltr'>omni</span> <span class='ocrx_word' id='word_1_682' title='bbox 1272 5785 1453 5861; x_wconf 87' lang='lat' dir='ltr'>honestate</span> <span class='ocrx_word' id='word_1_683' title='bbox 1476 5803 1511 5862; x_wconf 86' lang='lat' dir='ltr'>et</span> <span class='ocrx_word' id='word_1_684' title='bbox 1562 5785 1644 5858; x_wconf 86' lang='lat' dir='ltr'>tutis</span> <span class='ocrx_word' id='word_1_685' title='bbox 1666 5787 1827 5857; x_wconf 86' lang='lat' dir='ltr'>delendis</span> <span class='ocrx_word' id='word_1_686' title='bbox 1843 5796 2099 5883; x_wconf 84' lang='lat' dir='ltr'>consentirent,</span> <span class='ocrx_word' id='word_1_687' title='bbox 2123 5811 2158 5871; x_wconf 88' lang='lat' dir='ltr'>et</span> <span class='ocrx_word' id='word_1_688' title='bbox 2174 5794 2241 5871; x_wconf 90' lang='lat' dir='ltr'>hoc</span> <span class='ocrx_word' id='word_1_689' title='bbox 2254 5797 2371 5893; x_wconf 87' lang='lat' dir='ltr'>ipsum</span> <span class='ocrx_word' id='word_1_690' title='bbox 2388 5809 2542 5880; x_wconf 73' lang='lat' dir='ltr'>coniun-</span> 
     </span>
    </p>
   </div>
   <div class='ocr_carea' id='block_1_5' title="bbox 0 0 3018 6775">
    <p class='ocr_par' dir='ltr' id='par_1_5' title="bbox 0 0 3018 6775">
     <span class='ocr_line' id='line_1_52' title="bbox 0 0 3018 6775; baseline 0 4"><span class='ocrx_word' id='word_1_691' title='bbox 0 0 3018 6775; x_wconf 95' lang='lat' dir='ltr'> </span> 
     </span>
    </p>
   </div>
  </div>
 </body>
</html>
