<?xml version="1.0" encoding="UTF-8"?>
<!DOCTYPE html PUBLIC "-//W3C//DTD XHTML 1.0 Transitional//EN"
    "http://www.w3.org/TR/xhtml1/DTD/xhtml1-transitional.dtd">
<html xmlns="http://www.w3.org/1999/xhtml" xml:lang="en" lang="en">
 <head>
  <title>
</title>
<meta http-equiv="Content-Type" content="text/html;charset=utf-8" />
  <meta name='ocr-system' content='tesseract 3.04.00' />
  <meta name='ocr-capabilities' content='ocr_page ocr_carea ocr_par ocr_line ocrx_word'/>
</head>
<body>
  <div class='ocr_page' id='page_1' title='image "./philippimelanth12melagoog/philippimelanth12melagoog_0032.png"; bbox 0 0 6025 6775; ppageno 0'>
   <div class='ocr_carea' id='block_1_1' title="bbox 496 636 2516 737">
    <p class='ocr_par' dir='ltr' id='par_1_1' title="bbox 496 636 2516 737">
     <span class='ocr_line' id='line_1_1' title="bbox 496 636 2516 737; baseline 0.021 -43"><span class='ocrx_word' id='word_1_1' title='bbox 496 646 545 718; x_wconf 70' lang='lat'>43</span> <span class='ocrx_word' id='word_1_2' title='bbox 1235 636 1394 715; x_wconf 81' lang='lat' dir='ltr'><strong>DECL.</strong></span> <span class='ocrx_word' id='word_1_3' title='bbox 1436 639 1512 715; x_wconf 79' lang='lat' dir='ltr'>DE</span> <span class='ocrx_word' id='word_1_4' title='bbox 1545 643 1767 718; x_wconf 84' lang='lat' dir='ltr'>MlSNIA.</span> <span class='ocrx_word' id='word_1_5' title='bbox 2368 693 2373 700; x_wconf 95' lang='lat'>·</span> <span class='ocrx_word' id='word_1_6' title='bbox 2442 663 2516 737; x_wconf 74' lang='lat'>&#39;44</span> 
     </span>
    </p>
   </div>
   <div class='ocr_carea' id='block_1_2' title="bbox 493 812 2520 1116">
    <p class='ocr_par' dir='ltr' id='par_1_2' title="bbox 493 812 2520 1116">
     <span class='ocr_line' id='line_1_2' title="bbox 493 812 2520 910; baseline 0.007 -24"><span class='ocrx_word' id='word_1_7' title='bbox 493 815 562 886; x_wconf 84' lang='lat' dir='ltr'>fnit</span> <span class='ocrx_word' id='word_1_8' title='bbox 584 812 773 893; x_wconf 76' lang='lat' dir='ltr'><strong>autoritas,</strong></span> <span class='ocrx_word' id='word_1_9' title='bbox 814 837 920 906; x_wconf 90' lang='lat' dir='ltr'>quarn</span> <span class='ocrx_word' id='word_1_10' title='bbox 947 832 1166 903; x_wconf 87' lang='lat' dir='ltr'>nequaquam</span> <span class='ocrx_word' id='word_1_11' title='bbox 1191 812 1383 883; x_wconf 90' lang='lat' dir='ltr'>voluerunt</span> <span class='ocrx_word' id='word_1_12' title='bbox 1408 835 1482 880; x_wconf 89' lang='lat' dir='ltr'>esse</span> <span class='ocrx_word' id='word_1_13' title='bbox 1536 830 1664 904; x_wconf 90' lang='lat' dir='ltr'>potest,</span> <span class='ocrx_word' id='word_1_14' title='bbox 1691 818 1777 909; x_wconf 89' lang='lat' dir='ltr'>quin</span> <span class='ocrx_word' id='word_1_15' title='bbox 1797 820 1882 887; x_wconf 91' lang='lat' dir='ltr'>boni</span> <span class='ocrx_word' id='word_1_16' title='bbox 1898 818 2081 910; x_wconf 90' lang='lat' dir='ltr'>Principes</span> <span class='ocrx_word' id='word_1_17' title='bbox 2097 816 2250 897; x_wconf 89' lang='lat' dir='ltr'>habeant</span> <span class='ocrx_word' id='word_1_18' title='bbox 2266 830 2450 901; x_wconf 87' lang='lat' dir='ltr'>adiunctos</span> <span class='ocrx_word' id='word_1_19' title='bbox 2465 835 2520 902; x_wconf 92' lang='lat' dir='ltr'>vi-</span> 
     </span>
     <span class='ocr_line' id='line_1_3' title="bbox 493 904 2518 1022; baseline 0.008 -36"><span class='ocrx_word' id='word_1_20' title='bbox 493 916 671 987; x_wconf 86' lang='lat' dir='ltr'>infinitam</span> <span class='ocrx_word' id='word_1_21' title='bbox 693 928 754 984; x_wconf 92' lang='lat' dir='ltr'>aut</span> <span class='ocrx_word' id='word_1_22' title='bbox 773 915 1013 1009; x_wconf 76' lang='lat' dir='ltr'><strong>tyrannicam,</strong></span> <span class='ocrx_word' id='word_1_23' title='bbox 1039 913 1098 979; x_wconf 89' lang='lat' dir='ltr'>sed</span> <span class='ocrx_word' id='word_1_24' title='bbox 1123 904 1379 983; x_wconf 76' lang='lat' dir='ltr'>honestissimis</span> <span class='ocrx_word' id='word_1_25' title='bbox 1393 912 1482 1001; x_wconf 89' lang='lat' dir='ltr'>legi·</span> <span class='ocrx_word' id='word_1_26' title='bbox 1534 940 1592 984; x_wconf 91' lang='lat' dir='ltr'>ros</span> <span class='ocrx_word' id='word_1_27' title='bbox 1614 919 1787 1008; x_wconf 88' lang='lat' dir='ltr'>sapientes</span> <span class='ocrx_word' id='word_1_28' title='bbox 1817 936 1851 989; x_wconf 91' lang='lat' dir='ltr'>et</span> <span class='ocrx_word' id='word_1_29' title='bbox 1874 923 1987 991; x_wconf 89' lang='lat' dir='ltr'>bonos</span> <span class='ocrx_word' id='word_1_30' title='bbox 2004 923 2047 991; x_wconf 88' lang='lat' dir='ltr'>in</span> <span class='ocrx_word' id='word_1_31' title='bbox 2071 926 2249 1012; x_wconf 91' lang='lat' dir='ltr'>consiliis,</span> <span class='ocrx_word' id='word_1_32' title='bbox 2283 944 2318 1000; x_wconf 88' lang='lat' dir='ltr'>et</span> <span class='ocrx_word' id='word_1_33' title='bbox 2339 933 2425 1022; x_wconf 91' lang='lat' dir='ltr'>quin</span> <span class='ocrx_word' id='word_1_34' title='bbox 2447 937 2518 1006; x_wconf 88' lang='lat' dir='ltr'>vita</span> 
     </span>
     <span class='ocr_line' id='line_1_4' title="bbox 493 1008 2518 1116; baseline 0.005 -26"><span class='ocrx_word' id='word_1_35' title='bbox 493 1022 560 1090; x_wconf 90' lang='lat' dir='ltr'>bus</span> <span class='ocrx_word' id='word_1_36' title='bbox 590 1031 625 1087; x_wconf 88' lang='lat' dir='ltr'>et</span> <span class='ocrx_word' id='word_1_37' title='bbox 656 1015 798 1086; x_wconf 89' lang='lat' dir='ltr'>iudiciis</span> <span class='ocrx_word' id='word_1_38' title='bbox 829 1018 914 1105; x_wconf 90' lang='lat' dir='ltr'>regi.</span> <span class='ocrx_word' id='word_1_39' title='bbox 973 1008 1026 1080; x_wconf 84' lang='lat' dir='ltr'>Ac</span> <span class='ocrx_word' id='word_1_40' title='bbox 1048 1025 1173 1081; x_wconf 92' lang='lat' dir='ltr'>notum</span> <span class='ocrx_word' id='word_1_41' title='bbox 1200 1030 1251 1086; x_wconf 90' lang='lat' dir='ltr'>est</span> <span class='ocrx_word' id='word_1_42' title='bbox 1274 1011 1483 1084; x_wconf 89' lang='lat' dir='ltr'>honestissi-</span> <span class='ocrx_word' id='word_1_43' title='bbox 1534 1041 1656 1085; x_wconf 90' lang='lat' dir='ltr'>eorum</span> <span class='ocrx_word' id='word_1_44' title='bbox 1674 1042 1820 1089; x_wconf 91' lang='lat' dir='ltr'>censura</span> <span class='ocrx_word' id='word_1_45' title='bbox 1831 1024 1875 1090; x_wconf 90' lang='lat' dir='ltr'>sit</span> <span class='ocrx_word' id='word_1_46' title='bbox 1889 1024 2083 1094; x_wconf 88' lang='lat' dir='ltr'>multorum</span> <span class='ocrx_word' id='word_1_47' title='bbox 2098 1028 2136 1093; x_wconf 91' lang='lat' dir='ltr'>in</span> <span class='ocrx_word' id='word_1_48' title='bbox 2152 1031 2297 1116; x_wconf 87' lang='lat' dir='ltr'>populo,</span> <span class='ocrx_word' id='word_1_49' title='bbox 2323 1035 2518 1106; x_wconf 87' lang='lat' dir='ltr'>otdicitur:</span> 
     </span>
    </p>
   </div>
   <div class='ocr_carea' id='block_1_3' title="bbox 394 1113 1482 5373">
    <p class='ocr_par' dir='ltr' id='par_1_3' title="bbox 448 1113 1482 1496">
     <span class='ocr_line' id='line_1_5' title="bbox 493 1113 1476 1208; baseline -0.006 -18"><span class='ocrx_word' id='word_1_50' title='bbox 493 1143 571 1190; x_wconf 88' lang='lat' dir='ltr'>mos</span> <span class='ocrx_word' id='word_1_51' title='bbox 587 1142 773 1188; x_wconf 91' lang='lat' dir='ltr'>consessus</span> <span class='ocrx_word' id='word_1_52' title='bbox 794 1142 866 1187; x_wconf 89' lang='lat' dir='ltr'>esse</span> <span class='ocrx_word' id='word_1_53' title='bbox 885 1113 1060 1195; x_wconf 90' lang='lat' dir='ltr'>iudicum,</span> <span class='ocrx_word' id='word_1_54' title='bbox 1087 1115 1147 1204; x_wconf 92' lang='lat' dir='ltr'>qui</span> <span class='ocrx_word' id='word_1_55' title='bbox 1165 1140 1204 1184; x_wconf 88' lang='lat' dir='ltr'>ex</span> <span class='ocrx_word' id='word_1_56' title='bbox 1222 1117 1348 1185; x_wconf 85' lang='lat' dir='ltr'>ordine</span> <span class='ocrx_word' id='word_1_57' title='bbox 1374 1139 1476 1208; x_wconf 90' lang='lat' dir='ltr'>eque·</span> 
     </span>
     <span class='ocr_line' id='line_1_6' title="bbox 448 1214 1482 1309; baseline -0.019 -15"><span class='ocrx_word' id='word_1_58' title='bbox 448 1229 451 1238; x_wconf 85' lang='lat'>&#39;</span> <span class='ocrx_word' id='word_1_59' title='bbox 494 1222 578 1302; x_wconf 90' lang='lat' dir='ltr'>stri,</span> <span class='ocrx_word' id='word_1_60' title='bbox 613 1233 647 1289; x_wconf 94' lang='lat' dir='ltr'>et</span> <span class='ocrx_word' id='word_1_61' title='bbox 681 1244 723 1289; x_wconf 79' lang='lat' dir='ltr'>er</span> <span class='ocrx_word' id='word_1_62' title='bbox 745 1217 957 1290; x_wconf 86' lang='lat' dir='ltr'>Ductoribus</span> <span class='ocrx_word' id='word_1_63' title='bbox 986 1214 1132 1299; x_wconf 89' lang='lat' dir='ltr'>delecti,</span> <span class='ocrx_word' id='word_1_64' title='bbox 1169 1217 1362 1309; x_wconf 79' lang='lat' dir='ltr'>quotannis</span> <span class='ocrx_word' id='word_1_65' title='bbox 1392 1241 1482 1309; x_wconf 68' lang='lat' dir='ltr'>qua.</span> 
     </span>
     <span class='ocr_line' id='line_1_7' title="bbox 494 1317 1481 1411; baseline -0.005 -17"><span class='ocrx_word' id='word_1_66' title='bbox 494 1340 548 1395; x_wconf 86' lang='lat' dir='ltr'>ter</span> <span class='ocrx_word' id='word_1_67' title='bbox 568 1322 613 1392; x_wconf 91' lang='lat' dir='ltr'>ad</span> <span class='ocrx_word' id='word_1_68' title='bbox 636 1321 872 1411; x_wconf 85' lang='lat' dir='ltr'>cognitionem</span> <span class='ocrx_word' id='word_1_69' title='bbox 894 1317 1215 1388; x_wconf 89' lang='lat' dir='ltr'>controversiarum</span> <span class='ocrx_word' id='word_1_70' title='bbox 1238 1319 1347 1390; x_wconf 92' lang='lat' dir='ltr'>totius</span> <span class='ocrx_word' id='word_1_71' title='bbox 1373 1319 1481 1389; x_wconf 89' lang='lat' dir='ltr'>ditio-</span> 
     </span>
     <span class='ocr_line' id='line_1_8' title="bbox 494 1421 796 1496; baseline -0.01 -2"><span class='ocrx_word' id='word_1_72' title='bbox 494 1427 551 1495; x_wconf 85' lang='lat' dir='ltr'>nis</span> <span class='ocrx_word' id='word_1_73' title='bbox 571 1421 796 1496; x_wconf 89' lang='lat' dir='ltr'>conveniunt.</span> 
     </span>
    </p>

    <p class='ocr_par' dir='ltr' id='par_1_4' title="bbox 394 1518 1481 3931">
     <span class='ocr_line' id='line_1_9' title="bbox 596 1518 1478 1612; baseline -0.005 -19"><span class='ocrx_word' id='word_1_74' title='bbox 596 1522 736 1612; x_wconf 88' lang='lat' dir='ltr'>Quanta</span> <span class='ocrx_word' id='word_1_75' title='bbox 761 1521 800 1589; x_wconf 93' lang='lat' dir='ltr'>in</span> <span class='ocrx_word' id='word_1_76' title='bbox 827 1543 911 1611; x_wconf 88' lang='lat' dir='ltr'>pace</span> <span class='ocrx_word' id='word_1_77' title='bbox 945 1533 979 1590; x_wconf 93' lang='lat' dir='ltr'>et</span> <span class='ocrx_word' id='word_1_78' title='bbox 1005 1521 1045 1588; x_wconf 92' lang='lat' dir='ltr'>in</span> <span class='ocrx_word' id='word_1_79' title='bbox 1076 1519 1179 1590; x_wconf 90' lang='lat' dir='ltr'>bellis</span> <span class='ocrx_word' id='word_1_80' title='bbox 1203 1518 1315 1589; x_wconf 90' lang='lat' dir='ltr'>virtus</span> <span class='ocrx_word' id='word_1_81' title='bbox 1342 1519 1478 1590; x_wconf 90' lang='lat' dir='ltr'>Princi-</span> 
     </span>
     <span class='ocr_line' id='line_1_10' title="bbox 494 1617 1481 1721; baseline -0.006 -25"><span class='ocrx_word' id='word_1_82' title='bbox 494 1651 579 1721; x_wconf 88' lang='lat' dir='ltr'>pum</span> <span class='ocrx_word' id='word_1_83' title='bbox 596 1623 719 1702; x_wconf 88' lang='lat' dir='ltr'>fuerit,</span> <span class='ocrx_word' id='word_1_84' title='bbox 745 1622 856 1693; x_wconf 89' lang='lat' dir='ltr'>multa</span> <span class='ocrx_word' id='word_1_85' title='bbox 867 1624 1071 1695; x_wconf 84' lang='lat' dir='ltr'>ostendunt.</span> <span class='ocrx_word' id='word_1_86' title='bbox 1122 1619 1325 1692; x_wconf 83' lang='lat' dir='ltr'>Fridericus</span> <span class='ocrx_word' id='word_1_87' title='bbox 1339 1624 1402 1715; x_wconf 94' lang='lat' dir='ltr'>qui</span> <span class='ocrx_word' id='word_1_88' title='bbox 1417 1617 1481 1691; x_wconf 92' lang='lat' dir='ltr'>ha-</span> 
     </span>
     <span class='ocr_line' id='line_1_11' title="bbox 493 1722 1480 1814; baseline -0.01 -13"><span class='ocrx_word' id='word_1_89' title='bbox 493 1730 571 1801; x_wconf 89' lang='lat' dir='ltr'>buit</span> <span class='ocrx_word' id='word_1_90' title='bbox 591 1726 790 1794; x_wconf 90' lang='lat' dir='ltr'>admorsam</span> <span class='ocrx_word' id='word_1_91' title='bbox 816 1746 940 1812; x_wconf 91' lang='lat' dir='ltr'>genam</span> <span class='ocrx_word' id='word_1_92' title='bbox 963 1724 1113 1814; x_wconf 91' lang='lat' dir='ltr'>patriam</span> <span class='ocrx_word' id='word_1_93' title='bbox 1139 1722 1297 1793; x_wconf 77' lang='lat' dir='ltr'>defendit</span> <span class='ocrx_word' id='word_1_94' title='bbox 1313 1727 1480 1792; x_wconf 89' lang='lat' dir='ltr'>adversus</span> 
     </span>
     <span class='ocr_line' id='line_1_12' title="bbox 493 1820 1478 1917; baseline -0.008 -17"><span class='ocrx_word' id='word_1_95' title='bbox 493 1823 690 1905; x_wconf 89' lang='lat' dir='ltr'>Bohemos‚</span> <span class='ocrx_word' id='word_1_96' title='bbox 716 1821 925 1917; x_wconf 86' lang='lat' dir='ltr'>Adolphum</span> <span class='ocrx_word' id='word_1_97' title='bbox 935 1825 1223 1908; x_wconf 89' lang='lat' dir='ltr'>Nassaviensem,</span> <span class='ocrx_word' id='word_1_98' title='bbox 1247 1820 1478 1893; x_wconf 79' lang='lat' dir='ltr'>etAlbertum</span> 
     </span>
     <span class='ocr_line' id='line_1_13' title="bbox 426 1921 1478 2019; baseline -0.008 -17"><span class='ocrx_word' id='word_1_99' title='bbox 426 1980 431 1990; x_wconf 89' lang='lat'>-</span> <span class='ocrx_word' id='word_1_100' title='bbox 493 1928 730 2001; x_wconf 80' lang='lat' dir='ltr'>Austriacum.</span> <span class='ocrx_word' id='word_1_101' title='bbox 787 1925 948 2019; x_wconf 86' lang='lat' dir='ltr'>Cumque</span> <span class='ocrx_word' id='word_1_102' title='bbox 971 1951 991 1995; x_wconf 94' lang='lat' dir='ltr'>a</span> <span class='ocrx_word' id='word_1_103' title='bbox 1013 1922 1225 1995; x_wconf 91' lang='lat' dir='ltr'>Marchione</span> <span class='ocrx_word' id='word_1_104' title='bbox 1249 1921 1478 1995; x_wconf 88' lang='lat' dir='ltr'>Braudebur-</span> 
     </span>
     <span class='ocr_line' id='line_1_14' title="bbox 492 2021 1481 2122; baseline -0.005 -21"><span class='ocrx_word' id='word_1_105' title='bbox 492 2032 592 2122; x_wconf 90' lang='lat' dir='ltr'>gensi</span> <span class='ocrx_word' id='word_1_106' title='bbox 607 2043 729 2121; x_wconf 91' lang='lat' dir='ltr'>captus</span> <span class='ocrx_word' id='word_1_107' title='bbox 743 2043 850 2113; x_wconf 89' lang='lat' dir='ltr'>esset,</span> <span class='ocrx_word' id='word_1_108' title='bbox 876 2030 1005 2098; x_wconf 92' lang='lat' dir='ltr'>virtute</span> <span class='ocrx_word' id='word_1_109' title='bbox 1020 2043 1053 2098; x_wconf 89' lang='lat' dir='ltr'>et</span> <span class='ocrx_word' id='word_1_110' title='bbox 1066 2029 1134 2095; x_wconf 88' lang='lat' dir='ltr'>fide</span> <span class='ocrx_word' id='word_1_111' title='bbox 1148 2026 1345 2096; x_wconf 82' lang='lat' dir='ltr'>nobilitatis</span> <span class='ocrx_word' id='word_1_112' title='bbox 1361 2027 1399 2094; x_wconf 89' lang='lat' dir='ltr'>in</span> <span class='ocrx_word' id='word_1_113' title='bbox 1415 2021 1481 2096; x_wconf 91' lang='lat' dir='ltr'>hac</span> 
     </span>
     <span class='ocr_line' id='line_1_15' title="bbox 493 2126 1480 2223; baseline -0.008 -18"><span class='ocrx_word' id='word_1_114' title='bbox 493 2134 637 2223; x_wconf 82' lang='lat' dir='ltr'>regione</span> <span class='ocrx_word' id='word_1_115' title='bbox 659 2132 827 2200; x_wconf 92' lang='lat' dir='ltr'>liberatus</span> <span class='ocrx_word' id='word_1_116' title='bbox 842 2143 905 2201; x_wconf 88' lang='lat' dir='ltr'>est.</span> <span class='ocrx_word' id='word_1_117' title='bbox 951 2126 1120 2198; x_wconf 80' lang='lat' dir='ltr'>Alhertus</span> <span class='ocrx_word' id='word_1_118' title='bbox 1132 2127 1358 2221; x_wconf 82' lang='lat' dir='ltr'>avusinclyti</span> <span class='ocrx_word' id='word_1_119' title='bbox 1375 2127 1480 2197; x_wconf 93' lang='lat' dir='ltr'>Prin-</span> 
     </span>
     <span class='ocr_line' id='line_1_16' title="bbox 492 2228 1479 2327; baseline -0.008 -21"><span class='ocrx_word' id='word_1_120' title='bbox 492 2236 580 2327; x_wconf 90' lang='lat' dir='ltr'>cipis</span> <span class='ocrx_word' id='word_1_121' title='bbox 593 2231 701 2303; x_wconf 90' lang='lat' dir='ltr'>Ducis</span> <span class='ocrx_word' id='word_1_122' title='bbox 714 2228 888 2302; x_wconf 83' lang='lat' dir='ltr'>Electoris</span> <span class='ocrx_word' id='word_1_123' title='bbox 906 2229 1092 2309; x_wconf 90' lang='lat' dir='ltr'>Mauricii,</span> <span class='ocrx_word' id='word_1_124' title='bbox 1119 2230 1260 2298; x_wconf 88' lang='lat' dir='ltr'>duobus</span> <span class='ocrx_word' id='word_1_125' title='bbox 1276 2230 1479 2319; x_wconf 87' lang='lat' dir='ltr'>potentissi-</span> 
     </span>
     <span class='ocr_line' id='line_1_17' title="bbox 394 2328 1479 2422; baseline -0.006 -14"><span class='ocrx_word' id='word_1_126' title='bbox 394 2363 399 2372; x_wconf 94' lang='lat'>·</span> <span class='ocrx_word' id='word_1_127' title='bbox 492 2339 560 2407; x_wconf 90' lang='lat' dir='ltr'>mis</span> <span class='ocrx_word' id='word_1_128' title='bbox 582 2347 615 2404; x_wconf 94' lang='lat' dir='ltr'>et</span> <span class='ocrx_word' id='word_1_129' title='bbox 635 2334 861 2403; x_wconf 87' lang='lat' dir='ltr'>ferocissimis</span> <span class='ocrx_word' id='word_1_130' title='bbox 885 2333 1025 2422; x_wconf 88' lang='lat' dir='ltr'>regibus</span> <span class='ocrx_word' id='word_1_131' title='bbox 1050 2333 1231 2420; x_wconf 89' lang='lat' dir='ltr'>oppositus</span> <span class='ocrx_word' id='word_1_132' title='bbox 1258 2344 1326 2410; x_wconf 90' lang='lat' dir='ltr'>est,</span> <span class='ocrx_word' id='word_1_133' title='bbox 1350 2328 1479 2401; x_wconf 90' lang='lat' dir='ltr'>Carolo</span> 
     </span>
     <span class='ocr_line' id='line_1_18' title="bbox 494 2430 1479 2524; baseline -0.007 -16"><span class='ocrx_word' id='word_1_134' title='bbox 494 2437 656 2509; x_wconf 92' lang='lat' dir='ltr'>Gibboso</span> <span class='ocrx_word' id='word_1_135' title='bbox 673 2436 748 2524; x_wconf 88' lang='lat' dir='ltr'>regi</span> <span class='ocrx_word' id='word_1_136' title='bbox 769 2432 910 2504; x_wconf 87' lang='lat' dir='ltr'>Gallico</span> <span class='ocrx_word' id='word_1_137' title='bbox 938 2447 972 2504; x_wconf 87' lang='lat' dir='ltr'>et</span> <span class='ocrx_word' id='word_1_138' title='bbox 988 2432 1162 2502; x_wconf 83' lang='lat' dir='ltr'>Matthiae</span> <span class='ocrx_word' id='word_1_139' title='bbox 1178 2431 1252 2521; x_wconf 89' lang='lat' dir='ltr'>regi</span> <span class='ocrx_word' id='word_1_140' title='bbox 1264 2430 1479 2517; x_wconf 85' lang='lat' dir='ltr'>Pannoniae,</span> 
     </span>
     <span class='ocr_line' id='line_1_19' title="bbox 493 2532 1481 2628; baseline -0.006 -18"><span class='ocrx_word' id='word_1_141' title='bbox 493 2566 533 2611; x_wconf 91' lang='lat' dir='ltr'>ac</span> <span class='ocrx_word' id='word_1_142' title='bbox 548 2541 655 2628; x_wconf 91' lang='lat' dir='ltr'>longo</span> <span class='ocrx_word' id='word_1_143' title='bbox 671 2538 766 2607; x_wconf 88' lang='lat' dir='ltr'>bello</span> <span class='ocrx_word' id='word_1_144' title='bbox 783 2534 908 2606; x_wconf 88' lang='lat' dir='ltr'>Gallos</span> <span class='ocrx_word' id='word_1_145' title='bbox 921 2559 961 2604; x_wconf 84' lang='lat' dir='ltr'>ex</span> <span class='ocrx_word' id='word_1_146' title='bbox 978 2532 1146 2603; x_wconf 88' lang='lat' dir='ltr'>Flandria</span> <span class='ocrx_word' id='word_1_147' title='bbox 1161 2534 1282 2618; x_wconf 90' lang='lat' dir='ltr'>eiecit,</span> <span class='ocrx_word' id='word_1_148' title='bbox 1308 2547 1427 2623; x_wconf 91' lang='lat' dir='ltr'>postea</span> <span class='ocrx_word' id='word_1_149' title='bbox 1445 2548 1481 2605; x_wconf 86' lang='lat' dir='ltr'>et</span> 
     </span>
     <span class='ocr_line' id='line_1_20' title="bbox 492 2631 1480 2730; baseline -0.007 -18"><span class='ocrx_word' id='word_1_150' title='bbox 492 2636 668 2713; x_wconf 89' lang='lat' dir='ltr'>Mathiam</span> <span class='ocrx_word' id='word_1_151' title='bbox 692 2638 828 2730; x_wconf 87' lang='lat' dir='ltr'>depulit</span> <span class='ocrx_word' id='word_1_152' title='bbox 861 2638 906 2705; x_wconf 93' lang='lat' dir='ltr'>ab</span> <span class='ocrx_word' id='word_1_153' title='bbox 934 2637 1120 2706; x_wconf 89' lang='lat' dir='ltr'>obsidione</span> <span class='ocrx_word' id='word_1_154' title='bbox 1141 2635 1241 2704; x_wconf 90' lang='lat' dir='ltr'>urbis</span> <span class='ocrx_word' id='word_1_155' title='bbox 1263 2631 1480 2721; x_wconf 86' lang='lat' dir='ltr'>Austriaeae,</span> 
     </span>
     <span class='ocr_line' id='line_1_21' title="bbox 492 2733 1479 2830; baseline -0.007 -17"><span class='ocrx_word' id='word_1_156' title='bbox 492 2745 550 2813; x_wconf 89' lang='lat' dir='ltr'>cui</span> <span class='ocrx_word' id='word_1_157' title='bbox 569 2765 699 2810; x_wconf 92' lang='lat' dir='ltr'>nomen</span> <span class='ocrx_word' id='word_1_158' title='bbox 724 2754 776 2810; x_wconf 88' lang='lat' dir='ltr'>est</span> <span class='ocrx_word' id='word_1_159' title='bbox 796 2738 980 2830; x_wconf 82' lang='lat' dir='ltr'>Neapolis,</span> <span class='ocrx_word' id='word_1_160' title='bbox 1015 2751 1048 2807; x_wconf 92' lang='lat' dir='ltr'>et</span> <span class='ocrx_word' id='word_1_161' title='bbox 1071 2733 1136 2806; x_wconf 92' lang='lat' dir='ltr'>hac</span> <span class='ocrx_word' id='word_1_162' title='bbox 1159 2758 1276 2828; x_wconf 90' lang='lat' dir='ltr'>pugna</span> <span class='ocrx_word' id='word_1_163' title='bbox 1301 2760 1479 2828; x_wconf 87' lang='lat' dir='ltr'>repressus</span> 
     </span>
     <span class='ocr_line' id='line_1_22' title="bbox 492 2838 1480 2931; baseline -0.006 -17"><span class='ocrx_word' id='word_1_164' title='bbox 492 2838 668 2928; x_wconf 86' lang='lat' dir='ltr'>Mathias,</span> <span class='ocrx_word' id='word_1_165' title='bbox 700 2842 842 2931; x_wconf 90' lang='lat' dir='ltr'>longius</span> <span class='ocrx_word' id='word_1_166' title='bbox 868 2841 905 2908; x_wconf 93' lang='lat' dir='ltr'>in</span> <span class='ocrx_word' id='word_1_167' title='bbox 930 2839 1159 2911; x_wconf 80' lang='lat' dir='ltr'>Germaniam</span> <span class='ocrx_word' id='word_1_168' title='bbox 1187 2863 1259 2907; x_wconf 92' lang='lat' dir='ltr'>non</span> <span class='ocrx_word' id='word_1_169' title='bbox 1277 2861 1480 2928; x_wconf 88' lang='lat' dir='ltr'>progressus</span> 
     </span>
     <span class='ocr_line' id='line_1_23' title="bbox 491 2940 1479 3037; baseline -0.005 -21"><span class='ocrx_word' id='word_1_170' title='bbox 491 2960 552 3017; x_wconf 82' lang='lat' dir='ltr'>est.</span> <span class='ocrx_word' id='word_1_171' title='bbox 605 2941 964 3037; x_wconf 90' lang='lat' dir='ltr'>CumqueAlbertum</span> <span class='ocrx_word' id='word_1_172' title='bbox 979 2940 1170 3010; x_wconf 90' lang='lat' dir='ltr'>domestico</span> <span class='ocrx_word' id='word_1_173' title='bbox 1188 2940 1281 3010; x_wconf 93' lang='lat' dir='ltr'>bello</span> <span class='ocrx_word' id='word_1_174' title='bbox 1298 2940 1479 3032; x_wconf 90' lang='lat' dir='ltr'>implicare</span> 
     </span>
     <span class='ocr_line' id='line_1_24' title="bbox 491 3038 1478 3127; baseline -0.007 -10"><span class='ocrx_word' id='word_1_175' title='bbox 491 3062 699 3127; x_wconf 84' lang='lat' dir='ltr'>conaretur,</span> <span class='ocrx_word' id='word_1_176' title='bbox 725 3069 764 3114; x_wconf 93' lang='lat' dir='ltr'>ac</span> <span class='ocrx_word' id='word_1_177' title='bbox 774 3046 924 3114; x_wconf 89' lang='lat' dir='ltr'>misisset</span> <span class='ocrx_word' id='word_1_178' title='bbox 941 3045 977 3111; x_wconf 90' lang='lat' dir='ltr'>in</span> <span class='ocrx_word' id='word_1_179' title='bbox 990 3038 1083 3112; x_wconf 93' lang='lat' dir='ltr'>hanc</span> <span class='ocrx_word' id='word_1_180' title='bbox 1093 3042 1258 3111; x_wconf 90' lang='lat' dir='ltr'>viciniam</span> <span class='ocrx_word' id='word_1_181' title='bbox 1275 3042 1478 3122; x_wconf 83' lang='lat' dir='ltr'>exercitum,</span> 
     </span>
     <span class='ocr_line' id='line_1_25' title="bbox 491 3143 1479 3236; baseline -0.003 -21"><span class='ocrx_word' id='word_1_182' title='bbox 491 3151 623 3221; x_wconf 90' lang='lat' dir='ltr'>virtute</span> <span class='ocrx_word' id='word_1_183' title='bbox 644 3146 783 3217; x_wconf 89' lang='lat' dir='ltr'>Alherti</span> <span class='ocrx_word' id='word_1_184' title='bbox 808 3162 842 3218; x_wconf 93' lang='lat' dir='ltr'>et</span> <span class='ocrx_word' id='word_1_185' title='bbox 862 3160 1067 3236; x_wconf 83' lang='lat' dir='ltr'>agnatorum</span> <span class='ocrx_word' id='word_1_186' title='bbox 1093 3143 1205 3234; x_wconf 87' lang='lat' dir='ltr'>patria</span> <span class='ocrx_word' id='word_1_187' title='bbox 1229 3143 1401 3212; x_wconf 91' lang='lat' dir='ltr'>foeliciter</span> <span class='ocrx_word' id='word_1_188' title='bbox 1416 3146 1479 3213; x_wconf 89' lang='lat' dir='ltr'>de-</span> 
     </span>
     <span class='ocr_line' id='line_1_26' title="bbox 489 3244 1478 3339; baseline -0.007 -18"><span class='ocrx_word' id='word_1_189' title='bbox 489 3255 587 3322; x_wconf 86' lang='lat' dir='ltr'>fensa</span> <span class='ocrx_word' id='word_1_190' title='bbox 606 3264 657 3321; x_wconf 88' lang='lat' dir='ltr'>est</span> <span class='ocrx_word' id='word_1_191' title='bbox 664 3302 676 3335; x_wconf 91' lang='lat'>,</span> <span class='ocrx_word' id='word_1_192' title='bbox 704 3264 738 3320; x_wconf 88' lang='lat' dir='ltr'>et</span> <span class='ocrx_word' id='word_1_193' title='bbox 751 3244 867 3319; x_wconf 89' lang='lat' dir='ltr'>hostes</span> <span class='ocrx_word' id='word_1_194' title='bbox 884 3249 975 3339; x_wconf 90' lang='lat' dir='ltr'>pulsi</span> <span class='ocrx_word' id='word_1_195' title='bbox 995 3261 1028 3316; x_wconf 93' lang='lat' dir='ltr'>et</span> <span class='ocrx_word' id='word_1_196' title='bbox 1045 3246 1206 3337; x_wconf 90' lang='lat' dir='ltr'>dissipati</span> <span class='ocrx_word' id='word_1_197' title='bbox 1223 3261 1326 3329; x_wconf 83' lang='lat' dir='ltr'>srrnt,</span> <span class='ocrx_word' id='word_1_198' title='bbox 1352 3260 1388 3315; x_wconf 91' lang='lat' dir='ltr'>et</span> <span class='ocrx_word' id='word_1_199' title='bbox 1404 3269 1478 3315; x_wconf 92' lang='lat' dir='ltr'>non</span> 
     </span>
     <span class='ocr_line' id='line_1_27' title="bbox 490 3344 1477 3439; baseline -0.006 -15"><span class='ocrx_word' id='word_1_200' title='bbox 490 3355 605 3425; x_wconf 87' lang='lat' dir='ltr'>solum</span> <span class='ocrx_word' id='word_1_201' title='bbox 626 3348 711 3421; x_wconf 90' lang='lat' dir='ltr'>haec</span> <span class='ocrx_word' id='word_1_202' title='bbox 734 3350 897 3432; x_wconf 88' lang='lat' dir='ltr'>vicinia,</span> <span class='ocrx_word' id='word_1_203' title='bbox 915 3350 976 3416; x_wconf 87' lang='lat' dir='ltr'>sed</span> <span class='ocrx_word' id='word_1_204' title='bbox 1001 3348 1106 3417; x_wconf 90' lang='lat' dir='ltr'>etiam</span> <span class='ocrx_word' id='word_1_205' title='bbox 1132 3348 1266 3439; x_wconf 86' lang='lat' dir='ltr'>reliqua</span> <span class='ocrx_word' id='word_1_206' title='bbox 1285 3344 1477 3418; x_wconf 89' lang='lat' dir='ltr'>Germania</span> 
     </span>
     <span class='ocr_line' id='line_1_28' title="bbox 396 3445 1479 3545; baseline -0.007 -19"><span class='ocrx_word' id='word_1_207' title='bbox 396 3456 398 3461; x_wconf 73' lang='grc'><strong>’</strong></span> <span class='ocrx_word' id='word_1_208' title='bbox 489 3479 618 3545; x_wconf 89' lang='lat' dir='ltr'>magno</span> <span class='ocrx_word' id='word_1_209' title='bbox 646 3451 803 3542; x_wconf 91' lang='lat' dir='ltr'>periculo</span> <span class='ocrx_word' id='word_1_210' title='bbox 833 3451 981 3518; x_wconf 88' lang='lat' dir='ltr'>liberata</span> <span class='ocrx_word' id='word_1_211' title='bbox 1012 3462 1071 3520; x_wconf 84' lang='lat' dir='ltr'>est</span> <span class='ocrx_word' id='word_1_212' title='bbox 1133 3445 1285 3537; x_wconf 88' lang='lat' dir='ltr'>Fuitque</span> <span class='ocrx_word' id='word_1_213' title='bbox 1311 3446 1479 3520; x_wconf 90' lang='lat' dir='ltr'>Alhertus</span> 
     </span>
     <span class='ocr_line' id='line_1_29' title="bbox 489 3544 1480 3651; baseline -0.008 -24"><span class='ocrx_word' id='word_1_214' title='bbox 489 3556 606 3651; x_wconf 90' lang='lat' dir='ltr'>quoad</span> <span class='ocrx_word' id='word_1_215' title='bbox 638 3552 725 3619; x_wconf 86' lang='lat' dir='ltr'>vixit</span> <span class='ocrx_word' id='word_1_216' title='bbox 755 3550 964 3641; x_wconf 87' lang='lat' dir='ltr'>praecipuus</span> <span class='ocrx_word' id='word_1_217' title='bbox 992 3551 1064 3617; x_wconf 80' lang='lat' dir='ltr'>drrr</span> <span class='ocrx_word' id='word_1_218' title='bbox 1089 3550 1127 3616; x_wconf 92' lang='lat' dir='ltr'>in</span> <span class='ocrx_word' id='word_1_219' title='bbox 1150 3544 1217 3617; x_wconf 92' lang='lat' dir='ltr'>boc</span> <span class='ocrx_word' id='word_1_220' title='bbox 1239 3549 1407 3639; x_wconf 90' lang='lat' dir='ltr'>imperio,</span> <span class='ocrx_word' id='word_1_221' title='bbox 1444 3563 1480 3620; x_wconf 89' lang='lat' dir='ltr'>et</span> 
     </span>
     <span class='ocr_line' id='line_1_30' title="bbox 489 3649 1479 3739; baseline -0.009 -12"><span class='ocrx_word' id='word_1_222' title='bbox 489 3658 639 3727; x_wconf 87' lang='lat' dir='ltr'>maxime</span> <span class='ocrx_word' id='word_1_223' title='bbox 653 3653 866 3723; x_wconf 89' lang='lat' dir='ltr'>formidatus</span> <span class='ocrx_word' id='word_1_224' title='bbox 879 3649 1218 3739; x_wconf 82' lang='lat' dir='ltr'>externisRegibus,</span> <span class='ocrx_word' id='word_1_225' title='bbox 1242 3664 1276 3719; x_wconf 92' lang='lat' dir='ltr'>et</span> <span class='ocrx_word' id='word_1_226' title='bbox 1290 3652 1479 3721; x_wconf 91' lang='lat' dir='ltr'>turbulen-</span> 
     </span>
     <span class='ocr_line' id='line_1_31' title="bbox 488 3748 1478 3846; baseline -0.007 -17"><span class='ocrx_word' id='word_1_227' title='bbox 488 3762 534 3831; x_wconf 88' lang='lat' dir='ltr'>tis</span> <span class='ocrx_word' id='word_1_228' title='bbox 549 3754 796 3846; x_wconf 86' lang='lat' dir='ltr'>Principibus,</span> <span class='ocrx_word' id='word_1_229' title='bbox 821 3755 912 3823; x_wconf 87' lang='lat' dir='ltr'>sicut</span> <span class='ocrx_word' id='word_1_230' title='bbox 931 3748 1087 3823; x_wconf 84' lang='lat' dir='ltr'>Achilles</span> <span class='ocrx_word' id='word_1_231' title='bbox 1108 3753 1148 3821; x_wconf 94' lang='lat' dir='ltr'>in</span> <span class='ocrx_word' id='word_1_232' title='bbox 1168 3750 1305 3822; x_wconf 90' lang='lat' dir='ltr'>Graeco</span> <span class='ocrx_word' id='word_1_233' title='bbox 1323 3753 1478 3825; x_wconf 82' lang='lat' dir='ltr'>exercitu</span> 
     </span>
     <span class='ocr_line' id='line_1_32' title="bbox 489 3850 1092 3931; baseline -0.013 0"><span class='ocrx_word' id='word_1_234' title='bbox 489 3861 696 3931; x_wconf 90' lang='lat' dir='ltr'>nominatur</span> <span class='ocrx_word' id='word_1_235' title='bbox 712 3858 845 3927; x_wconf 92' lang='lat' dir='ltr'>vallum</span> <span class='ocrx_word' id='word_1_236' title='bbox 860 3850 1092 3926; x_wconf 86' lang='lat' dir='ltr'>Achivorum.</span> 
     </span>
    </p>

    <p class='ocr_par' dir='ltr' id='par_1_5' title="bbox 487 3957 1479 5373">
     <span class='ocr_line' id='line_1_33' title="bbox 592 3957 1478 4047; baseline -0.008 -16"><span class='ocrx_word' id='word_1_237' title='bbox 592 3960 737 4031; x_wconf 89' lang='lat' dir='ltr'>Possem</span> <span class='ocrx_word' id='word_1_238' title='bbox 775 3958 886 4027; x_wconf 91' lang='lat' dir='ltr'>multa</span> <span class='ocrx_word' id='word_1_239' title='bbox 924 3957 1118 4047; x_wconf 87' lang='lat' dir='ltr'>sapienter,</span> <span class='ocrx_word' id='word_1_240' title='bbox 1153 3959 1264 4041; x_wconf 89' lang='lat' dir='ltr'>iuste,</span> <span class='ocrx_word' id='word_1_241' title='bbox 1299 3959 1478 4026; x_wconf 88' lang='lat' dir='ltr'>moderate</span> 
     </span>
     <span class='ocr_line' id='line_1_34' title="bbox 487 4055 1479 4153; baseline -0.011 -17"><span class='ocrx_word' id='word_1_242' title='bbox 487 4069 577 4136; x_wconf 89' lang='lat' dir='ltr'>facta</span> <span class='ocrx_word' id='word_1_243' title='bbox 596 4062 802 4153; x_wconf 84' lang='lat' dir='ltr'>Principum</span> <span class='ocrx_word' id='word_1_244' title='bbox 816 4056 924 4129; x_wconf 90' lang='lat' dir='ltr'>huius</span> <span class='ocrx_word' id='word_1_245' title='bbox 936 4061 1093 4129; x_wconf 91' lang='lat' dir='ltr'>familiae</span> <span class='ocrx_word' id='word_1_246' title='bbox 1115 4060 1272 4132; x_wconf 91' lang='lat' dir='ltr'>recitare.</span> <span class='ocrx_word' id='word_1_247' title='bbox 1324 4056 1395 4128; x_wconf 88' lang='lat' dir='ltr'>Sed</span> <span class='ocrx_word' id='word_1_248' title='bbox 1413 4055 1479 4128; x_wconf 92' lang='lat' dir='ltr'>hae</span> 
     </span>
     <span class='ocr_line' id='line_1_35' title="bbox 488 4158 1478 4243; baseline -0.013 -3"><span class='ocrx_word' id='word_1_249' title='bbox 488 4170 613 4240; x_wconf 89' lang='lat' dir='ltr'>breves</span> <span class='ocrx_word' id='word_1_250' title='bbox 630 4162 982 4234; x_wconf 89' lang='lat' dir='ltr'>commemorationes</span> <span class='ocrx_word' id='word_1_251' title='bbox 1002 4185 1075 4231; x_wconf 94' lang='lat' dir='ltr'>non</span> <span class='ocrx_word' id='word_1_252' title='bbox 1094 4158 1227 4233; x_wconf 88' lang='lat' dir='ltr'>habent</span> <span class='ocrx_word' id='word_1_253' title='bbox 1240 4162 1383 4243; x_wconf 87' lang='lat' dir='ltr'>lumen,</span> <span class='ocrx_word' id='word_1_254' title='bbox 1409 4160 1478 4228; x_wconf 89' lang='lat' dir='ltr'>nisi</span> 
     </span>
     <span class='ocr_line' id='line_1_36' title="bbox 489 4258 1477 4360; baseline -0.011 -20"><span class='ocrx_word' id='word_1_255' title='bbox 489 4275 645 4360; x_wconf 84' lang='lat' dir='ltr'>integrae</span> <span class='ocrx_word' id='word_1_256' title='bbox 670 4281 870 4356; x_wconf 92' lang='lat' dir='ltr'>temporum</span> <span class='ocrx_word' id='word_1_257' title='bbox 892 4258 1060 4335; x_wconf 89' lang='lat' dir='ltr'>historiae</span> <span class='ocrx_word' id='word_1_258' title='bbox 1074 4279 1178 4334; x_wconf 89' lang='lat' dir='ltr'>notae</span> <span class='ocrx_word' id='word_1_259' title='bbox 1194 4264 1284 4344; x_wconf 90' lang='lat' dir='ltr'>sint,</span> <span class='ocrx_word' id='word_1_260' title='bbox 1310 4277 1344 4333; x_wconf 92' lang='lat' dir='ltr'>et</span> <span class='ocrx_word' id='word_1_261' title='bbox 1361 4261 1477 4332; x_wconf 90' lang='lat' dir='ltr'>consi-</span> 
     </span>
     <span class='ocr_line' id='line_1_37' title="bbox 488 4365 1478 4463; baseline -0.013 -19"><span class='ocrx_word' id='word_1_262' title='bbox 488 4378 652 4454; x_wconf 86' lang='lat' dir='ltr'>deretur,</span> <span class='ocrx_word' id='word_1_263' title='bbox 678 4368 793 4463; x_wconf 88' lang='lat' dir='ltr'>qualis</span> <span class='ocrx_word' id='word_1_264' title='bbox 814 4366 923 4437; x_wconf 91' lang='lat' dir='ltr'>fuerit</span> <span class='ocrx_word' id='word_1_265' title='bbox 947 4368 985 4435; x_wconf 91' lang='lat' dir='ltr'>in</span> <span class='ocrx_word' id='word_1_266' title='bbox 1007 4367 1092 4458; x_wconf 87' lang='lat' dir='ltr'>ipsis</span> <span class='ocrx_word' id='word_1_267' title='bbox 1110 4365 1336 4456; x_wconf 86' lang='lat' dir='ltr'>Principibus</span> <span class='ocrx_word' id='word_1_268' title='bbox 1351 4378 1478 4435; x_wconf 89' lang='lat' dir='ltr'>natura</span> 
     </span>
     <span class='ocr_line' id='line_1_38' title="bbox 489 4465 1477 4565; baseline -0.014 -20"><span class='ocrx_word' id='word_1_269' title='bbox 489 4490 525 4545; x_wconf 89' lang='lat' dir='ltr'>et</span> <span class='ocrx_word' id='word_1_270' title='bbox 546 4487 713 4565; x_wconf 90' lang='lat' dir='ltr'>perpetua</span> <span class='ocrx_word' id='word_1_271' title='bbox 734 4470 899 4540; x_wconf 90' lang='lat' dir='ltr'>voluntas</span> <span class='ocrx_word' id='word_1_272' title='bbox 924 4492 1003 4557; x_wconf 91' lang='lat' dir='ltr'>erga</span> <span class='ocrx_word' id='word_1_273' title='bbox 1028 4468 1207 4558; x_wconf 84' lang='lat' dir='ltr'>Rempub.</span> <span class='ocrx_word' id='word_1_274' title='bbox 1258 4465 1338 4535; x_wconf 89' lang='lat' dir='ltr'>Hoc</span> <span class='ocrx_word' id='word_1_275' title='bbox 1360 4479 1477 4535; x_wconf 89' lang='lat' dir='ltr'>tamen</span> 
     </span>
     <span class='ocr_line' id='line_1_39' title="bbox 488 4565 1477 4662; baseline -0.011 -17"><span class='ocrx_word' id='word_1_276' title='bbox 488 4575 657 4645; x_wconf 85' lang='lat' dir='ltr'>affirmari</span> <span class='ocrx_word' id='word_1_277' title='bbox 678 4586 810 4662; x_wconf 89' lang='lat' dir='ltr'>potest,</span> <span class='ocrx_word' id='word_1_278' title='bbox 836 4565 902 4640; x_wconf 90' lang='lat' dir='ltr'>hos</span> <span class='ocrx_word' id='word_1_279' title='bbox 920 4568 1103 4659; x_wconf 84' lang='lat' dir='ltr'>Principes</span> <span class='ocrx_word' id='word_1_280' title='bbox 1129 4590 1193 4657; x_wconf 90' lang='lat' dir='ltr'>pro</span> <span class='ocrx_word' id='word_1_281' title='bbox 1212 4567 1394 4636; x_wconf 85' lang='lat' dir='ltr'>excellenti</span> <span class='ocrx_word' id='word_1_282' title='bbox 1415 4588 1477 4636; x_wconf 88' lang='lat' dir='ltr'>sua</span> 
     </span>
     <span class='ocr_line' id='line_1_40' title="bbox 489 4669 1478 4764; baseline -0.006 -19"><span class='ocrx_word' id='word_1_283' title='bbox 489 4673 661 4763; x_wconf 89' lang='lat' dir='ltr'>sapientia</span> <span class='ocrx_word' id='word_1_284' title='bbox 680 4671 792 4764; x_wconf 85' lang='lat' dir='ltr'>magis</span> <span class='ocrx_word' id='word_1_285' title='bbox 815 4671 1017 4740; x_wconf 84' lang='lat' dir='ltr'>adiunxisse</span> <span class='ocrx_word' id='word_1_286' title='bbox 1041 4693 1077 4738; x_wconf 89' lang='lat' dir='ltr'>se</span> <span class='ocrx_word' id='word_1_287' title='bbox 1101 4672 1144 4738; x_wconf 93' lang='lat' dir='ltr'>ad</span> <span class='ocrx_word' id='word_1_288' title='bbox 1167 4669 1417 4757; x_wconf 81' lang='lat' dir='ltr'>imperatores,</span> <span class='ocrx_word' id='word_1_289' title='bbox 1444 4681 1478 4739; x_wconf 93' lang='lat' dir='ltr'>et</span> 
     </span>
     <span class='ocr_line' id='line_1_41' title="bbox 489 4769 1477 4861; baseline -0.009 -15"><span class='ocrx_word' id='word_1_290' title='bbox 489 4773 676 4846; x_wconf 88' lang='lat' dir='ltr'>autoritate</span> <span class='ocrx_word' id='word_1_291' title='bbox 699 4793 762 4839; x_wconf 90' lang='lat' dir='ltr'>sua</span> <span class='ocrx_word' id='word_1_292' title='bbox 784 4785 818 4839; x_wconf 93' lang='lat' dir='ltr'>et</span> <span class='ocrx_word' id='word_1_293' title='bbox 834 4771 962 4861; x_wconf 89' lang='lat' dir='ltr'>opibus</span> <span class='ocrx_word' id='word_1_294' title='bbox 977 4769 1088 4857; x_wconf 87' lang='lat' dir='ltr'>magis</span> <span class='ocrx_word' id='word_1_295' title='bbox 1103 4769 1300 4838; x_wconf 86' lang='lat' dir='ltr'>defendisse</span> <span class='ocrx_word' id='word_1_296' title='bbox 1316 4792 1477 4837; x_wconf 91' lang='lat' dir='ltr'>commu-</span> 
     </span>
     <span class='ocr_line' id='line_1_42' title="bbox 489 4867 1478 4963; baseline -0.005 -17"><span class='ocrx_word' id='word_1_297' title='bbox 489 4900 571 4946; x_wconf 89' lang='lat' dir='ltr'>nem</span> <span class='ocrx_word' id='word_1_298' title='bbox 594 4870 809 4943; x_wconf 90' lang='lat' dir='ltr'>Germaniae</span> <span class='ocrx_word' id='word_1_299' title='bbox 830 4873 996 4955; x_wconf 88' lang='lat' dir='ltr'>salutem,</span> <span class='ocrx_word' id='word_1_300' title='bbox 1022 4894 1128 4963; x_wconf 90' lang='lat' dir='ltr'>quam</span> <span class='ocrx_word' id='word_1_301' title='bbox 1154 4872 1314 4940; x_wconf 91' lang='lat' dir='ltr'>fecerunt</span> <span class='ocrx_word' id='word_1_302' title='bbox 1339 4867 1478 4941; x_wconf 87' lang='lat' dir='ltr'>caeteri.</span> 
     </span>
     <span class='ocr_line' id='line_1_43' title="bbox 489 4968 1478 5063; baseline -0.009 -17"><span class='ocrx_word' id='word_1_303' title='bbox 489 4976 576 5046; x_wconf 86' lang='lat' dir='ltr'>Fuit</span> <span class='ocrx_word' id='word_1_304' title='bbox 600 4975 708 5063; x_wconf 90' lang='lat' dir='ltr'>igitur</span> <span class='ocrx_word' id='word_1_305' title='bbox 728 4971 918 5060; x_wconf 87' lang='lat' dir='ltr'>singularis</span> <span class='ocrx_word' id='word_1_306' title='bbox 945 4972 1192 5044; x_wconf 90' lang='lat' dir='ltr'>benevolentia</span> <span class='ocrx_word' id='word_1_307' title='bbox 1216 4994 1296 5060; x_wconf 90' lang='lat' dir='ltr'>erga</span> <span class='ocrx_word' id='word_1_308' title='bbox 1322 4993 1381 5039; x_wconf 90' lang='lat' dir='ltr'>eos</span> <span class='ocrx_word' id='word_1_309' title='bbox 1396 4968 1478 5038; x_wconf 84' lang='lat' dir='ltr'>Fri-</span> 
     </span>
     <span class='ocr_line' id='line_1_44' title="bbox 489 5071 1479 5166; baseline -0.009 -19"><span class='ocrx_word' id='word_1_310' title='bbox 489 5075 597 5147; x_wconf 91' lang='lat' dir='ltr'>derici</span> <span class='ocrx_word' id='word_1_311' title='bbox 615 5073 841 5166; x_wconf 89' lang='lat' dir='ltr'>Imperatoris</span> <span class='ocrx_word' id='word_1_312' title='bbox 850 5071 1105 5159; x_wconf 86' lang='lat' dir='ltr'>Barbarnssae,</span> <span class='ocrx_word' id='word_1_313' title='bbox 1132 5074 1307 5145; x_wconf 83' lang='lat' dir='ltr'>Friderici</span> <span class='ocrx_word' id='word_1_314' title='bbox 1323 5071 1479 5162; x_wconf 89' lang='lat' dir='ltr'>lmpera-</span> 
     </span>
     <span class='ocr_line' id='line_1_45' title="bbox 487 5173 1479 5260; baseline -0.01 -11"><span class='ocrx_word' id='word_1_315' title='bbox 487 5173 578 5249; x_wconf 87' lang='lat' dir='ltr'>toris</span> <span class='ocrx_word' id='word_1_316' title='bbox 592 5173 766 5260; x_wconf 89' lang='lat' dir='ltr'>Secundi,</span> <span class='ocrx_word' id='word_1_317' title='bbox 800 5200 840 5245; x_wconf 82' lang='lat' dir='ltr'>ex</span> <span class='ocrx_word' id='word_1_318' title='bbox 863 5174 963 5245; x_wconf 90' lang='lat' dir='ltr'>cuius</span> <span class='ocrx_word' id='word_1_319' title='bbox 989 5177 1060 5245; x_wconf 86' lang='lat' dir='ltr'>filia</span> <span class='ocrx_word' id='word_1_320' title='bbox 1079 5192 1180 5247; x_wconf 91' lang='lat' dir='ltr'>natus</span> <span class='ocrx_word' id='word_1_321' title='bbox 1200 5192 1251 5247; x_wconf 86' lang='lat' dir='ltr'>est</span> <span class='ocrx_word' id='word_1_322' title='bbox 1267 5174 1479 5256; x_wconf 87' lang='lat' dir='ltr'>Fridericus,</span> 
     </span>
     <span class='ocr_line' id='line_1_46' title="bbox 489 5270 1479 5373; baseline -0.007 -25"><span class='ocrx_word' id='word_1_323' title='bbox 489 5279 553 5373; x_wconf 90' lang='lat' dir='ltr'>qui</span> <span class='ocrx_word' id='word_1_324' title='bbox 564 5272 691 5346; x_wconf 92' lang='lat' dir='ltr'>habuit</span> <span class='ocrx_word' id='word_1_325' title='bbox 706 5278 903 5345; x_wconf 90' lang='lat' dir='ltr'>admorsam</span> <span class='ocrx_word' id='word_1_326' title='bbox 922 5301 1066 5366; x_wconf 86' lang='lat' dir='ltr'>genam,</span> <span class='ocrx_word' id='word_1_327' title='bbox 1091 5304 1130 5346; x_wconf 90' lang='lat' dir='ltr'>ac</span> <span class='ocrx_word' id='word_1_328' title='bbox 1146 5270 1479 5367; x_wconf 88' lang='lat' dir='ltr'>deindeRodolphi,</span> 
     </span>
    </p>
   </div>
   <div class='ocr_carea' id='block_1_4' title="bbox 1530 1123 2524 5365">
    <p class='ocr_par' dir='ltr' id='par_1_6' title="bbox 1635 1123 2406 1318">
     <span class='ocr_line' id='line_1_47' title="bbox 1635 1123 2406 1217; baseline 0.021 -32"><span class='ocrx_word' id='word_1_329' title='bbox 1635 1123 1687 1186; x_wconf 88' lang='lat' dir='ltr'>Sic</span> <span class='ocrx_word' id='word_1_330' title='bbox 1705 1131 1803 1207; x_wconf 87' lang='lat' dir='ltr'>agitur</span> <span class='ocrx_word' id='word_1_331' title='bbox 1819 1151 1961 1209; x_wconf 84' lang='lat' dir='ltr'>censura,</span> <span class='ocrx_word' id='word_1_332' title='bbox 1988 1146 2018 1192; x_wconf 91' lang='lat' dir='ltr'>et</span> <span class='ocrx_word' id='word_1_333' title='bbox 2034 1137 2076 1193; x_wconf 83' lang='lat' dir='ltr'>sio</span> <span class='ocrx_word' id='word_1_334' title='bbox 2092 1140 2230 1215; x_wconf 85' lang='lat' dir='ltr'>exempla</span> <span class='ocrx_word' id='word_1_335' title='bbox 2246 1153 2406 1217; x_wconf 86' lang='lat' dir='ltr'>parantur,</span> 
     </span>
     <span class='ocr_line' id='line_1_48' title="bbox 1687 1226 2360 1318; baseline 0.016 -30"><span class='ocrx_word' id='word_1_336' title='bbox 1687 1226 1767 1289; x_wconf 84' lang='lat' dir='ltr'>Cum</span> <span class='ocrx_word' id='word_1_337' title='bbox 1781 1232 1875 1292; x_wconf 83' lang='lat' dir='ltr'>iudex</span> <span class='ocrx_word' id='word_1_338' title='bbox 1891 1237 1965 1293; x_wconf 86' lang='lat' dir='ltr'>alios</span> <span class='ocrx_word' id='word_1_339' title='bbox 1980 1236 2063 1317; x_wconf 90' lang='lat' dir='ltr'>quod</span> <span class='ocrx_word' id='word_1_340' title='bbox 2078 1249 2181 1297; x_wconf 85' lang='lat' dir='ltr'>monet</span> <span class='ocrx_word' id='word_1_341' title='bbox 2197 1242 2262 1318; x_wconf 83' lang='lat' dir='ltr'>ipse</span> <span class='ocrx_word' id='word_1_342' title='bbox 2278 1240 2360 1301; x_wconf 83' lang='lat' dir='ltr'>f&#39;acit.</span> 
     </span>
    </p>

    <p class='ocr_par' dir='ltr' id='par_1_7' title="bbox 1530 1319 2524 5365">
     <span class='ocr_line' id='line_1_49' title="bbox 1636 1319 2524 1425; baseline 0.015 -33"><span class='ocrx_word' id='word_1_343' title='bbox 1636 1319 1798 1417; x_wconf 87' lang='lat' dir='ltr'>Cumque</span> <span class='ocrx_word' id='word_1_344' title='bbox 1822 1328 1860 1394; x_wconf 92' lang='lat' dir='ltr'>in</span> <span class='ocrx_word' id='word_1_345' title='bbox 1882 1340 1958 1398; x_wconf 88' lang='lat' dir='ltr'>toto</span> <span class='ocrx_word' id='word_1_346' title='bbox 1981 1352 2107 1418; x_wconf 90' lang='lat' dir='ltr'>genere</span> <span class='ocrx_word' id='word_1_347' title='bbox 2124 1326 2281 1402; x_wconf 92' lang='lat' dir='ltr'>humano</span> <span class='ocrx_word' id='word_1_348' title='bbox 2297 1357 2437 1425; x_wconf 88' lang='lat' dir='ltr'>semper</span> <span class='ocrx_word' id='word_1_349' title='bbox 2454 1339 2524 1404; x_wconf 90' lang='lat' dir='ltr'>im-</span> 
     </span>
     <span class='ocr_line' id='line_1_50' title="bbox 1533 1426 2522 1526; baseline 0.018 -37"><span class='ocrx_word' id='word_1_350' title='bbox 1533 1435 1627 1491; x_wconf 93' lang='lat' dir='ltr'>mota</span> <span class='ocrx_word' id='word_1_351' title='bbox 1646 1426 1913 1513; x_wconf 85' lang='lat' dir='ltr'>gubernationis</span> <span class='ocrx_word' id='word_1_352' title='bbox 1929 1454 2052 1499; x_wconf 88' lang='lat' dir='ltr'>norma</span> <span class='ocrx_word' id='word_1_353' title='bbox 2069 1455 2141 1500; x_wconf 89' lang='lat' dir='ltr'>esse</span> <span class='ocrx_word' id='word_1_354' title='bbox 2155 1434 2299 1519; x_wconf 91' lang='lat' dir='ltr'>debeat,</span> <span class='ocrx_word' id='word_1_355' title='bbox 2323 1432 2522 1526; x_wconf 88' lang='lat' dir='ltr'>Decalogus</span> 
     </span>
     <span class='ocr_line' id='line_1_51' title="bbox 1533 1524 2521 1623; baseline 0.017 -32"><span class='ocrx_word' id='word_1_356' title='bbox 1533 1536 1626 1593; x_wconf 90' lang='lat' dir='ltr'>recte</span> <span class='ocrx_word' id='word_1_357' title='bbox 1649 1526 1866 1608; x_wconf 88' lang='lat' dir='ltr'>intellectus,</span> <span class='ocrx_word' id='word_1_358' title='bbox 1901 1524 1938 1600; x_wconf 78' lang='lat' dir='ltr'>et</span> <span class='ocrx_word' id='word_1_359' title='bbox 1955 1528 2052 1601; x_wconf 90' lang='lat' dir='ltr'>Deus</span> <span class='ocrx_word' id='word_1_360' title='bbox 2068 1530 2315 1623; x_wconf 87' lang='lat' dir='ltr'>Magistratum</span> <span class='ocrx_word' id='word_1_361' title='bbox 2339 1536 2423 1608; x_wconf 89' lang='lat' dir='ltr'>velit</span> <span class='ocrx_word' id='word_1_362' title='bbox 2447 1561 2521 1608; x_wconf 87' lang='lat' dir='ltr'>esse</span> 
     </span>
     <span class='ocr_line' id='line_1_52' title="bbox 1535 1628 2518 1727; baseline 0.016 -35"><span class='ocrx_word' id='word_1_363' title='bbox 1535 1650 1675 1705; x_wconf 92' lang='lat' dir='ltr'>vocem,</span> <span class='ocrx_word' id='word_1_364' title='bbox 1702 1642 1734 1697; x_wconf 89' lang='lat' dir='ltr'>et</span> <span class='ocrx_word' id='word_1_365' title='bbox 1751 1636 1932 1701; x_wconf 88' lang='lat' dir='ltr'>custodem</span> <span class='ocrx_word' id='word_1_366' title='bbox 1945 1628 2052 1701; x_wconf 92' lang='lat' dir='ltr'>buius</span> <span class='ocrx_word' id='word_1_367' title='bbox 2065 1656 2147 1702; x_wconf 89' lang='lat' dir='ltr'>suae</span> <span class='ocrx_word' id='word_1_368' title='bbox 2161 1649 2322 1705; x_wconf 86' lang='lat' dir='ltr'>aeternae</span> <span class='ocrx_word' id='word_1_369' title='bbox 2335 1638 2440 1727; x_wconf 85' lang='lat' dir='ltr'>legis,</span> <span class='ocrx_word' id='word_1_370' title='bbox 2464 1663 2518 1708; x_wconf 91' lang='lat' dir='ltr'>se-</span> 
     </span>
     <span class='ocr_line' id='line_1_53' title="bbox 1533 1724 2519 1818; baseline 0.019 -27"><span class='ocrx_word' id='word_1_371' title='bbox 1533 1742 1692 1818; x_wconf 91' lang='lat' dir='ltr'>quuntur</span> <span class='ocrx_word' id='word_1_372' title='bbox 1714 1724 1805 1797; x_wconf 76' lang='lat' dir='ltr'>haine</span> <span class='ocrx_word' id='word_1_373' title='bbox 1831 1757 1948 1801; x_wconf 86' lang='lat' dir='ltr'>veram</span> <span class='ocrx_word' id='word_1_374' title='bbox 1972 1758 2132 1803; x_wconf 92' lang='lat' dir='ltr'>normam</span> <span class='ocrx_word' id='word_1_375' title='bbox 2157 1751 2190 1805; x_wconf 90' lang='lat' dir='ltr'>et</span> <span class='ocrx_word' id='word_1_376' title='bbox 2210 1739 2248 1805; x_wconf 91' lang='lat' dir='ltr'>in</span> <span class='ocrx_word' id='word_1_377' title='bbox 2276 1734 2342 1807; x_wconf 93' lang='lat' dir='ltr'>hac</span> <span class='ocrx_word' id='word_1_378' title='bbox 2366 1753 2438 1809; x_wconf 87' lang='lat' dir='ltr'>tota</span> <span class='ocrx_word' id='word_1_379' title='bbox 2462 1765 2519 1809; x_wconf 92' lang='lat' dir='ltr'>re·</span> 
     </span>
     <span class='ocr_line' id='line_1_54' title="bbox 1533 1828 2520 1929; baseline 0.019 -36"><span class='ocrx_word' id='word_1_380' title='bbox 1533 1828 1649 1915; x_wconf 86' lang='lat' dir='ltr'>gione.</span> <span class='ocrx_word' id='word_1_381' title='bbox 1702 1828 1930 1919; x_wconf 86' lang='lat' dir='ltr'>Magistratus</span> <span class='ocrx_word' id='word_1_382' title='bbox 1953 1837 2173 1926; x_wconf 87' lang='lat' dir='ltr'>praecipiunt</span> <span class='ocrx_word' id='word_1_383' title='bbox 2198 1853 2238 1908; x_wconf 93' lang='lat' dir='ltr'>ut</span> <span class='ocrx_word' id='word_1_384' title='bbox 2261 1840 2382 1929; x_wconf 89' lang='lat' dir='ltr'>populi</span> <span class='ocrx_word' id='word_1_385' title='bbox 2405 1865 2520 1912; x_wconf 86' lang='lat' dir='ltr'>mores</span> 
     </span>
     <span class='ocr_line' id='line_1_55' title="bbox 1533 1934 2521 2029; baseline 0.018 -34"><span class='ocrx_word' id='word_1_386' title='bbox 1533 1942 1729 2018; x_wconf 91' lang='lat' dir='ltr'>congruant</span> <span class='ocrx_word' id='word_1_387' title='bbox 1742 1935 1785 2000; x_wconf 92' lang='lat' dir='ltr'>ad</span> <span class='ocrx_word' id='word_1_388' title='bbox 1803 1950 1987 2025; x_wconf 88' lang='lat' dir='ltr'>praecepta</span> <span class='ocrx_word' id='word_1_389' title='bbox 2002 1934 2090 2017; x_wconf 92' lang='lat' dir='ltr'>Dei,</span> <span class='ocrx_word' id='word_1_390' title='bbox 2116 1952 2150 2008; x_wconf 90' lang='lat' dir='ltr'>et</span> <span class='ocrx_word' id='word_1_391' title='bbox 2171 1941 2325 2029; x_wconf 88' lang='lat' dir='ltr'>puniunt</span> <span class='ocrx_word' id='word_1_392' title='bbox 2337 1954 2521 2012; x_wconf 89' lang='lat' dir='ltr'>contuma-</span> 
     </span>
     <span class='ocr_line' id='line_1_56' title="bbox 1533 2029 2521 2125; baseline 0.014 -29"><span class='ocrx_word' id='word_1_393' title='bbox 1533 2053 1599 2099; x_wconf 88' lang='lat' dir='ltr'>ces.</span> <span class='ocrx_word' id='word_1_394' title='bbox 1650 2029 1714 2100; x_wconf 92' lang='lat' dir='ltr'>Pie</span> <span class='ocrx_word' id='word_1_395' title='bbox 1738 2033 1934 2106; x_wconf 89' lang='lat' dir='ltr'>defendunt</span> <span class='ocrx_word' id='word_1_396' title='bbox 1954 2034 2149 2125; x_wconf 88' lang='lat' dir='ltr'>Ecclesias,</span> <span class='ocrx_word' id='word_1_397' title='bbox 2176 2065 2221 2109; x_wconf 92' lang='lat' dir='ltr'>ne</span> <span class='ocrx_word' id='word_1_398' title='bbox 2234 2066 2316 2111; x_wconf 87' lang='lat' dir='ltr'>vera</span> <span class='ocrx_word' id='word_1_399' title='bbox 2333 2042 2399 2112; x_wconf 89' lang='lat' dir='ltr'>Dei</span> <span class='ocrx_word' id='word_1_400' title='bbox 2417 2044 2521 2113; x_wconf 86' lang='lat' dir='ltr'>invo-</span> 
     </span>
     <span class='ocr_line' id='line_1_57' title="bbox 1533 2132 2520 2236; baseline 0.016 -38"><span class='ocrx_word' id='word_1_401' title='bbox 1533 2132 1622 2200; x_wconf 93' lang='lat' dir='ltr'>catio</span> <span class='ocrx_word' id='word_1_402' title='bbox 1638 2133 1878 2223; x_wconf 80' lang='lat' dir='ltr'>extinguatur,</span> <span class='ocrx_word' id='word_1_403' title='bbox 1904 2151 1938 2206; x_wconf 89' lang='lat' dir='ltr'>et</span> <span class='ocrx_word' id='word_1_404' title='bbox 1955 2140 2092 2230; x_wconf 90' lang='lat' dir='ltr'>pellunt</span> <span class='ocrx_word' id='word_1_405' title='bbox 2111 2137 2274 2212; x_wconf 88' lang='lat' dir='ltr'>homines</span> <span class='ocrx_word' id='word_1_406' title='bbox 2289 2146 2351 2236; x_wconf 92' lang='lat' dir='ltr'>qui</span> <span class='ocrx_word' id='word_1_407' title='bbox 2367 2158 2427 2213; x_wconf 93' lang='lat' dir='ltr'>aut</span> <span class='ocrx_word' id='word_1_408' title='bbox 2440 2146 2520 2214; x_wconf 91' lang='lat' dir='ltr'>ido·</span> 
     </span>
     <span class='ocr_line' id='line_1_58' title="bbox 1532 2233 2519 2333; baseline 0.016 -33"><span class='ocrx_word' id='word_1_409' title='bbox 1532 2233 1565 2301; x_wconf 92' lang='lat' dir='ltr'>la</span> <span class='ocrx_word' id='word_1_410' title='bbox 1596 2234 1808 2316; x_wconf 92' lang='lat' dir='ltr'>defendunt,</span> <span class='ocrx_word' id='word_1_411' title='bbox 1844 2254 1905 2309; x_wconf 88' lang='lat' dir='ltr'>aut</span> <span class='ocrx_word' id='word_1_412' title='bbox 1935 2241 2122 2333; x_wconf 90' lang='lat' dir='ltr'>cyclopicis</span> <span class='ocrx_word' id='word_1_413' title='bbox 2151 2246 2376 2315; x_wconf 88' lang='lat' dir='ltr'>sermonibus</span> <span class='ocrx_word' id='word_1_414' title='bbox 2402 2243 2519 2316; x_wconf 90' lang='lat' dir='ltr'>Deum</span> 
     </span>
     <span class='ocr_line' id='line_1_59' title="bbox 1533 2338 2521 2437; baseline 0.016 -36"><span class='ocrx_word' id='word_1_415' title='bbox 1533 2338 1747 2405; x_wconf 90' lang='lat' dir='ltr'>contumelia</span> <span class='ocrx_word' id='word_1_416' title='bbox 1761 2339 1947 2426; x_wconf 86' lang='lat' dir='ltr'>adficiunt,</span> <span class='ocrx_word' id='word_1_417' title='bbox 1970 2355 2031 2411; x_wconf 91' lang='lat' dir='ltr'>aut</span> <span class='ocrx_word' id='word_1_418' title='bbox 2046 2344 2142 2413; x_wconf 90' lang='lat' dir='ltr'>falsis</span> <span class='ocrx_word' id='word_1_419' title='bbox 2157 2343 2521 2437; x_wconf 74' lang='lat' dir='ltr'>opinionibuslbccle·</span> 
     </span>
     <span class='ocr_line' id='line_1_60' title="bbox 1532 2436 2519 2519; baseline 0.017 -17"><span class='ocrx_word' id='word_1_420' title='bbox 1532 2436 1663 2504; x_wconf 90' lang='lat' dir='ltr'>siarum</span> <span class='ocrx_word' id='word_1_421' title='bbox 1680 2463 1890 2511; x_wconf 87' lang='lat' dir='ltr'>consensum</span> <span class='ocrx_word' id='word_1_422' title='bbox 1909 2446 2065 2513; x_wconf 88' lang='lat' dir='ltr'>turbant.</span> <span class='ocrx_word' id='word_1_423' title='bbox 2115 2444 2322 2519; x_wconf 92' lang='lat' dir='ltr'>Puniuntur</span> <span class='ocrx_word' id='word_1_424' title='bbox 2334 2449 2519 2519; x_wconf 89' lang='lat' dir='ltr'>latrocinia</span> 
     </span>
     <span class='ocr_line' id='line_1_61' title="bbox 1533 2537 2522 2639; baseline 0.015 -34"><span class='ocrx_word' id='word_1_425' title='bbox 1533 2550 1566 2605; x_wconf 92' lang='lat' dir='ltr'>et</span> <span class='ocrx_word' id='word_1_426' title='bbox 1582 2537 1783 2612; x_wconf 84' lang='lat' dir='ltr'>seditiones.</span> <span class='ocrx_word' id='word_1_427' title='bbox 1836 2542 2086 2617; x_wconf 88' lang='lat' dir='ltr'>Defenduntur</span> <span class='ocrx_word' id='word_1_428' title='bbox 2097 2547 2255 2637; x_wconf 86' lang='lat' dir='ltr'>legitima</span> <span class='ocrx_word' id='word_1_429' title='bbox 2274 2552 2455 2639; x_wconf 91' lang='lat' dir='ltr'>coniugia,</span> <span class='ocrx_word' id='word_1_430' title='bbox 2482 2575 2522 2621; x_wconf 92' lang='lat' dir='ltr'>ac</span> 
     </span>
     <span class='ocr_line' id='line_1_62' title="bbox 1532 2642 2520 2732; baseline 0.013 -25"><span class='ocrx_word' id='word_1_431' title='bbox 1532 2662 1650 2707; x_wconf 91' lang='lat' dir='ltr'>severe</span> <span class='ocrx_word' id='word_1_432' title='bbox 1666 2642 1867 2728; x_wconf 91' lang='lat' dir='ltr'>puniuntur</span> <span class='ocrx_word' id='word_1_433' title='bbox 1882 2648 2054 2732; x_wconf 89' lang='lat' dir='ltr'>adulteri,</span> <span class='ocrx_word' id='word_1_434' title='bbox 2081 2663 2115 2721; x_wconf 89' lang='lat' dir='ltr'>et</span> <span class='ocrx_word' id='word_1_435' title='bbox 2131 2652 2361 2720; x_wconf 90' lang='lat' dir='ltr'>contaminati</span> <span class='ocrx_word' id='word_1_436' title='bbox 2379 2652 2520 2721; x_wconf 89' lang='lat' dir='ltr'>incestis</span> 
     </span>
     <span class='ocr_line' id='line_1_63' title="bbox 1531 2740 2520 2842; baseline 0.012 -34"><span class='ocrx_word' id='word_1_437' title='bbox 1531 2740 1754 2815; x_wconf 88' lang='lat' dir='ltr'>libidinibus.</span> <span class='ocrx_word' id='word_1_438' title='bbox 1823 2742 1894 2814; x_wconf 90' lang='lat' dir='ltr'>Nec</span> <span class='ocrx_word' id='word_1_439' title='bbox 1933 2749 2103 2819; x_wconf 88' lang='lat' dir='ltr'>toleratur</span> <span class='ocrx_word' id='word_1_440' title='bbox 2134 2753 2273 2842; x_wconf 92' lang='lat' dir='ltr'>publice</span> <span class='ocrx_word' id='word_1_441' title='bbox 2302 2754 2520 2822; x_wconf 89' lang='lat' dir='ltr'>consuetudo</span> 
     </span>
     <span class='ocr_line' id='line_1_64' title="bbox 1531 2843 2520 2942; baseline 0.012 -33"><span class='ocrx_word' id='word_1_442' title='bbox 1531 2866 1612 2911; x_wconf 93' lang='lat' dir='ltr'>cum</span> <span class='ocrx_word' id='word_1_443' title='bbox 1634 2843 1727 2928; x_wconf 90' lang='lat' dir='ltr'>ulla,</span> <span class='ocrx_word' id='word_1_444' title='bbox 1753 2868 1831 2913; x_wconf 92' lang='lat' dir='ltr'>cum</span> <span class='ocrx_word' id='word_1_445' title='bbox 1853 2870 1921 2937; x_wconf 92' lang='lat' dir='ltr'>qua</span> <span class='ocrx_word' id='word_1_446' title='bbox 1945 2872 2018 2916; x_wconf 93' lang='lat' dir='ltr'>uon</span> <span class='ocrx_word' id='word_1_447' title='bbox 2042 2865 2094 2920; x_wconf 90' lang='lat' dir='ltr'>est</span> <span class='ocrx_word' id='word_1_448' title='bbox 2117 2854 2240 2923; x_wconf 90' lang='lat' dir='ltr'>foedus</span> <span class='ocrx_word' id='word_1_449' title='bbox 2254 2854 2436 2942; x_wconf 90' lang='lat' dir='ltr'>coniugale</span> <span class='ocrx_word' id='word_1_450' title='bbox 2450 2850 2520 2921; x_wconf 84' lang='lat' dir='ltr'>Ec·</span> 
     </span>
     <span class='ocr_line' id='line_1_65' title="bbox 1531 2943 2521 3036; baseline 0.014 -27"><span class='ocrx_word' id='word_1_451' title='bbox 1531 2943 1657 3012; x_wconf 74' lang='lat' dir='ltr'>clasiae</span> <span class='ocrx_word' id='word_1_452' title='bbox 1672 2945 1874 3016; x_wconf 90' lang='lat' dir='ltr'>testimonio</span> <span class='ocrx_word' id='word_1_453' title='bbox 1888 2948 2032 3019; x_wconf 89' lang='lat' dir='ltr'>factum.</span> <span class='ocrx_word' id='word_1_454' title='bbox 2086 2951 2291 3024; x_wconf 88' lang='lat' dir='ltr'>Puniuntur</span> <span class='ocrx_word' id='word_1_455' title='bbox 2305 2969 2339 3024; x_wconf 89' lang='lat' dir='ltr'>et</span> <span class='ocrx_word' id='word_1_456' title='bbox 2350 2957 2462 3036; x_wconf 89' lang='lat' dir='ltr'>fures,</span> <span class='ocrx_word' id='word_1_457' title='bbox 2486 2969 2521 3023; x_wconf 88' lang='lat' dir='ltr'>et</span> 
     </span>
     <span class='ocr_line' id='line_1_66' title="bbox 1532 3045 2520 3138; baseline 0.011 -25"><span class='ocrx_word' id='word_1_458' title='bbox 1532 3045 1593 3113; x_wconf 91' lang='lat' dir='ltr'>alii</span> <span class='ocrx_word' id='word_1_459' title='bbox 1618 3047 1679 3137; x_wconf 93' lang='lat' dir='ltr'>qui</span> <span class='ocrx_word' id='word_1_460' title='bbox 1702 3047 1805 3115; x_wconf 88' lang='lat' dir='ltr'>fidem</span> <span class='ocrx_word' id='word_1_461' title='bbox 1829 3063 2012 3138; x_wconf 92' lang='lat' dir='ltr'>pactorum</span> <span class='ocrx_word' id='word_1_462' title='bbox 2038 3053 2076 3119; x_wconf 91' lang='lat' dir='ltr'>in</span> <span class='ocrx_word' id='word_1_463' title='bbox 2095 3057 2334 3124; x_wconf 91' lang='lat' dir='ltr'>contractibus</span> <span class='ocrx_word' id='word_1_464' title='bbox 2356 3079 2429 3123; x_wconf 93' lang='lat' dir='ltr'>non</span> <span class='ocrx_word' id='word_1_465' title='bbox 2447 3078 2520 3124; x_wconf 89' lang='lat' dir='ltr'>ser-</span> 
     </span>
     <span class='ocr_line' id='line_1_67' title="bbox 1531 3144 2522 3243; baseline 0.012 -30"><span class='ocrx_word' id='word_1_466' title='bbox 1531 3162 1624 3215; x_wconf 87' lang='lat' dir='ltr'>vant.</span> <span class='ocrx_word' id='word_1_467' title='bbox 1677 3144 1772 3234; x_wconf 88' lang='lat' dir='ltr'>Quia</span> <span class='ocrx_word' id='word_1_468' title='bbox 1788 3174 1871 3220; x_wconf 92' lang='lat' dir='ltr'>vero</span> <span class='ocrx_word' id='word_1_469' title='bbox 1889 3165 2036 3221; x_wconf 87' lang='lat' dir='ltr'>naturae</span> <span class='ocrx_word' id='word_1_470' title='bbox 2051 3148 2239 3224; x_wconf 91' lang='lat' dir='ltr'>hominum</span> <span class='ocrx_word' id='word_1_471' title='bbox 2253 3156 2412 3243; x_wconf 87' lang='lat' dir='ltr'>placidae</span> <span class='ocrx_word' id='word_1_472' title='bbox 2428 3170 2522 3239; x_wconf 88' lang='lat' dir='ltr'>sunt,</span> 
     </span>
     <span class='ocr_line' id='line_1_68' title="bbox 1531 3249 2522 3339; baseline 0.011 -24"><span class='ocrx_word' id='word_1_473' title='bbox 1531 3261 1565 3319; x_wconf 92' lang='lat' dir='ltr'>et</span> <span class='ocrx_word' id='word_1_474' title='bbox 1581 3250 1625 3316; x_wconf 90' lang='lat' dir='ltr'>ad</span> <span class='ocrx_word' id='word_1_475' title='bbox 1643 3249 1860 3337; x_wconf 92' lang='lat' dir='ltr'>agnitionem</span> <span class='ocrx_word' id='word_1_476' title='bbox 1884 3267 1919 3322; x_wconf 89' lang='lat' dir='ltr'>et</span> <span class='ocrx_word' id='word_1_477' title='bbox 1943 3252 2203 3323; x_wconf 90' lang='lat' dir='ltr'>invocationem</span> <span class='ocrx_word' id='word_1_478' title='bbox 2225 3253 2316 3339; x_wconf 89' lang='lat' dir='ltr'>Dei,</span> <span class='ocrx_word' id='word_1_479' title='bbox 2342 3271 2377 3327; x_wconf 89' lang='lat' dir='ltr'>et</span> <span class='ocrx_word' id='word_1_480' title='bbox 2394 3260 2439 3325; x_wconf 91' lang='lat' dir='ltr'>ad</span> <span class='ocrx_word' id='word_1_481' title='bbox 2455 3260 2522 3326; x_wconf 90' lang='lat' dir='ltr'>bo-</span> 
     </span>
     <span class='ocr_line' id='line_1_69' title="bbox 1530 3348 2523 3447; baseline 0.013 -30"><span class='ocrx_word' id='word_1_482' title='bbox 1530 3372 1597 3419; x_wconf 92' lang='lat' dir='ltr'>nos</span> <span class='ocrx_word' id='word_1_483' title='bbox 1612 3373 1730 3420; x_wconf 88' lang='lat' dir='ltr'>mores</span> <span class='ocrx_word' id='word_1_484' title='bbox 1744 3375 1830 3422; x_wconf 90' lang='lat' dir='ltr'>voce</span> <span class='ocrx_word' id='word_1_485' title='bbox 1844 3348 2042 3439; x_wconf 86' lang='lat' dir='ltr'>Ecclesiae,</span> <span class='ocrx_word' id='word_1_486' title='bbox 2068 3369 2101 3427; x_wconf 94' lang='lat' dir='ltr'>et</span> <span class='ocrx_word' id='word_1_487' title='bbox 2115 3356 2304 3447; x_wconf 89' lang='lat' dir='ltr'>disciplina</span> <span class='ocrx_word' id='word_1_488' title='bbox 2321 3359 2523 3441; x_wconf 91' lang='lat' dir='ltr'>domestica,</span> 
     </span>
     <span class='ocr_line' id='line_1_70' title="bbox 1532 3444 2522 3547; baseline 0.008 -28"><span class='ocrx_word' id='word_1_489' title='bbox 1532 3466 1565 3520; x_wconf 92' lang='lat' dir='ltr'>et</span> <span class='ocrx_word' id='word_1_490' title='bbox 1580 3452 1747 3543; x_wconf 86' lang='lat' dir='ltr'>exemplis</span> <span class='ocrx_word' id='word_1_491' title='bbox 1764 3444 1961 3542; x_wconf 63' lang='lat' dir='ltr'>&#39;poenarum</span> <span class='ocrx_word' id='word_1_492' title='bbox 1978 3457 2199 3547; x_wconf 90' lang='lat' dir='ltr'>publicarum</span> <span class='ocrx_word' id='word_1_493' title='bbox 2215 3458 2428 3542; x_wconf 87' lang='lat' dir='ltr'>adsuehunt,</span> <span class='ocrx_word' id='word_1_494' title='bbox 2455 3461 2522 3527; x_wconf 90' lang='lat' dir='ltr'>mi-</span> 
     </span>
     <span class='ocr_line' id='line_1_71' title="bbox 1532 3555 2521 3630; baseline 0.01 -11"><span class='ocrx_word' id='word_1_495' title='bbox 1532 3574 1598 3622; x_wconf 92' lang='lat' dir='ltr'>nus</span> <span class='ocrx_word' id='word_1_496' title='bbox 1614 3566 1648 3620; x_wconf 87' lang='lat' dir='ltr'>et</span> <span class='ocrx_word' id='word_1_497' title='bbox 1664 3556 1906 3621; x_wconf 90' lang='lat' dir='ltr'>contumaciae</span> <span class='ocrx_word' id='word_1_498' title='bbox 1922 3570 1955 3623; x_wconf 89' lang='lat' dir='ltr'>et</span> <span class='ocrx_word' id='word_1_499' title='bbox 1970 3558 2151 3625; x_wconf 88' lang='lat' dir='ltr'>scelerum.</span> <span class='ocrx_word' id='word_1_500' title='bbox 2200 3555 2265 3629; x_wconf 84' lang='lat' dir='ltr'>Est</span> <span class='ocrx_word' id='word_1_501' title='bbox 2280 3574 2399 3629; x_wconf 91' lang='lat' dir='ltr'>autem</span> <span class='ocrx_word' id='word_1_502' title='bbox 2414 3561 2521 3630; x_wconf 90' lang='lat' dir='ltr'>disci·</span> 
     </span>
     <span class='ocr_line' id='line_1_72' title="bbox 1532 3651 2523 3751; baseline 0.011 -31"><span class='ocrx_word' id='word_1_503' title='bbox 1532 3653 1631 3742; x_wconf 89' lang='lat' dir='ltr'>plina</span> <span class='ocrx_word' id='word_1_504' title='bbox 1645 3652 1834 3723; x_wconf 89' lang='lat' dir='ltr'>domestica</span> <span class='ocrx_word' id='word_1_505' title='bbox 1855 3653 1893 3720; x_wconf 90' lang='lat' dir='ltr'>in</span> <span class='ocrx_word' id='word_1_506' title='bbox 1909 3651 2058 3722; x_wconf 92' lang='lat' dir='ltr'>urbibus</span> <span class='ocrx_word' id='word_1_507' title='bbox 2080 3679 2120 3721; x_wconf 91' lang='lat' dir='ltr'>eo</span> <span class='ocrx_word' id='word_1_508' title='bbox 2136 3659 2281 3740; x_wconf 89' lang='lat' dir='ltr'>melior,</span> <span class='ocrx_word' id='word_1_509' title='bbox 2307 3662 2391 3748; x_wconf 90' lang='lat' dir='ltr'>quia</span> <span class='ocrx_word' id='word_1_510' title='bbox 2409 3663 2523 3751; x_wconf 87' lang='lat' dir='ltr'>pluri-</span> 
     </span>
     <span class='ocr_line' id='line_1_73' title="bbox 1531 3753 2522 3848; baseline 0.009 -27"><span class='ocrx_word' id='word_1_511' title='bbox 1531 3753 1582 3821; x_wconf 93' lang='lat' dir='ltr'>mi</span> <span class='ocrx_word' id='word_1_512' title='bbox 1596 3754 1689 3823; x_wconf 91' lang='lat' dir='ltr'>cives</span> <span class='ocrx_word' id='word_1_513' title='bbox 1704 3766 1744 3822; x_wconf 93' lang='lat' dir='ltr'>ut</span> <span class='ocrx_word' id='word_1_514' title='bbox 1759 3776 1934 3846; x_wconf 90' lang='lat' dir='ltr'>nusquam</span> <span class='ocrx_word' id='word_1_515' title='bbox 1959 3754 2065 3836; x_wconf 87' lang='lat' dir='ltr'>alibi,</span> <span class='ocrx_word' id='word_1_516' title='bbox 2089 3768 2224 3824; x_wconf 91' lang='lat' dir='ltr'>norunt</span> <span class='ocrx_word' id='word_1_517' title='bbox 2245 3769 2425 3848; x_wconf 91' lang='lat' dir='ltr'>utcunque</span> <span class='ocrx_word' id='word_1_518' title='bbox 2442 3763 2522 3830; x_wconf 89' lang='lat' dir='ltr'>lite-</span> 
     </span>
     <span class='ocr_line' id='line_1_74' title="bbox 1530 3855 2520 3946; baseline 0.005 -21"><span class='ocrx_word' id='word_1_519' title='bbox 1530 3879 1605 3939; x_wconf 92' lang='lat' dir='ltr'>ras,</span> <span class='ocrx_word' id='word_1_520' title='bbox 1630 3867 1665 3924; x_wconf 90' lang='lat' dir='ltr'>et</span> <span class='ocrx_word' id='word_1_521' title='bbox 1680 3855 1779 3924; x_wconf 92' lang='lat' dir='ltr'>domi</span> <span class='ocrx_word' id='word_1_522' title='bbox 1795 3878 1912 3926; x_wconf 89' lang='lat' dir='ltr'>sacros</span> <span class='ocrx_word' id='word_1_523' title='bbox 1927 3856 2038 3926; x_wconf 90' lang='lat' dir='ltr'>libros</span> <span class='ocrx_word' id='word_1_524' title='bbox 2053 3858 2194 3946; x_wconf 89' lang='lat' dir='ltr'>legunt,</span> <span class='ocrx_word' id='word_1_525' title='bbox 2221 3872 2257 3928; x_wconf 89' lang='lat' dir='ltr'>et</span> <span class='ocrx_word' id='word_1_526' title='bbox 2270 3858 2362 3928; x_wconf 87' lang='lat' dir='ltr'>filios</span> <span class='ocrx_word' id='word_1_527' title='bbox 2377 3882 2416 3927; x_wconf 93' lang='lat' dir='ltr'>ac</span> <span class='ocrx_word' id='word_1_528' title='bbox 2432 3860 2520 3930; x_wconf 86' lang='lat' dir='ltr'>filias</span> 
     </span>
     <span class='ocr_line' id='line_1_75' title="bbox 1532 3957 2521 4049; baseline 0.004 -22"><span class='ocrx_word' id='word_1_529' title='bbox 1532 3957 1652 4027; x_wconf 92' lang='lat' dir='ltr'>doceri</span> <span class='ocrx_word' id='word_1_530' title='bbox 1668 3957 1788 4049; x_wconf 85' lang='lat' dir='ltr'>literas</span> <span class='ocrx_word' id='word_1_531' title='bbox 1804 3972 1947 4042; x_wconf 91' lang='lat' dir='ltr'>curant,</span> <span class='ocrx_word' id='word_1_532' title='bbox 1973 3972 2008 4029; x_wconf 94' lang='lat' dir='ltr'>et</span> <span class='ocrx_word' id='word_1_533' title='bbox 2019 3981 2148 4048; x_wconf 90' lang='lat' dir='ltr'>magno</span> <span class='ocrx_word' id='word_1_534' title='bbox 2170 3961 2288 4031; x_wconf 90' lang='lat' dir='ltr'>studio</span> <span class='ocrx_word' id='word_1_535' title='bbox 2304 3982 2386 4029; x_wconf 77' lang='lat' dir='ltr'>siros</span> <span class='ocrx_word' id='word_1_536' title='bbox 2402 3962 2446 4030; x_wconf 94' lang='lat' dir='ltr'>ad</span> <span class='ocrx_word' id='word_1_537' title='bbox 2463 3985 2521 4031; x_wconf 92' lang='lat' dir='ltr'>re-</span> 
     </span>
     <span class='ocr_line' id='line_1_76' title="bbox 1531 4058 2518 4151; baseline 0.007 -25"><span class='ocrx_word' id='word_1_538' title='bbox 1531 4058 1726 4128; x_wconf 88' lang='lat' dir='ltr'>verentiam</span> <span class='ocrx_word' id='word_1_539' title='bbox 1765 4060 1899 4149; x_wconf 89' lang='lat' dir='ltr'>publici</span> <span class='ocrx_word' id='word_1_540' title='bbox 1932 4060 2120 4130; x_wconf 90' lang='lat' dir='ltr'>ministerii</span> <span class='ocrx_word' id='word_1_541' title='bbox 2159 4063 2372 4151; x_wconf 90' lang='lat' dir='ltr'>evangelici,</span> <span class='ocrx_word' id='word_1_542' title='bbox 2408 4077 2442 4133; x_wconf 93' lang='lat' dir='ltr'>et</span> <span class='ocrx_word' id='word_1_543' title='bbox 2475 4067 2518 4133; x_wconf 91' lang='lat' dir='ltr'>ad</span> 
     </span>
     <span class='ocr_line' id='line_1_77' title="bbox 1531 4160 2521 4257; baseline 0.007 -29"><span class='ocrx_word' id='word_1_544' title='bbox 1531 4161 1606 4251; x_wconf 89' lang='lat' dir='ltr'>pias</span> <span class='ocrx_word' id='word_1_545' title='bbox 1631 4160 1850 4251; x_wconf 90' lang='lat' dir='ltr'>precationes</span> <span class='ocrx_word' id='word_1_546' title='bbox 1874 4163 2128 4236; x_wconf 81' lang='lat' dir='ltr'>adsuefaciunt.</span> <span class='ocrx_word' id='word_1_547' title='bbox 2180 4163 2322 4257; x_wconf 89' lang='lat' dir='ltr'>Ubique</span> <span class='ocrx_word' id='word_1_548' title='bbox 2346 4163 2383 4230; x_wconf 92' lang='lat' dir='ltr'>in</span> <span class='ocrx_word' id='word_1_549' title='bbox 2399 4165 2521 4254; x_wconf 86' lang='lat' dir='ltr'>singu-</span> 
     </span>
     <span class='ocr_line' id='line_1_78' title="bbox 1531 4261 2521 4345; baseline 0.006 -14"><span class='ocrx_word' id='word_1_550' title='bbox 1531 4265 1647 4331; x_wconf 88' lang='lat' dir='ltr'>lorum</span> <span class='ocrx_word' id='word_1_551' title='bbox 1677 4261 1911 4331; x_wconf 85' lang='lat' dir='ltr'>mediocrium</span> <span class='ocrx_word' id='word_1_552' title='bbox 1936 4264 2068 4334; x_wconf 90' lang='lat' dir='ltr'>civium</span> <span class='ocrx_word' id='word_1_553' title='bbox 2101 4265 2265 4345; x_wconf 88' lang='lat' dir='ltr'>aedibus,</span> <span class='ocrx_word' id='word_1_554' title='bbox 2299 4265 2392 4335; x_wconf 89' lang='lat' dir='ltr'>inter</span> <span class='ocrx_word' id='word_1_555' title='bbox 2414 4290 2521 4337; x_wconf 90' lang='lat' dir='ltr'>orna-</span> 
     </span>
     <span class='ocr_line' id='line_1_79' title="bbox 1530 4363 2521 4456; baseline 0.008 -26"><span class='ocrx_word' id='word_1_556' title='bbox 1530 4376 1648 4432; x_wconf 90' lang='lat' dir='ltr'>menta</span> <span class='ocrx_word' id='word_1_557' title='bbox 1671 4363 1858 4453; x_wconf 89' lang='lat' dir='ltr'>praecipua</span> <span class='ocrx_word' id='word_1_558' title='bbox 1883 4365 2152 4456; x_wconf 89' lang='lat' dir='ltr'>conspiciuntur</span> <span class='ocrx_word' id='word_1_559' title='bbox 2174 4367 2258 4435; x_wconf 92' lang='lat' dir='ltr'>libri</span> <span class='ocrx_word' id='word_1_560' title='bbox 2275 4366 2383 4450; x_wconf 91' lang='lat' dir='ltr'>sacri,</span> <span class='ocrx_word' id='word_1_561' title='bbox 2408 4363 2521 4438; x_wconf 91' lang='lat' dir='ltr'>bisto-</span> 
     </span>
     <span class='ocr_line' id='line_1_80' title="bbox 1532 4459 2521 4557; baseline 0.006 -24"><span class='ocrx_word' id='word_1_562' title='bbox 1532 4466 1603 4533; x_wconf 92' lang='lat' dir='ltr'>riae</span> <span class='ocrx_word' id='word_1_563' title='bbox 1633 4459 1939 4550; x_wconf 90' lang='lat' dir='ltr'>monarchiarum,</span> <span class='ocrx_word' id='word_1_564' title='bbox 1973 4468 2129 4556; x_wconf 90' lang='lat' dir='ltr'>picturae</span> <span class='ocrx_word' id='word_1_565' title='bbox 2165 4468 2385 4538; x_wconf 90' lang='lat' dir='ltr'>continentes</span> <span class='ocrx_word' id='word_1_566' title='bbox 2416 4492 2521 4557; x_wconf 88' lang='lat' dir='ltr'>argu-</span> 
     </span>
     <span class='ocr_line' id='line_1_81' title="bbox 1531 4566 2521 4660; baseline 0.006 -26"><span class='ocrx_word' id='word_1_567' title='bbox 1531 4577 1649 4635; x_wconf 92' lang='lat' dir='ltr'>menta</span> <span class='ocrx_word' id='word_1_568' title='bbox 1672 4566 1774 4635; x_wconf 90' lang='lat' dir='ltr'>utilia</span> <span class='ocrx_word' id='word_1_569' title='bbox 1798 4568 1841 4634; x_wconf 91' lang='lat' dir='ltr'>ad</span> <span class='ocrx_word' id='word_1_570' title='bbox 1861 4569 2238 4638; x_wconf 90' lang='lat' dir='ltr'>commonefactionem</span> <span class='ocrx_word' id='word_1_571' title='bbox 2252 4582 2392 4660; x_wconf 90' lang='lat' dir='ltr'>sumpta</span> <span class='ocrx_word' id='word_1_572' title='bbox 2408 4596 2448 4640; x_wconf 87' lang='lat' dir='ltr'>ex</span> <span class='ocrx_word' id='word_1_573' title='bbox 2465 4567 2521 4640; x_wconf 90' lang='lat' dir='ltr'>hi·</span> 
     </span>
     <span class='ocr_line' id='line_1_82' title="bbox 1531 4666 2522 4760; baseline 0.007 -25"><span class='ocrx_word' id='word_1_574' title='bbox 1531 4667 1661 4739; x_wconf 85' lang='lat' dir='ltr'>storiis.</span> <span class='ocrx_word' id='word_1_575' title='bbox 1714 4666 1857 4760; x_wconf 91' lang='lat' dir='ltr'>Ubique</span> <span class='ocrx_word' id='word_1_576' title='bbox 1880 4669 2027 4739; x_wconf 89' lang='lat' dir='ltr'>recitant</span> <span class='ocrx_word' id='word_1_577' title='bbox 2049 4671 2151 4759; x_wconf 89' lang='lat' dir='ltr'>pueri</span> <span class='ocrx_word' id='word_1_578' title='bbox 2165 4695 2286 4754; x_wconf 91' lang='lat' dir='ltr'>mane,</span> <span class='ocrx_word' id='word_1_579' title='bbox 2314 4684 2348 4740; x_wconf 88' lang='lat' dir='ltr'>et</span> <span class='ocrx_word' id='word_1_580' title='bbox 2361 4672 2405 4740; x_wconf 92' lang='lat' dir='ltr'>ad</span> <span class='ocrx_word' id='word_1_581' title='bbox 2420 4697 2522 4742; x_wconf 90' lang='lat' dir='ltr'>men-</span> 
     </span>
     <span class='ocr_line' id='line_1_83' title="bbox 1531 4770 2522 4867; baseline 0.006 -30"><span class='ocrx_word' id='word_1_582' title='bbox 1531 4792 1603 4837; x_wconf 90' lang='lat' dir='ltr'>sam</span> <span class='ocrx_word' id='word_1_583' title='bbox 1614 4791 1734 4858; x_wconf 89' lang='lat' dir='ltr'>preces</span> <span class='ocrx_word' id='word_1_584' title='bbox 1747 4783 1780 4838; x_wconf 92' lang='lat' dir='ltr'>et</span> <span class='ocrx_word' id='word_1_585' title='bbox 1790 4771 1865 4858; x_wconf 88' lang='lat' dir='ltr'>pias</span> <span class='ocrx_word' id='word_1_586' title='bbox 1880 4770 2089 4850; x_wconf 90' lang='lat' dir='ltr'>sententias,</span> <span class='ocrx_word' id='word_1_587' title='bbox 2116 4786 2151 4841; x_wconf 94' lang='lat' dir='ltr'>et</span> <span class='ocrx_word' id='word_1_588' title='bbox 2164 4773 2422 4867; x_wconf 72' lang='lat' dir='ltr'>admonentur,</span> <span class='ocrx_word' id='word_1_589' title='bbox 2446 4776 2522 4843; x_wconf 90' lang='lat' dir='ltr'>sin-</span> 
     </span>
     <span class='ocr_line' id='line_1_84' title="bbox 1531 4867 2522 4965; baseline 0.009 -27"><span class='ocrx_word' id='word_1_590' title='bbox 1531 4871 1630 4959; x_wconf 90' lang='lat' dir='ltr'>gulas</span> <span class='ocrx_word' id='word_1_591' title='bbox 1643 4870 1795 4939; x_wconf 87' lang='lat' dir='ltr'>familias</span> <span class='ocrx_word' id='word_1_592' title='bbox 1817 4871 1944 4939; x_wconf 88' lang='lat' dir='ltr'>debere</span> <span class='ocrx_word' id='word_1_593' title='bbox 1958 4895 2044 4940; x_wconf 80' lang='lat' dir='ltr'>esse</span> <span class='ocrx_word' id='word_1_594' title='bbox 2057 4867 2233 4942; x_wconf 83' lang='lat' dir='ltr'>Ecclesias</span> <span class='ocrx_word' id='word_1_595' title='bbox 2247 4888 2280 4943; x_wconf 93' lang='lat' dir='ltr'>et</span> <span class='ocrx_word' id='word_1_596' title='bbox 2295 4875 2425 4965; x_wconf 92' lang='lat' dir='ltr'>templa</span> <span class='ocrx_word' id='word_1_597' title='bbox 2441 4872 2522 4957; x_wconf 89' lang='lat' dir='ltr'>Dei,</span> 
     </span>
     <span class='ocr_line' id='line_1_85' title="bbox 1531 4967 2524 5063; baseline 0.009 -24"><span class='ocrx_word' id='word_1_598' title='bbox 1531 4972 1569 5039; x_wconf 90' lang='lat' dir='ltr'>in</span> <span class='ocrx_word' id='word_1_599' title='bbox 1591 4970 1721 5063; x_wconf 91' lang='lat' dir='ltr'>quibus</span> <span class='ocrx_word' id='word_1_600' title='bbox 1742 4971 1827 5040; x_wconf 89' lang='lat' dir='ltr'>velit</span> <span class='ocrx_word' id='word_1_601' title='bbox 1842 4969 1938 5040; x_wconf 88' lang='lat' dir='ltr'>Deus</span> <span class='ocrx_word' id='word_1_602' title='bbox 1962 4967 2141 5053; x_wconf 90' lang='lat' dir='ltr'>habitare,</span> <span class='ocrx_word' id='word_1_603' title='bbox 2168 4975 2267 5044; x_wconf 89' lang='lat' dir='ltr'>etsie</span> <span class='ocrx_word' id='word_1_604' title='bbox 2290 4976 2366 5045; x_wconf 89' lang='lat' dir='ltr'>fieri</span> <span class='ocrx_word' id='word_1_605' title='bbox 2383 5001 2440 5046; x_wconf 90' lang='lat' dir='ltr'>eas</span> <span class='ocrx_word' id='word_1_606' title='bbox 2457 4981 2524 5050; x_wconf 82' lang='lat' dir='ltr'>clo-</span> 
     </span>
     <span class='ocr_line' id='line_1_86' title="bbox 1531 5068 2521 5168; baseline 0.005 -27"><span class='ocrx_word' id='word_1_607' title='bbox 1531 5072 1662 5142; x_wconf 88' lang='lat' dir='ltr'>micilia</span> <span class='ocrx_word' id='word_1_608' title='bbox 1684 5068 1751 5142; x_wconf 91' lang='lat' dir='ltr'>Dei</span> <span class='ocrx_word' id='word_1_609' title='bbox 1777 5087 1811 5141; x_wconf 94' lang='lat' dir='ltr'>et</span> <span class='ocrx_word' id='word_1_610' title='bbox 1833 5069 2026 5158; x_wconf 82' lang='lat' dir='ltr'>Ecclesias,</span> <span class='ocrx_word' id='word_1_611' title='bbox 2059 5075 2096 5142; x_wconf 89' lang='lat' dir='ltr'>in</span> <span class='ocrx_word' id='word_1_612' title='bbox 2119 5077 2248 5168; x_wconf 91' lang='lat' dir='ltr'>quibus</span> <span class='ocrx_word' id='word_1_613' title='bbox 2270 5093 2365 5149; x_wconf 89' lang='lat' dir='ltr'>certo</span> <span class='ocrx_word' id='word_1_614' title='bbox 2387 5075 2521 5150; x_wconf 84' lang='lat' dir='ltr'>habitet</span> 
     </span>
     <span class='ocr_line' id='line_1_87' title="bbox 1530 5171 2518 5268; baseline 0 -25"><span class='ocrx_word' id='word_1_615' title='bbox 1530 5171 1645 5258; x_wconf 89' lang='lat' dir='ltr'>Deus,</span> <span class='ocrx_word' id='word_1_616' title='bbox 1681 5196 1767 5267; x_wconf 90' lang='lat' dir='ltr'>quas</span> <span class='ocrx_word' id='word_1_617' title='bbox 1790 5188 1922 5255; x_wconf 85' lang='lat' dir='ltr'>servet,</span> <span class='ocrx_word' id='word_1_618' title='bbox 1955 5189 2130 5265; x_wconf 87' lang='lat' dir='ltr'>protegat,</span> <span class='ocrx_word' id='word_1_619' title='bbox 2165 5190 2199 5246; x_wconf 89' lang='lat' dir='ltr'>et</span> <span class='ocrx_word' id='word_1_620' title='bbox 2226 5174 2518 5268; x_wconf 51' lang='lat' dir='ltr'>gubernet,&#39;cum</span> 
     </span>
     <span class='ocr_line' id='line_1_88' title="bbox 1532 5272 2518 5365; baseline 0.003 -21"><span class='ocrx_word' id='word_1_621' title='bbox 1532 5277 1673 5345; x_wconf 90' lang='lat' dir='ltr'>discunt</span> <span class='ocrx_word' id='word_1_622' title='bbox 1703 5275 1857 5342; x_wconf 85' lang='lat' dir='ltr'>familiae</span> <span class='ocrx_word' id='word_1_623' title='bbox 1888 5272 2073 5365; x_wconf 82' lang='lat' dir='ltr'>Evangelii</span> <span class='ocrx_word' id='word_1_624' title='bbox 2106 5280 2327 5364; x_wconf 90' lang='lat' dir='ltr'>doctrinam,</span> <span class='ocrx_word' id='word_1_625' title='bbox 2366 5293 2398 5346; x_wconf 92' lang='lat' dir='ltr'>et</span> <span class='ocrx_word' id='word_1_626' title='bbox 2427 5291 2518 5346; x_wconf 90' lang='lat' dir='ltr'>recte</span> 
     </span>
    </p>
   </div>
   <div class='ocr_carea' id='block_1_5' title="bbox 489 5374 2519 5771">
    <p class='ocr_par' dir='ltr' id='par_1_8' title="bbox 489 5374 2519 5771">
     <span class='ocr_line' id='line_1_89' title="bbox 489 5374 2518 5467; baseline -0.001 -17"><span class='ocrx_word' id='word_1_627' title='bbox 489 5374 953 5463; x_wconf 87' lang='lat' dir='ltr'>HenriciLucelbergensis‚</span> <span class='ocrx_word' id='word_1_628' title='bbox 977 5378 1096 5449; x_wconf 88' lang='lat' dir='ltr'>Caroli</span> <span class='ocrx_word' id='word_1_629' title='bbox 1107 5377 1253 5466; x_wconf 81' lang='lat' dir='ltr'>Quarti,</span> <span class='ocrx_word' id='word_1_630' title='bbox 1278 5377 1477 5465; x_wconf 87' lang='lat' dir='ltr'>Sigismun-</span> <span class='ocrx_word' id='word_1_631' title='bbox 1531 5375 1647 5446; x_wconf 90' lang='lat' dir='ltr'>Deum</span> <span class='ocrx_word' id='word_1_632' title='bbox 1671 5379 1839 5445; x_wconf 88' lang='lat' dir='ltr'>invocant</span> <span class='ocrx_word' id='word_1_633' title='bbox 1859 5376 1987 5445; x_wconf 86' lang='lat' dir='ltr'>fiducia</span> <span class='ocrx_word' id='word_1_634' title='bbox 2008 5375 2240 5467; x_wconf 89' lang='lat' dir='ltr'>Mediatoris,</span> <span class='ocrx_word' id='word_1_635' title='bbox 2272 5397 2306 5450; x_wconf 90' lang='lat' dir='ltr'>et</span> <span class='ocrx_word' id='word_1_636' title='bbox 2329 5399 2442 5444; x_wconf 89' lang='lat' dir='ltr'>mores</span> <span class='ocrx_word' id='word_1_637' title='bbox 2461 5402 2518 5447; x_wconf 90' lang='lat' dir='ltr'>re-</span> 
     </span>
     <span class='ocr_line' id='line_1_90' title="bbox 489 5472 2518 5572; baseline -0.001 -20"><span class='ocrx_word' id='word_1_638' title='bbox 489 5485 546 5566; x_wconf 92' lang='lat' dir='ltr'>di,</span> <span class='ocrx_word' id='word_1_639' title='bbox 570 5476 746 5550; x_wconf 84' lang='lat' dir='ltr'>Friderici</span> <span class='ocrx_word' id='word_1_640' title='bbox 763 5472 961 5558; x_wconf 79' lang='lat' dir='ltr'>Austriaci,</span> <span class='ocrx_word' id='word_1_641' title='bbox 985 5494 1018 5547; x_wconf 92' lang='lat' dir='ltr'>et</span> <span class='ocrx_word' id='word_1_642' title='bbox 1036 5479 1285 5548; x_wconf 83' lang='lat' dir='ltr'>Maximiliani.</span> <span class='ocrx_word' id='word_1_643' title='bbox 1337 5477 1476 5546; x_wconf 90' lang='lat' dir='ltr'>Horum</span> <span class='ocrx_word' id='word_1_644' title='bbox 1531 5492 1619 5564; x_wconf 88' lang='lat' dir='ltr'>gunt</span> <span class='ocrx_word' id='word_1_645' title='bbox 1634 5480 1729 5548; x_wconf 84' lang='lat' dir='ltr'>iuxta</span> <span class='ocrx_word' id='word_1_646' title='bbox 1754 5477 1911 5547; x_wconf 88' lang='lat' dir='ltr'>divinam</span> <span class='ocrx_word' id='word_1_647' title='bbox 1930 5478 2150 5564; x_wconf 87' lang='lat' dir='ltr'>doctrinam,</span> <span class='ocrx_word' id='word_1_648' title='bbox 2177 5504 2281 5572; x_wconf 87' lang='lat' dir='ltr'>seque</span> <span class='ocrx_word' id='word_1_649' title='bbox 2299 5479 2343 5543; x_wconf 90' lang='lat' dir='ltr'>ad</span> <span class='ocrx_word' id='word_1_650' title='bbox 2359 5501 2518 5549; x_wconf 90' lang='lat' dir='ltr'>commu·</span> 
     </span>
     <span class='ocr_line' id='line_1_91' title="bbox 489 5575 2518 5673; baseline -0 -21"><span class='ocrx_word' id='word_1_651' title='bbox 489 5578 868 5673; x_wconf 87' lang='lat' dir='ltr'>praestantissimorum</span> <span class='ocrx_word' id='word_1_652' title='bbox 917 5600 1037 5664; x_wconf 92' lang='lat' dir='ltr'>regum</span> <span class='ocrx_word' id='word_1_653' title='bbox 1078 5581 1289 5656; x_wconf 86' lang='lat' dir='ltr'>amicitiam,</span> <span class='ocrx_word' id='word_1_654' title='bbox 1339 5580 1478 5648; x_wconf 89' lang='lat' dir='ltr'>illustre</span> <span class='ocrx_word' id='word_1_655' title='bbox 1533 5602 1612 5645; x_wconf 94' lang='lat' dir='ltr'>nem</span> <span class='ocrx_word' id='word_1_656' title='bbox 1630 5575 1912 5648; x_wconf 83' lang='lat' dir='ltr'>veraeEcclesiae</span> <span class='ocrx_word' id='word_1_657' title='bbox 1926 5581 2125 5651; x_wconf 87' lang='lat' dir='ltr'>societatem</span> <span class='ocrx_word' id='word_1_658' title='bbox 2142 5585 2355 5665; x_wconf 86' lang='lat' dir='ltr'>adiungunt,</span> <span class='ocrx_word' id='word_1_659' title='bbox 2383 5594 2414 5647; x_wconf 91' lang='lat' dir='ltr'>et</span> <span class='ocrx_word' id='word_1_660' title='bbox 2431 5606 2518 5651; x_wconf 90' lang='lat' dir='ltr'>cou-</span> 
     </span>
     <span class='ocr_line' id='line_1_92' title="bbox 490 5675 2519 5771; baseline 0.001 -20"><span class='ocrx_word' id='word_1_661' title='bbox 490 5681 732 5752; x_wconf 90' lang='lat' dir='ltr'>testimonium</span> <span class='ocrx_word' id='word_1_662' title='bbox 764 5698 837 5744; x_wconf 90' lang='lat' dir='ltr'>esse</span> <span class='ocrx_word' id='word_1_663' title='bbox 867 5679 912 5746; x_wconf 93' lang='lat' dir='ltr'>de</span> <span class='ocrx_word' id='word_1_664' title='bbox 937 5679 1109 5770; x_wconf 88' lang='lat' dir='ltr'>sapientia</span> <span class='ocrx_word' id='word_1_665' title='bbox 1133 5694 1167 5750; x_wconf 87' lang='lat' dir='ltr'>et</span> <span class='ocrx_word' id='word_1_666' title='bbox 1194 5682 1326 5748; x_wconf 90' lang='lat' dir='ltr'>virtute</span> <span class='ocrx_word' id='word_1_667' title='bbox 1348 5675 1477 5748; x_wconf 92' lang='lat' dir='ltr'>horum</span> <span class='ocrx_word' id='word_1_668' title='bbox 1531 5682 1766 5749; x_wconf 91' lang='lat' dir='ltr'>servationem</span> <span class='ocrx_word' id='word_1_669' title='bbox 1794 5680 1929 5771; x_wconf 91' lang='lat' dir='ltr'>publici</span> <span class='ocrx_word' id='word_1_670' title='bbox 1966 5683 2153 5753; x_wconf 87' lang='lat' dir='ltr'>ministerii</span> <span class='ocrx_word' id='word_1_671' title='bbox 2190 5679 2383 5767; x_wconf 89' lang='lat' dir='ltr'>evangelici</span> <span class='ocrx_word' id='word_1_672' title='bbox 2416 5686 2519 5755; x_wconf 89' lang='lat' dir='ltr'>adiu-</span> 
     </span>
    </p>
   </div>
   <div class='ocr_carea' id='block_1_6' title="bbox 490 5776 2520 5871">
    <p class='ocr_par' dir='ltr' id='par_1_9' title="bbox 490 5776 2520 5871">
     <span class='ocr_line' id='line_1_93' title="bbox 490 5776 2520 5871; baseline 0.004 -21"><span class='ocrx_word' id='word_1_673' title='bbox 490 5781 716 5871; x_wconf 90' lang='lat' dir='ltr'>Principum,</span> <span class='ocrx_word' id='word_1_674' title='bbox 751 5778 834 5848; x_wconf 88' lang='lat' dir='ltr'>satis</span> <span class='ocrx_word' id='word_1_675' title='bbox 858 5776 1009 5868; x_wconf 89' lang='lat' dir='ltr'>intelligi</span> <span class='ocrx_word' id='word_1_676' title='bbox 1035 5792 1160 5870; x_wconf 83' lang='lat' dir='ltr'>potest.</span> <span class='ocrx_word' id='word_1_677' title='bbox 1212 5779 1284 5849; x_wconf 91' lang='lat' dir='ltr'>Nec</span> <span class='ocrx_word' id='word_1_678' title='bbox 1302 5779 1477 5849; x_wconf 89' lang='lat' dir='ltr'>verofieri</span> <span class='ocrx_word' id='word_1_679' title='bbox 1531 5795 1627 5854; x_wconf 79' lang='lat' dir='ltr'>rant.</span> <span class='ocrx_word' id='word_1_680' title='bbox 1681 5778 1722 5849; x_wconf 90' lang='lat' dir='ltr'>ln</span> <span class='ocrx_word' id='word_1_681' title='bbox 1746 5782 1808 5850; x_wconf 87' lang='lat' dir='ltr'>tali</span> <span class='ocrx_word' id='word_1_682' title='bbox 1831 5794 1934 5853; x_wconf 90' lang='lat' dir='ltr'>coetu</span> <span class='ocrx_word' id='word_1_683' title='bbox 1957 5785 2076 5852; x_wconf 89' lang='lat' dir='ltr'>adesse</span> <span class='ocrx_word' id='word_1_684' title='bbox 2100 5780 2213 5851; x_wconf 86' lang='lat' dir='ltr'>Deum</span> <span class='ocrx_word' id='word_1_685' title='bbox 2232 5795 2466 5870; x_wconf 86' lang='lat' dir='ltr'>protectorem</span> <span class='ocrx_word' id='word_1_686' title='bbox 2485 5806 2520 5860; x_wconf 88' lang='lat' dir='ltr'>et</span> 
     </span>
    </p>
   </div>
   <div class='ocr_carea' id='block_1_7' title="bbox 0 0 3018 6774">
    <p class='ocr_par' dir='ltr' id='par_1_10' title="bbox 0 0 3018 6774">
     <span class='ocr_line' id='line_1_94' title="bbox 0 0 3018 6774; baseline 0 0"><span class='ocrx_word' id='word_1_687' title='bbox 0 0 3018 6774; x_wconf 95' lang='lat' dir='ltr'> </span> 
     </span>
    </p>
   </div>
  </div>
 </body>
</html>
