6025 6775
476 733 548 829 409

1236 738 1735 824 PROPOSITIONES.

2410 758 2485 827 410

474 924 737 994 communicata
769 946 831 1012 per
857 920 1126 1007 imputationem
1158 935 1191 989 et
1223 921 1452 998 effectionem,
1475 932 1482 969 ¹
1503 916 1564 983 vid
1588 915 1627 981 in
1650 936 1734 981 vero
1756 933 1866 1001 agone
1888 914 1981 982 tristi
2004 934 2108 982 sensu
2123 918 2255 1004 peccati
2269 931 2303 988 et
2324 922 2395 990 irae
2409 921 2478 994 Dei

473 1041 515 1094 ut
537 1045 619 1093 cum
640 1024 767 1092 dicitur
790 1022 822 1093 1.
840 1014 1002 1089 Corinth.
1021 1021 1072 1088 1.:
1092 1015 1255 1090 Christus
1279 1023 1390 1091 factus
1403 1034 1452 1090 est

475 1125 580 1193 nobis
601 1123 765 1211 sapientia
789 1143 807 1187 a
831 1115 927 1202 Deo,
960 1119 1120 1205 iusticia,
1152 1135 1186 1192 et
1211 1123 1450 1204 sanctificatio,

477 1239 510 1291 et
525 1222 698 1291 redemtio.
748 1217 844 1287 Haec
859 1220 972 1289 oratio
988 1244 1062 1289 non
1076 1217 1145 1290 hoc
1159 1222 1264 1305 dicit,
1290 1246 1355 1291 nos
1378 1245 1450 1291 esse

476 1324 643 1412 sapientes
671 1318 843 1408 sapientia
873 1321 1051 1390 essentiali
1072 1315 1225 1406 Christi,
1265 1346 1340 1391 non
1372 1323 1449 1391 luce

474 1418 742 1501 communicata,
767 1433 828 1490 aut
842 1434 982 1490 sanctos
995 1446 1069 1491 non
1085 1424 1341 1492 communicata
1366 1446 1449 1491 san-

470 1520 607 1602 ctitate,
632 1542 711 1587 cum
739 1520 825 1590 alibi
847 1523 957 1591 dicat:
989 1524 1025 1594 2.
1046 1518 1209 1597 Corinth.
1234 1525 1287 1598 3.:
1315 1523 1449 1593 Trans-

467 1619 664 1688 formamur
676 1620 715 1686 in
730 1623 876 1690 eandem
893 1622 1093 1708 imaginem.

566 1714 622 1788 De
639 1722 858 1791 redemtione
874 1723 1098 1793 manifestum
1121 1738 1192 1808 est,
1217 1724 1288 1793 dici
1310 1726 1353 1792 de
1374 1746 1448 1791 me-

469 1823 537 1891 rito
556 1843 618 1890 seu
635 1821 679 1888 de
696 1821 896 1893 obedientia
911 1823 978 1891 filii
992 1822 1077 1907 Dei,
1103 1848 1191 1916 quae
1207 1825 1276 1895 fuit
1292 1824 1447 1916 precium

471 1945 535 2012 pro
549 1920 666 1991 nobis.
719 1918 772 1991 lta
789 1947 868 1992 cum
886 1924 1033 1994 dicitur:
1062 1919 1225 1996 Christus
1245 1940 1297 1997 est
1309 1925 1447 1995 iusticia

471 2036 607 2098 nostra,
641 2045 715 2091 non
738 2017 806 2091 hoc
828 2024 977 2109 dicitur,
1007 2024 1080 2095 Nos
1105 2048 1178 2095 esse
1211 2027 1339 2109 iustos,
1364 2025 1448 2117 quia

389 2206 393 2220 .
468 2123 562 2192 filius
575 2124 621 2191 sit
637 2124 682 2192 ab
697 2136 836 2192 aeterno
851 2126 980 2194 iustus:
1014 2128 1076 2195 sed
1094 2128 1177 2217 quia
1202 2129 1307 2195 nobis
1330 2126 1448 2214 impu-

469 2237 565 2293 tatur
589 2223 663 2292 eius
687 2224 849 2292 meritum
880 2226 925 2293 ad
954 2227 1196 2294 remissionem
1228 2239 1447 2316 peccatorum

467 2336 501 2393 et
517 2326 563 2393 ad
578 2324 912 2409 reconciliationem,
939 2340 973 2395 et
987 2326 1068 2416 quia
1086 2326 1190 2391 eflicit
1207 2327 1245 2391 in
1260 2326 1364 2394 uobis
1378 2348 1446 2393 no·

467 2425 629 2508 vitatem,
654 2447 742 2517 quae
761 2438 881 2516 postea
904 2426 971 2493 erit
995 2437 1232 2493 consummata
1250 2425 1387 2494 iusticia
1408 2426 1444 2491 in

471 2524 542 2595 vita
557 2537 705 2595 aeterna.
1334 2528 1335 2531 ’

565 2624 623 2695 Sic
643 2625 744 2717 loqui
767 2624 987 2711 scripturam
1011 2625 1055 2692 de
1077 2623 1202 2692 merito
1229 2615 1383 2702 Christi,
1410 2638 1444 2692 et

467 2725 512 2791 de
529 2724 711 2794 effectione
727 2723 1048 2793 manifestissimum
1066 2738 1134 2803 est,
1160 2722 1254 2791 iuxta
1273 2722 1334 2791 illa
1351 2725 1442 2793 dicta

466 2818 588 2893 lohan.
604 2832 658 2895 1.:
693 2820 785 2891 Ecce
800 2821 983 2911 agnusDei
996 2824 1057 2913 qui
1073 2822 1168 2894 tollit
1183 2835 1322 2913 peccata
1338 2847 1443 2891 mun·

464 2924 524 3007 di,
559 2924 742 3005 videlicet,
777 2924 952 2992 sustinens
974 2924 1063 2991 iram
1085 2924 1124 2991 in
1147 2924 1263 3012 ipsum
1286 2922 1444 3008 effusam,

464 3038 500 3094 et
519 3025 689 3094 ,auferens
720 3023 930 3092 remittendo
959 3036 995 3091 et
1023 3024 1207 3094 efficiendo
1238 3022 1442 3097 novitatem.

469 3122 558 3194 ltem
576 3122 670 3196 Gen.
685 3126 739 3193 8.:
768 3120 896 3191 Semen
924 3124 1084 3192 mulieris
1106 3124 1324 3194 conculcabit
1339 3139 1443 3214 caput

469 3227 653 3314 serpentis,
678 3223 801 3304 idest,
827 3220 885 3292 hic
910 3224 1004 3293 filius
1026 3225 1174 3311 virginis
1197 3223 1299 3293 tollet
1320 3248 1441 3313 pecca-

468 3323 542 3393 tum
557 3321 590 3395 et
606 3336 767 3407 mortem,
786 3335 819 3393 et
833 3326 956 3394 reddet
970 3324 1144 3395 iusticiam
1161 3337 1195 3394 et
1209 3324 1315 3392 vitam
1330 3337 1441 3394 aeter-

463 3446 563 3509 nam,
600 3422 648 3496 Et
672 3425 778 3507 fides,
820 3449 888 3516 qua
914 3426 1160 3508 iustificamur,
1196 3419 1291 3492 hunc
1324 3424 1439 3515 ipsum

463 3525 578 3594 filium
593 3527 750 3595 intuetur
764 3526 901 3594 assidue
915 3549 978 3615 pro
1002 3526 1109 3594 nobis
1133 3528 1388 3615 deprecantem.

568 3621 714 3694 XXXV.
739 3621 999 3716 Comprehendi
1021 3628 1259 3695 remissionem
1282 3638 1440 3714 peccato-

470 3745 549 3790 rum
566 3720 603 3789 in
618 3722 784 3793 vocabulo
801 3727 1058 3796 iustificationis
1073 3729 1176 3796 etiam
1194 3751 1235 3794 ex
1257 3726 1320 3795 illo
1343 3726 1437 3794 dicto

466 3820 567 3890 Pauli
580 3819 708 3893 Roma.
730 3823 766 3896 4.
787 3828 1008 3896 manifestum
1033 3842 1103 3909 est,
1133 3829 1195 3896 ubi
1222 3825 1351 3907 Paulus
1379 3850 1438 3893 ex-

459 3944 579 4010 presse
596 3921 724 4015 inquit,
748 3927 838 3995 sicut
852 3925 1006 3996 etDavid
1024 3929 1151 4017 inquit,
1176 3925 1437 3995 Beatitudinem

461 4044 535 4091 esse
560 4018 734 4113 hominis,
776 4027 833 4096 cui
854 4025 950 4095 Deus
979 4028 1130 4117 imputat
1159 4025 1332 4095 iusticiam
1362 4026 1438 4095 sine

461 4125 646 4212 operibus,
670 4122 771 4196 Beati
797 4150 948 4219 quorum
967 4139 1058 4220 tecta
1080 4141 1162 4197 sunt
1181 4139 1330 4217 peccata.
1382 4125 1437 4193 lbi

460 4225 565 4292 etiam
588 4225 750 4295 nominat
768 4227 1034 4317 imputationem
1060 4228 1238 4309 iusticiae,
1265 4238 1437 4297 utosten·

459 4326 518 4394 dat
538 4348 613 4394 nou
635 4326 751 4395 solum
775 4328 906 4397 remitti
930 4343 1088 4418 peccata,
1122 4330 1182 4398 sed
1207 4328 1313 4396 etiam
1327 4325 1436 4415 recipi

459 4446 644 4511 personam
669 4442 815 4516 propter
838 4427 989 4495 alienam
1013 4428 1186 4497 iusticiam
1219 4430 1436 4516 imputatam,

462 4524 593 4595 scilicet
617 4527 841 4610 mediatoris,
882 4524 949 4596 Dei
980 4540 1013 4595 et
1037 4523 1211 4607 bominis,
1245 4540 1286 4595 ut
1316 4541 1435 4615 postea

462 4622 609 4708 dicetur,
629 4622 697 4695 Per
712 4629 819 4697 unius
831 4624 986 4696 bortrinis
996 4628 1234 4696 obedientiam
1249 4627 1332 4697 iusti
1351 4624 1435 4696 ion-

460 4724 652 4795 stituentur
674 4729 797 4812 multi,
823 4727 949 4799 Roma.
967 4725 1003 4798 5.
1056 4727 1137 4796 Non
1155 4750 1363 4820 quaeramus
1378 4751 1436 4796 so-

459 4818 632 4909 phismata
650 4826 687 4894 in
704 4830 810 4897 verbo
829 4831 1082 4919 imputationis,
1098 4826 1244 4897 Necesse
1262 4843 1313 4898 est
1328 4828 1435 4898 intel-

462 4918 525 5006 ligi
546 4928 781 5014 receptionem
804 4953 971 5018 personae
996 4941 1137 5017 propter
1160 4930 1309 4997 alienam
1332 4929 1434 4997 iusti-

462 5019 553 5087 ciam
576 5026 793 5097 mediatoris:
820 5043 986 5099 ettamen
1004 5025 1221 5097 haecomnia
1241 5053 1320 5100 vera
1341 5044 1434 5111 sunt,

460 5120 568 5187 simul
592 5123 723 5194 efficere
745 5128 856 5197 filium
879 5129 947 5201 Dei
966 5130 1155 5199 novitatem
1180 5154 1242 5219 per
1262 5127 1432 5217 Spiritum

395 5250 402 5263 ·
457 5234 631 5294 sanctum.

558 5321 728 5397 xxxvl.
753 5325 819 5396 Sed
835 5329 1001 5399 obiicitur
1019 5324 1088 5412 hie,
1103 5324 1255 5420 Oportet
1272 5352 1343 5398 esse
1361 5329 1434 5396 dis-

458 5423 593 5492 crimen
608 5425 703 5497 inter
717 5423 857 5497 Saulem
881 5443 914 5498 et
927 5426 1110 5512 Davidem,
1138 5445 1275 5520 oportet
1297 5430 1431 5520 aliquid

456 5544 529 5593 esse
543 5525 583 5592 in
597 5522 746 5612 Davide,
772 5531 1021 5620 propterquod
1041 5530 1297 5619 pronuntietur
1310 5532 1432 5611 iustus,

1501 1015 1694 1106 premitur,
1722 1013 1813 1085 sicut
1834 1013 1969 1105 inquit:
1996 1011 2081 1082 Tibi
2107 1028 2243 1086 tantum
2264 1041 2341 1087 sum
2358 1045 2479 1112 pecca-

1501 1132 1576 1200 tor,
1607 1128 1641 1184 ct
1665 1115 1798 1183 malum
1822 1136 1940 1183 coram
1961 1126 1996 1184 te
2017 1116 2103 1195 feci,
2136 1130 2176 1188 ut
2200 1131 2239 1187 tu
2265 1111 2476 1208 iustificeris,
2570 1203 2572 1214 Ι

1501 1231 1537 1287 et
1546 1217 1667 1287 vincas
1682 1240 1762 1285 cum
1785 1215 1971 1299 iudicaris,
1992 1213 2082 1285 Psal.
2097 1212 2160 1288 51.

1601 1314 1788 1389 XXXVll.
1814 1312 2054 1404 Agnoscamus
2068 1316 2279 1389 immensum
2287 1321 2354 1392 Dei
2368 1325 2477 1393 bene-

1501 1415 1654 1499 fiicium,
1680 1430 1715 1485 et
1729 1439 1867 1485 summa
1883 1417 2078 1487 reverentia
2093 1416 2168 1487 Deo
2182 1421 2311 1509 gratias
2323 1441 2478 1514 agamus,

1501 1520 1597 1609 quod
1615 1512 1807 1586 Ecclesiam
1823 1518 1872 1585 sic
1887 1516 2054 1587 discernit
2071 1519 2114 1587 ab
2130 1519 2208 1588 aliis
2223 1526 2410 1605 creaturis,
2436 1541 2477 1595 ut

1500 1619 1642 1707 proprie
1658 1619 1762 1687 faciat
1776 1642 1851 1686 eam
1868 1617 1935 1686 sibi
1951 1618 2120 1708 templum
2135 1633 2169 1690 et
2181 1621 2419 1709 domicilium,
2441 1642 2474 1694 et

1500 1713 1525 1785 h
1575 1720 1584 1734 “
1603 1730 1636 1785 et
1652 1717 1690 1784 in
1704 1718 1853 1805 singulis
1868 1717 2014 1797 sanctis,
2040 1731 2159 1788 tamen
2184 1742 2322 1811 semper
2335 1728 2475 1815 praelu-

1500 1842 1518 1885 c
1601 1814 1687 1885 haec
1711 1819 1924 1902 consolatio,
1966 1820 2061 1910 quod
2088 1831 2231 1910 propter
2259 1824 2371 1894 lilium
2394 1825 2475 1905 Dei,

1498 1916 1616 2007 Deum
1644 1930 1678 1986 et
1699 1912 1900 2003 hominem,
1930 1914 2059 1988 habeas
2079 1921 2321 1991 remissionam
2347 1950 2469 2016 pecca-

1499 2032 1635 2099 torum,
1677 2029 1711 2084 et
1742 2042 1890 2107 persona
1922 2031 2106 2108 reputetur
2135 2023 2247 2106 iusta,
2287 2024 2371 2105 lide,
2399 2052 2473 2096 non

1498 2132 1641 2208 propter
1667 2119 1826 2207 proprias
1849 2120 2015 2199 virtutes,
2057 2122 2140 2211 quia
2161 2124 2268 2191 simul
2290 2127 2473 2195 retinenda

1498 2232 1549 2288 est
1562 2220 1748 2287 sententia:
1775 2217 1856 2289 Non
1879 2219 2176 2290 iustificabitur‘in
2199 2241 2386 2315 conspectu
2409 2243 2471 2297 tuo

1497 2319 1630 2386 omnis·
1644 2319 1786 2400 vivens,
1828 2321 1959 2389 scilicet
1986 2320 2139 2410 propriis
2159 2323 2388 2413 qualitatibus
2409 2351 2471 2405 seu

1496 2420 1671 2509 operibus.
1731 2416 1833 2489 Hanc
1861 2444 1979 2489 veram
2011 2422 2284 2493 consolationem
2317 2427 2468 2497 retinere
2574 2486 2576 2490 ,

1495 2543 1634 2590 necesse
1655 2534 1723 2604 est,
1749 2544 1839 2612 quae
1859 2522 2002 2613 quidem
2024 2525 2234 2613 opponenda
2251 2538 2302 2594 est
2317 2528 2379 2608 iis,
2406 2530 2468 2619 qui

1496 2621 1637 2705 dicunt,
1663 2619 1852 2691 Personam
1869 2646 1943 2691 uon
1959 2645 2030 2691 esse
2044 2622 2171 2693 iustam
2188 2641 2331 2715 propter
2353 2650 2472 2695 semen

1494 2721 1673 2805 mulieris,
1712 2746 1790 2792 cum
1812 2746 1951 2791 necesse
1971 2725 2016 2793 sit
2037 2746 2175 2815 semper
2198 2728 2338 2816 agnosci
2361 2728 2473 2797 filium

1494 2818 1581 2904 Dei,
1606 2822 1723 2891 Deum
1742 2836 1776 2891 et
1800 2817 1979 2893 bominem
2006 2825 2277 2914 propiciatorem
2295 2842 2327 2897 et
2342 2830 2468 2917 deprc-

1494 2931 1647 2987 catorem
1663 2944 1727 3006 pro
1744 2924 1860 2995 nobis.

1592 3016 1797 3088 xxxvlll.
1837 3021 1941 3090 Nunc
1962 3024 2004 3091 ad
2027 3024 2190 3093 vocabuli
2214 3027 2472 3095 enarrationem

1493 3121 1612 3192 redeo.
1662 3117 1766 3207 Legis
1786 3143 1884 3189 more
1911 3121 2107 3212 loquendo,
2134 3127 2345 3195 vocabulum
2368 3126 2471 3196 iusti·

1492 3220 1565 3288 ciae
1587 3218 1758 3308 significat
1782 3222 2047 3307 congruentiam
2072 3225 2116 3292 ad
2139 3236 2247 3293 totam
2270 3227 2402 3314 legem,
2437 3243 2471 3294 et

1492 3320 1541 3389 ita
1565 3319 1774 3408 intelligitur
1790 3321 1828 3388 in
1850 3316 1905 3389 his
1928 3322 2047 3403 dictis:
2073 3322 2155 3393 Non
2170 3324 2416 3396 iustificabitur
2431 3331 2469 3395 iu

1491 3434 1679 3509 conspectu
1693 3433 1755 3489 tuo
1773 3422 1888 3489 omnis
1903 3423 2035 3492 vivens.
2060 3421 2107 3493 Et
2121 3422 2225 3497 Rom.
2245 3426 2295 3498 3.:
2320 3426 2401 3496 Non
2419 3444 2470 3496 est

1491 3521 1622 3604 iustus,
1647 3545 1691 3589 ne
1705 3544 1799 3591 unus
1813 3522 1975 3614 quidem,
2001 3525 2036 3592 id
2053 3537 2122 3609 est,
2147 3547 2343 3614 congruens
2354 3530 2398 3597 ad
2415 3544 2468 3597 to·

1490 3635 1562 3689 tam
1579 3623 1700 3709 legem.

1590 3718 1756 3791 XXXIX.
1791 3719 1880 3792 Cum
1905 3736 2021 3793 autem
2045 3739 2164 3813 postea
2187 3728 2303 3820 inquit
2320 3728 2468 3796 Paulus:

1488 3821 1593 3892 Nunc
1614 3836 1728 3897 autem
1750 3825 1826 3891 sine
1844 3822 1919 3911 lege
1938 3824 2075 3895 iusticia
2092 3825 2160 3896 Dei
2175 3829 2392 3899 manifestata
2407 3844 2469 3908 est,

1489 3924 1565 3990 sine
1588 3923 1661 3992 ulla
1686 3922 1906 3992 dubitatione
1931 3925 2148 4013 significatur
2177 3928 2315 3998 iusticia
2344 3955 2364 3996 a
2388 3927 2465 3996 Deo

1489 4047 1552 4112 per
1565 4021 1733 4091 Messiam
1747 4022 1885 4090 reddita
1900 4026 2021 4111 generi
2036 4020 2212 4112 humano,
2239 4031 2282 4097 de
2298 4052 2366 4121 qua
2384 4053 2468 4127 pro-

1488 4123 1671 4191 missiones
1704 4123 1911 4212 loquuntur.
1976 4121 2105 4195 Daniel
2136 4130 2318 4220 perspicue
2347 4130 2465 4218 inquit

1488 4245 1562 4309 cap.
1593 4223 1668 4291 11.:
1701 4220 1889 4291 Delebitur
1909 4236 2108 4311 peccatum,
2137 4243 2172 4298 et
2193 4231 2386 4296 adducetur
2408 4228 2464 4295 iu-

1488 4322 1585 4389 sticia
1603 4333 1752 4392 aeterna.
1805 4317 1858 4391 lta
1876 4315 1935 4391 hic
1951 4323 2089 4394 iusticia
2105 4342 2156 4396 est
2176 4328 2333 4397 remissio
2352 4342 2385 4396 et
2401 4331 2464 4395 de·

1487 4421 1571 4490 letio
1593 4421 1746 4515 peccati,
1772 4434 1807 4490 et
1826 4437 1967 4493 econtra
1982 4426 2220 4496 reconciliatio
2235 4450 2296 4497 seu
2310 4429 2464 4518 imputa·

1488 4523 1538 4593 tio
1563 4522 1737 4606 iusticiae,
1760 4546 1830 4616 qua
1852 4546 1918 4592 nos
1932 4523 2029 4594 Deus
2046 4540 2183 4615 reputat
2197 4527 2307 4598 iustos
2320 4542 2464 4618 propter

1487 4623 1618 4706 filium,
1645 4637 1680 4693 et
1700 4624 1846 4693 donatio
1868 4636 1902 4694 et
1918 4625 2054 4694 effectio
2071 4627 2168 4698 illius
2182 4628 2340 4698 iusticiae
2358 4643 2392 4698 et
2409 4629 2463 4694 vi·

1486 4738 1542 4793 tae
1566 4725 1603 4792 in
1629 4726 1749 4808 nobis,
1775 4748 1864 4816 quae
1886 4726 1952 4796 erit
1975 4740 2126 4801 aeterna.
2176 4726 2353 4822 Loquitur
2368 4710 2464 4798 enini

1485 4823 1613 4895 Daniel
1637 4828 1679 4894 de
1702 4840 1776 4894 toto
1807 4826 1988 4895 beneficio.
2048 4827 2159 4900 Sicuti
2185 4826 2290 4901 Rom.
2312 4827 2347 4905 5.
2369 4829 2463 4899 Pau·
2560 4870 2563 4876 ·

1486 4926 1557 4995 lus:
1584 4924 1651 4994 Per
1664 4922 1845 5014 Christum
1863 4928 1994 5014 gratia,
2021 4943 2055 4998 et
2074 4932 2209 5000 donum
2226 4954 2290 5021 per
2304 4934 2463 5021 gratiam.

1484 5025 1558 5095 Nec
1579 5038 1691 5116 potest
1714 5026 1925 5094 vocabulum
1950 5029 1999 5096 sic
2024 5028 2197 5118 intelligi,
2222 5030 2360 5101 iusticia
2383 5030 2462 5112 Dei,

1487 5129 1521 5193 id
1547 5140 1615 5206 est,
1643 5124 1838 5190 essentialis
1860 5125 2014 5208 iusticia,
2036 5151 2125 5218 quae
2145 5131 2184 5197 in
2197 5125 2274 5201 Deo
2290 5146 2363 5216 est,
2389 5156 2461 5200 non

1486 5227 1648 5293 meritum
1674 5224 1898 5306 redemtoris,
1928 5227 1972 5292 de
1994 5250 2065 5317 quo
2088 5229 2273 5320 praecipue
2304 5235 2462 5324 loquitur

1483 5323 1728 5413 Evangelium,
1743 5347 1816 5392 uon
1832 5323 1989 5395 remissio
2006 5345 2227 5417 peccatorum
2244 5335 2360 5403 danda
2378 5355 2460 5420 pro-

1483 5439 1561 5515 pter
1572 5427 1736 5493 meritum
1750 5419 1893 5493 Christi.

1584 5526 1661 5596 xl..
1697 5524 1871 5596 Usitatum
1894 5541 1944 5596 est
1967 5522 2023 5599 hic
2054 5532 2277 5621 interpretari
2300 5530 2460 5610 verbum,

455 5623 589 5717 alioqui
611 5623 707 5698 Deus
737 5643 826 5699 esset
848 5629 1025 5696 iniustus?
1063 5625 1293 5717 Respondeo:
1327 5628 1432 5714 Fides
1483 5626 1730 5709 iustihcanur,
1754 5625 1788 5693 id
1808 5639 1935 5711 est,ex
1950 5629 2088 5700 iniustis
2109 5633 2278 5700 efficimur
2295 5629 2396 5709 iusti,
2424 5644 2458 5698 et

455 5720 538 5794 facit
559 5728 769 5812 discrimen,
795 5744 829 5798 et
852 5730 926 5817 ipse
949 5727 1122 5796 mediator
1143 5731 1211 5798 fide
1233 5725 1432 5822 apprehen·
1481 5726 1518 5795 id
1532 5727 1733 5816 intelligunt
1750 5722 1907 5795 Thomas
1924 5741 1957 5795 et
1973 5731 2103 5798 similes
2117 5733 2161 5795 de
2174 5729 2401 5817 qualitatibus
2418 5731 2458 5798 in

456 5843 531 5908 sus,
561 5826 716 5914 dignitas
738 5828 881 5918 propria
907 5849 980 5896 non
1001 5825 1085 5893 iacit
1105 5826 1304 5900 discrimen.
1357 5828 1431 5899 Da·
1452 5867 1459 5912 t
1481 5829 1604 5914 nobis,
1639 5852 1679 5897 ex
1709 5848 1782 5895 non
1810 5827 2059 5896 obedientibus
2086 5826 2257 5895 efficimur
2289 5825 2458 5899 habentes
