6025 6775
510 662 582 738 sn
1066 665 1070 680 ³
1199 658 1229 734 1.
1273 588 1568 733 canonicos
1593 647 1841 731 centonas.
2452 689 2527 766 ,42

508 828 767 906 Demosthenes
799 827 1013 903 incumbens
1045 830 1083 898 in
1121 827 1273 915 librum,
1320 841 1490 922 tanquam
1543 822 1741 916 plerunque
1763 824 1858 898 inter
1880 835 2070 909 certamina
2101 842 2264 935 publica,
2303 852 2401 925 velut
2431 857 2525 933 inter

508 936 705 1027 scripturus
732 933 889 1026 aliquid,
922 953 1095 1003 venenum
1128 955 1168 1000 ex
1199 930 1336 1001 calamo
1360 924 1490 1004 hausit.
1543 925 1741 995 contrarios
1770 928 1914 1017 linctus,
1956 939 2223 1028 opprimuntur.
2287 947 2394 1023 Tales
2429 962 2525 1032 enim

507 1035 569 1109 Sic
586 1035 761 1107 extinctus
776 1049 826 1106 est
839 1026 1107 1115 Demosthenes,
1131 1055 1227 1102 anuo
1243 1043 1489 1123 postmortem
1541 1038 1625 1096 snnt
1638 1025 1729 1096 visos
1750 1027 1789 1097 in
1807 1030 2105 1123 dissensionibus,
2129 1058 2170 1116 nt
2186 1047 2274 1118 alias
2292 1052 2383 1125 aliae
2398 1057 2524 1131 lactio-

507 1134 704 1208 Alexaudri
724 1135 893 1227 proximo.
951 1131 1042 1202 Nam
1070 1154 1191 1223 pagna
1217 1134 1261 1202 ad
1285 1128 1487 1202 Cranonem
1539 1146 1602 1193 nos
1625 1125 1787 1210 vincent,
1813 1144 1854 1202 ut
1877 1135 2026 1224 dicitur,
2057 1140 2166 1225 ξυνὸς
2186 1143 2352 1233 ἐνυάλιος
2370 1153 2435 1229 καὶ
2455 1158 2531 1235 τὸν

506 1237 598 1308 lacta
616 1251 667 1309 est
680 1257 797 1304 mense
814 1231 917 1303 lulio.
960 1226 1487 1304 Athenaededieaesuntmen-
1538 1221 1744 1300 κτανέοντα
1755 1228 1926 1306 κατέκτα.
1976 1236 2116 1314 Deinde
2130 1260 2165 1317 et
2180 1243 2247 1320 hoc
2263 1254 2521 1344 deplorandum

507 1359 543 1406 se
560 1335 728 1427 Augusto.
767 1327 1026 1404 Demosthenes
1043 1331 1100 1401 die
1117 1332 1254 1403 decimo
1269 1326 1488 1403 sextoOcto-
1538 1339 1609 1413 est,
1634 1334 1729 1422 quod
1757 1334 1959 1408 excellentia
1988 1339 2130 1432 ingenia
2154 1349 2307 1438 plurima
2330 1349 2521 1435 inutilibus

506 1438 581 1507 bris
594 1449 754 1506 mortuus
770 1447 840 1513 est,
865 1457 946 1503 cnm
963 1456 1038 1503 non
1053 1433 1167 1505 multo
1183 1445 1265 1505 ante
1279 1434 1419 1503 decreto
1435 1434 1487 1502 ci·
1537 1431 1824 1504 contentionibus
1839 1456 2116 1542 consumuntur,
2135 1462 2175 1519 ut
2189 1452 2294 1523 multi
2309 1461 2440 1529 summi
2449 1464 2519 1534 viri

505 1535 622 1605 vitatis
636 1548 820 1607 revocatus
836 1546 925 1603 esset
938 1557 978 1603 ex
993 1534 1111 1609 exilio.
1151 1533 1284 1605 Fuerat
1300 1534 1394 1604 enim
1410 1558 1485 1606 non
1535 1528 1678 1643 inerunt
1695 1534 1792 1604 velut
1808 1537 2005 1626 parricidae
2020 1547 2174 1636 patriae,
2200 1550 2424 1646 uenenatas,
2449 1562 2517 1634 Al-

502 1635 616 1705 multo
640 1649 721 1705 ante
745 1646 896 1704 mortem
913 1633 1109 1704 Alexandri
1124 1636 1377 1722 condemnatus
1392 1658 1412 1704 a
1428 1656 1485 1704 se·
1536 1626 1707 1744 cubiades,
1738 1630 2010 1729 Demosthenes,
2040 1644 2233 1733 Demades,
2259 1657 2377 1727 etalii
2400 1665 2517 1736 multi.

499 1749 588 1808 natu
615 1734 881 1826 Areopagitica,
912 1737 1009 1827 quod
1034 1736 1219 1827 pecuniam
1249 1737 1295 1806 ab
1325 1734 1483 1826 Harpalo
1535 1725 1639 1846 'Palea
1650 1733 1812 1848 exempla
1827 1737 2005 1814 intuentes
2023 1769 2308 1840 expavescamus,
2334 1772 2368 1829 et
2385 1766 2515 1835 arden-

501 1849 699 1928 acceperat,
740 1836 803 1930 qui
834 1859 915 1905 cum
947 1835 1069 1909 luisset
1095 1850 1211 1908 custos
1236 1830 1483 1907 thesaurorum
1534 1839 1678 1946 ttssrmrs
1705 1844 1798 1901 votas
1821 1831 1936 1909 Deum
1960 1867 2118 1937 oremus,
2151 1865 2191 1923 ut
2220 1854 2324 1927 laciat
2345 1882 2411 1932 nos
2432 1887 2513 1936 vasa

502 1933 717 2021 Alexandri,
749 1960 829 2006 cum
852 1936 989 2026 magnis
1002 1937 1106 2007 sortis
1121 1937 1161 2007 in
1178 1935 1363 2008 Graeciam
1380 1937 1483 2027 luge·
1532 1930 1816 2013 1111111110111111,
1839 1949 1873 2007 ot
1895 1962 2025 2031 organa
2042 1950 2208 2024 salutaria
2224 1950 2420 2049 Ecclesiae,
2451 1990 2513 2058 pa-

500 2052 572 2118 rat,
599 2052 633 2107 et
652 2034 804 2107 Athenis
824 2031 1017 2129 hospitium
1048 2037 1230 2129 petiverat.
1282 2036 1318 2108 Is
1337 2039 1483 2109 dederat
1532 2028 1621 2102 triae
1635 2044 1670 2102 et
1687 2033 1803 2108 nohis.

497 2133 731 2211 Demostheni
762 2139 927 2229 poc'uluru
957 2150 993 2208 et
1020 2139 1147 2229 viginti
1170 2140 1321 2223 talenta,
1356 2138 1481 2224 idest,

477 2240 685 2318 duodecim
715 2239 827 2308 millia
859 2250 1119 2310 coronatorum.
1180 2239 1250 2310 Sed
1273 2262 1353 2309 cnm
1382 2253 1479 2309 moto
1835 2207 1902 2278 ⁰⁰
1928 2210 2207 2294 oamndw·

498 2339 592 2411 bello
617 2341 784 2410 adversus
806 2337 1034 2431 Antipatrum
1059 2337 1213 2413 Graecas
1228 2340 1480 2431 civitatespas-
1631 2332 1715 2407 Post
1739 2351 1889 2411 1110111111
1916 2340 2100 2429 Periisse,
2126 2347 2286 2444 Crateri,
2318 2357 2511 2452 Antipatri,

478 2441 566 2509 sim
587 2435 789 2510 hortaretur
807 2440 850 2508 ad
872 2440 1072 2510 societatem
1089 2437 1380 2527 Atheniensium,
1411 2464 1480 2533 pu·
1529 2446 1615 2504 tnnc
1632 2459 1715 2505 voro
1730 2460 1822 2514 nova
1839 2454 1873 2512 et
1887 2456 1988 2514 atrox
2002 2445 2143 2521 laniena
2159 2470 2304 2548 sequuta
2319 2477 2380 2535 cst.
2415 2459 2513 2539 Cos·
2608 2525 2612 2537 .

498 2540 594 2611 blico
616 2541 754 2613 decreto
775 2552 958 2611 revocatus
981 2553 1043 2609 est.
1102 2539 1232 2614 Incidit
1254 2544 1355 2613 urbis
1377 2542 1480 2611 dedi·
1527 2528 1666 2604 sunder
1680 2540 1865 2630 occupavit
1883 2540 2149 2638 Macedoniarn,
2176 2568 2210 2625 ct
2228 2560 2341 2632 tenuit
2356 2586 2431 2635 eam
2446 2591 2511 2638 an-

498 2640 549 2711 tio
568 2640 606 2708 iu
627 2663 761 2713 aunum
782 2642 817 2710 2.
841 2636 1070 2735 Olympiadis
1093 2643 1301 2714 centesimae
1324 2642 1479 2713 decimae
1529 2636 1585 2709 nis
1622 2639 1828 2710 octodecim.
1886 2639 1997 2716 Duxit
2033 2672 2177 2723 uxorem
2213 2653 2510 2752 Thessalonicam,

496 2753 651 2834 quartae.
1085 2768 1089 2778 ·
1227 2791 1232 2800 .
1527 2731 1692 2827 Philippi·
1711 2739 1831 2812 liliam.
1886 2740 2048 2837 Cumque
2073 2746 2260 2845 Olympias
2290 2779 2402 2834 mater
2423 2765 2511 2841 Ale.

598 2841 748 2913 Prodest
770 2856 805 2915 et
827 2837 894 2913 hoc
915 2842 1156 2923 considerare,
1183 2844 1278 2935 quod
1301 2866 1478 2913 memora·
1527 2837 1655 2904 xandri
1684 2854 1871 2911 conaretur
1893 2867 2041 2934 regnum
2065 2855 2184 2938 parvis
2209 2857 2291 2929 filiis
2313 2861 2511 2939 Alexandri

482 2942 567 3016 -hile
599 2943 792 3029 iudicium,
819 2944 858 3014 in
890 2968 962 3038 quo
982 2938 1179 3013 Aeschines
1202 2946 1377 3015 accusavit
1402 2944 1478 3014 De·
1528 2939 1686 3019 tradere,
1712 2942 1837 3008 nrbstn
1862 2939 2042 3035 Pydnam,
2067 2948 2105 3017 in
2131 2972 2290 3044 quaerat
2310 2958 2510 3059 Olympias,

493 3038 734 3128 mosthenem,
759 3047 855 3137 quod
875 3067 998 3116 suasor
1009 3046 1132 3115 luisset
1146 3045 1230 3114 belli
1252 3058 1372 3115 contra
1390 3039 1479 3114 Phi·
1527 3034 1723 3107 Cssssndsn
1737 3040 1924 3112 0111110111
1938 3046 2065 3131 tinnit,
2089 3056 2250 3136 tamdiu,
2276 3062 2389 3134 donec
2403 3072 2510 3141 multi

494 3144 653 3236 lippum,
678 3146 830 3216 gnatum
849 3160 900 3215 051
918 3147 955 3214 ῑῃ
972 3170 1106 3216 annum
1130 3146 1305 3216 decimum
1322 3144 1478 3217 Alexan.
1528 3132 1690 3207 homines
1712 3140 1804 3210 lame
1831 3161 2073 3231 morerentur,
2105 3166 2139 3223 et
2170 3153 2300 3229 milites
2321 3155 2509 3241 hominum

495 3244 572 3330 dri,
602 3243 732 3339 inquo
754 3247 888 3318 indicio
910 3242 1168 3317 Demosthenes
1190 3248 1289 3317 illam
1314 3248 1478 3318 luculen-
1527 3239 1758 3309 cadaveribus
1798 3260 2033 3333 pascerentur.
2105 3250 2233 3328 Coacta
2273 3260 2383 3352 igitar
2416 3270 2509 3341 same

494 3358 567 3417 tam
593 3348 810 3442 orationem,
844 3372 934 3443 quae
957 3362 1070 3433 extat,
1104 3349 1162 3419 eui
1185 3348 1310 3421 titulus
1333 3362 1384 3420 est
1412 3372 1477 3438 pro
1527 3334 1715 3433 Olympios
1739 3342 1956 3416 deditionem
1979 3349 2080 3442 tecit,
2111 3370 2230 3446 postea
2256 3385 2333 3434 eam
2358 3364 2509 3442 Cassan·

492 3443 740 3540 Ctesiphonte,
766 3450 857 3522 dixit
870 3451 909 3518 in
927 3472 1051 3538 magua
1068 3449 1264 3543 frequentia
1281 3446 1478 3535 hominum,
1527 3440 1726 3511 (1110111111
1749 3444 1869 3531 instit,
1900 3472 2051 3544 snmque
2069 3457 2199 3528 milites
2230 3464 2337 3551 primi
2360 3472 2404 3539 ad
2429 3496 2508 3544 eam

495 3547 559 3641 qui
582 3572 623 3617 ex
641 3563 713 3621 tota
735 3550 887 3621 Graecia
911 3544 1071 3620 Athenas
1091 3563 1282 3635 venerant,
1306 3562 1346 3619 ut
1370 3545 1478 3619 huius
1526 3540 1772 3613 trucidandam
1798 3545 1896 3618 missi
1918 3555 2113 3627 reverentia
2145 3561 2220 3630 eius
2243 3566 2403 3639 deterriti
2433 3597 2508 3645 non

494 3649 697 3720 certaminis
716 3654 896 3723 auditores
916 3664 1042 3725 essent.
1102 3647 1150 3720 Et
1173 3649 1315 3720 videtur
1338 3662 1477 3741 tempus
1525 3642 1689 3714 iecissent
1705 3647 1888 3734 mandata,
1912 3653 2009 3722 missi
2026 3670 2108 3728 sunt
2123 3659 2202 3745 alii,
2228 3666 2290 3756 qui
2305 3692 2382 3740 eam
2398 3677 2508 3745 truci-

493 3745 727 3820 Demostheni
750 3755 940 3844 proluisse,
972 3753 1055 3847 quia
1077 3750 1279 3822 Alexander
1301 3751 1422 3844 procul
1438 3751 1477 3820 in
1527 3745 1713 3818 (inverunt.
1773 3746 1913 3819 Deinde
1938 3755 2105 3847 coniuges
2136 3773 2171 3831 et
2200 3764 2290 3838 filias
2311 3769 2509 3846 Alexandri

494 3847 598 3926 India
621 3850 757 3931 aberat,
791 3867 825 3923 et
845 3855 948 3924 dolor
975 3856 1046 3924 iam
1071 3877 1145 3924 non
1176 3866 1251 3937 erat
1271 3874 1411 3936 recens,
1443 3865 1477 3923 et
1526 3868 1663 3918 ν1111111)
1681 3850 1838 3920 sustulit:
1865 3848 2057 3942 1111111111,
2083 3883 2172 3953 qnos
2199 3871 2334 3956 peperit
2349 3867 2508 3947 Alexan-

491 3953 597 4023 multi
614 3952 770 4022 seniores
788 3955 1030 4026 recordatione
1047 3950 1189 4025 honesti
1203 3956 1363 4039 consilii,
1389 3977 1477 4048 qna·
1527 3947 1647 4017 drum:
1674 3962 1707 4019 11
1720 3948 1912 4038 Baracum,
1937 3981 2026 4048 qnos
2041 3964 2174 4050 peperit
2187 3959 2387 4046 Herculem.
2427 3975 2508 4048 Etsi

492 4053 679 4148 liscnnque
692 4055 808 4126 luerat
822 4057 954 4142 exitus,
973 4056 1213 4143 laetabantur,
1238 4069 1273 4127 et
1287 4078 1409 4126 rursus
1425 4055 1476 4125 ci·
1525 4061 1642 4117 autern
1665 4049 1770 4165 initio
1794 4048 1991 4123 Cassander
2014 4060 2129 4129 socius
2151 4064 2219 4136 suit
2232 4066 2424 4160 Antigoni,
2449 4091 2506 4147 ta-

470 4223 473 4228 .
490 4155 581 4228 vitas
595 4179 706 4227 novas
719 4180 798 4249 spes
812 4171 1029 4251 conceperat.
1524 4171 1713 4265 1111111111
1733 4171 1772 4215 ¹¹¹
1797 4144 1881 4219 A⁵¹¹
1905 4149 2049 4246 Lyciam
2072 4175 2222 4250 peteret,
2248 4165 2450 4261 Antigonus
2473 4179 2508 4247 ei

593 4256 677 4329 Post
693 4273 844 4330 mortem
862 4255 1112 4330 Demosthenis
1126 4283 1200 4332 non
1223 4260 1287 4330 diu
1301 4270 1476 4349 superstes
1501 4299 1504 4303 <
1525 4241 1637 4317 11111111
1660 4249 1771 4318 sosius
1793 4261 1864 4335 111,
1890 4264 1924 4322 et
1947 4270 1986 4326 nt
2007 4250 2153 4332 honesta
2181 4270 2295 4358 specie
2314 4274 2447 4345 bellum
2472 4279 2507 4347 ei

492 4354 561 4422 luit
574 4353 778 4448 Antipater,
804 4361 849 4427 ad
873 4382 978 4449 quem
997 4362 1174 4450 protectus
1197 4361 1375 4431 Demades
1393 4382 1475 4426 ora·
1524 4348 1655 4464 inferre
1684 4363 1816 4438 posset,
1858 4357 2032 4429 accusavit
2062 4384 2143 4430 etun
2176 4371 2270 4458 apud
2306 4379 2508 4464 exercitum,

495 4465 554 4523 tor
566 4478 644 4523 cum
660 4459 750 4545 lilio,
775 4461 827 4532 ibi
849 4484 868 4529 a
890 4457 1109 4544 Cassandro,
1134 4460 1196 4553 qui
1218 4458 1381 4529 successit
1397 4457 1475 4527 An.
1525 4450 1622 4541 quod
1638 4451 1867 4524 interfecisset
1879 4449 2148 4550 Olympiadem,
2173 4469 2339 4562 coniuges
2362 4491 2395 4548 et
2416 4479 2506 4550 tiliae

495 4553 867 4644 13p3110‚1mc3dapu,
898 4573 968 4639 est,
1001 4561 1084 4654 qut„
1113 4557 1351 4652 deprehensae
1373 4572 1475 4631 erant
1525 4547 1731 4621 Alexandri.
1780 4547 1931 4647 Expulsi
1948 4572 2031 4630 sunt
2045 4562 2153 4652 igitur
2168 4565 2357 4644 Cassandri
2372 4581 2506 4649 exerci-

496 4655 573 4725 eius
586 4650 783 4747 Epistulae,
810 4674 1023 4734 accersentes
1036 4658 1256 4750 Antigonum
1277 4663 1323 4731 ad
1349 4663 1473 4731 delen·
1524 4648 1778 4736 1111111111,
1813 4657 1944 4749 etipse
1972 4685 2045 4732 uon
2068 4667 2181 4740 multo
2207 4688 2288 4763 post
2309 4672 2506 4751 Pltthiriasi

494 4755 630 4827 sionem
650 4753 825 4845 Graeciae,
850 4763 1157 4855 pendentistunc,
1181 4777 1221 4833 ut
1238 4764 1473 4855 ipsescripse·
1523 4767 1684 4824 montnns
1704 4769 1768 4827 est·
1839 4816 1847 4825 -

493 4870 569 4941 rat,
595 4882 614 4929 a
631 4859 741 4930 veteri
759 4873 793 4930 et
805 4867 900 4952 putri
920 4866 998 4951 filo,
1023 4864 1189 4934 videlicet
1209 4866 1254 4933 ab
1269 4859 1472 4955 Antipatro.
1625 4852 1826 4929 Hnssss'nnt
1844 4872 1879 4930 11
1898 4859 1936 4930 in
1957 4866 2160 4953 posteritate
2183 4873 2333 4947 maiores
2358 4903 2501 4970 poenae.

494 4953 547 5028 lta
570 4960 789 5050 profectione
817 4981 938 5052 sponte
959 4978 1118 5058 suscepta
1149 4966 1188 5035 in
1211 4963 1472 5044 Macedoniam,
1522 4953 1638 5027 Filius
1652 4951 1839 5048 Antipater
1855 4963 1984 5034 occidit
2000 4981 2156 5044 matrem.
2197 4971 2399 5051 Alexander
2414 4985 2504 5055 alter

493 5071 664 5153 tanquam
679 5060 751 5132 lato
766 5075 894 5133 tractus
909 5071 1016 5140 estad
1029 5066 1193 5152 exitium,
1216 5089 1295 5136 cum
1311 5065 1474 5159 aliquan·
1523 5058 1618 5128 filius
1639 5059 1767 5128 occidit
1789 5059 1933 5177 sretpem
1957 5062 2206 5158 Antipatrum,
2231 5090 2264 5147 et
2280 5074 2502 5156 Demetrium

492 5172 531 5230 to
566 5174 648 5232 ante
682 5163 877 5256 scripsisset
909 5168 1083 5243 decretum
1118 5172 1163 5240 de
1195 5166 1361 5260 pellendo
1396 5166 1473 5237 De·
1523 5153 1895 5248 11111111Ᾱῦ1180111111
1914 5161 2161 5241 Macedoniam
2183 5180 2377 5257 accersivit.
2433 5185 2503 5257 Hic

490 5257 688 5335 mosthene.
1523 5256 1725 5328 Demetrius
1759 5255 1854 5329 hunc
1886 5257 2126 5340 Alexandrum
2158 5275 2342 5354 interfecit.
2406 5283 2504 5357 llaec

595 5361 729 5435 Addita
749 5362 805 5435 'est
819 5377 935 5434 autern
954 5371 1140 5443 crudelitas
1161 5369 1354 5462 supplicio,
1377 5367 1473 5461 quod
1525 5359 1643 5429 omnia
1659 5375 1861 5448 congruunt
1876 5365 1920 5432 ad
1938 5368 2108 5457 regulam:
2137 5372 2211 5463 Qui
2231 5379 2389 5468 gladium
2405 5409 2503 5456 acce-

494 5463 589 5535 lilius
605 5465 773 5536 Demadis
787 5467 827 5535 in
841 5465 1023 5556 complexu
1037 5473 1145 5556 patris
1160 5473 1258 5564 prius
1271 5469 1475 5540 interiectus
1525 5460 1633 5551 posit,
1664 5461 1781 5550 gladio
1808 5464 1946 5553 peribit
2003 5467 2099 5542 Haec
2129 5477 2243 5549 tristia
2274 5486 2430 5576 exempla
2461 5489 2503 5556 in

495 5578 558 5633 est.
617 5564 743 5638 Postea
769 5580 912 5638 necatus
929 5577 988 5636 ,est
1007 5580 1116 5657 pater.
1170 5571 1240 5643 llic
1268 5573 1337 5642 luit
1362 5570 1474 5640 exitus
1524 5557 1671 5631 historia
1686 5558 1875 5632 Cassandri
1889 5574 2205 5649 commonefaciant
2220 5603 2284 5648 nos
2298 5586 2342 5650 de
2358 5585 2503 5673 iraDei,

494 5686 714 5738 summorum
745 5685 944 5749 oratorum,
977 5691 1082 5761 quem
1105 5672 1295 5756 cogitantes
1318 5673 1474 5764 primum
1526 5675 1560 5733 et
1591 5655 1780 5734 hortentur
1812 5667 1854 5734 ad
1884 5666 2044 5740 timorem
2076 5689 2111 5744 et
2135 5678 2394 5755 invocationem
2424 5687 2504 5764 Dei.

496 5769 698 5838 communia
724 5771 880 5862 pericula
901 5783 1083 5841 oratorum
1107 5771 1385 5854 consideremus,
1413 5769 1476 5866 qni
1525 5761 1605 5836 Hoc
1628 5776 1766 5836 tanturn
1786 5765 1890 5837 laude
1904 5768 2051 5858 dignum
2071 5776 2152 5847 fecit
2167 5774 2381 5866 Cassander,
2407 5793 2504 5882 quod

546 5868 724 5938 Mensura.
747 5877 851 5947 Orsa.
869 5875 952 5942 Vox.
965 5874 1066 5942 xlt.·
1914 5864 1965 5940 54
2336 5916 2340 5923 -
