6025 6775
490 713 589 792 ross
734 706 940 787 semera
971 704 1048 783 eu.
1072 700 1192 781 uun
1216 700 1284 776 an
1307 659 1434 778 urar.
1459 698 1604 779 eaor.
1630 696 1917 778 cernuos.
1944 700 2266 782 senosanam.
2405 711 2505 783 rosa

597 881 640 953 ln
656 880 799 953 caeteris
810 874 1057 947 controversiis
1080 870 1189 944 buius
1203 869 1342 966 Synodi
1354 871 1475 941 minus
1526 880 1559 940 et
1577 868 1707 940 diserte
1728 869 1846 963 inquit
1864 869 2088 957 Ptolomeus,
2113 874 2430 967 longobardorum
2448 902 2506 947 se-

495 1001 549 1059 est
565 981 791 1057 difficultatis.
840 978 926 1049 Ideo
943 974 1003 1049 hic
1018 999 1077 1047 eas
1098 997 1174 1044 non
1189 986 1322 1064 repeto.
1527 972 1606 1039 dem
1629 970 1674 1037 ad
1693 971 1849 1040 medium
1865 974 1970 1043 Albis
1988 998 2080 1062 esse,
2106 978 2168 1070 qui
2193 991 2325 1050 tractus
2350 1003 2441 1049 nuuc
2455 980 2504 1048 ad

519 1137 523 1144 ,
1526 1066 1713 1140 Dioeccses
1741 1068 2072 1163 Meidcburgensem
2105 1091 2141 1148 et
2179 1077 2505 1149 Halberstatensem

551 1186 661 1256 Anno
690 1180 816 1251 mundi
839 1193 961 1273 quater
983 1173 1174 1247 millesimo
1196 1172 1477 1270 quingentesimo
1528 1170 1694 1264 pertinet.
1744 1166 1939 1259 Eregione
1961 1176 2067 1246 luisse
2084 1175 2249 1257 Senonas
2266 1180 2305 1249 in
2322 1202 2362 1248 co
2380 1191 2507 1261 tractu,

704 1281 870 1353 vicesimo
886 1291 1020 1348 octavo.
1530 1270 1593 1365 qui
1609 1294 1704 1340 nunc
1721 1283 1822 1341 vetus
1839 1268 1997 1344 Marchia
2011 1280 2207 1368 appellatur
2222 1280 2333 1350 etiam
2348 1304 2388 1350 ex
2405 1294 2506 1350 utro·

555 1381 662 1456 Anno
691 1382 826 1455 Romae
851 1379 1041 1450 millesimo
1072 1375 1315 1448 trecentesimo
1343 1372 1480 1443 decimo
1531 1394 1600 1466 que
1617 1373 1788 1459 scriptore
1803 1372 1954 1461 intelligi
1969 1388 2093 1464 potest.
2139 1376 2211 1448 Nec
2227 1380 2360 1451 limites
2376 1382 2507 1449 immo·

706 1484 867 1573 septimo,
1531 1488 1585 1545 tos
1607 1472 1794 1543 constituo.
1844 1471 2028 1544 Interdum
2062 1475 2200 1563 longius
2223 1475 2289 1549 bae
2315 1482 2510 1551 bellicosae

515 1633 519 1638 -
557 1584 665 1660 Anno
680 1580 813 1656 Christi
829 1578 1110 1675 quingentesimo
1124 1574 1335 1667 sexagesimo
1353 1587 1460 1646 sexto.
1531 1585 1650 1662 gentes
1672 1594 1874 1664 progressae
1894 1588 1994 1661 sunt,
2034 1574 2224 1672 interdurn¹
2240 1602 2430 1668 regressae,
2470 1592 2513 1649 ut

1531 1675 1676 1744 fortuna
1691 1675 1868 1744 bellorum
1887 1688 1972 1747 erat.
2008 1671 2062 1747 Ex
2078 1672 2144 1746 hac
2161 1696 2223 1747 sua
2239 1680 2515 1768 patriaLongo·

1532 1776 1633 1844 bardi
1657 1769 1790 1846 inillis
1815 1776 2033 1847 terribilibus
2059 1775 2218 1866 gentium
2236 1778 2512 1869 migrationibus

610 1877 782 1950 Iustinus
794 1877 977 1949 Secundus
998 1897 1107 1966 nepos
1124 1870 1312 1943 lastiniani
1335 1896 1376 1941 ex
1397 1869 1482 1951 lilia,
1532 1890 1750 1946 accesserunt
1774 1901 1854 1946 cum
1877 1877 2025 1947 familiis
2048 1879 2122 1949 suis
2142 1880 2188 1948 ad
2211 1902 2287 1949 cam
2300 1878 2511 1950 Pannoniae

510 1985 702 2076 imperator
723 1976 1084 2049 factusalustiniano
1106 1974 1263 2057 vivente,
1286 1974 1399 2044 tenuit
1415 1973 1482 2039 im·
1534 1997 1653 2056 oram,
1688 1999 1779 2066 quae
1801 1975 1923 2047 ltaliae
1947 1978 2095 2071 propior
2116 1991 2186 2064 est,
2218 1981 2282 2051 ubi
2304 1996 2512 2053 manserunt

510 2086 646 2176 perium
663 2104 776 2150 annos
792 2079 987 2147 duodecim.
1025 2074 1074 2148 Ut
1089 2075 1227 2166 imperii
1243 2074 1386 2147 initium
1402 2095 1483 2162 gra·
1532 2096 1647 2144 annos
1670 2079 1901 2167 quadraginta
1923 2079 2022 2149 duos.
2074 2075 2129 2150 Ac
2151 2081 2235 2150 inde
2255 2083 2300 2152 ab
2315 2082 2365 2151 eis
2381 2084 2512 2153 auxilia

509 2187 581 2256 tius
597 2196 702 2267 esset,
724 2180 827 2251 leniit
843 2180 973 2248 tributa
991 2190 1026 2247 et
1040 2199 1181 2260 usuras,
1202 2189 1237 2245 et
1251 2174 1406 2245 coniunx
1414 2172 1484 2244 So·
1533 2177 1701 2246 adversus
1717 2174 1843 2247 Gottos
1858 2179 1896 2245 in
1910 2176 2047 2248 ltaliam
2055 2177 2183 2252 Narses
2196 2182 2390 2256 accersivit.
2418 2182 2513 2254 Got-

510 2282 595 2378 phia
619 2284 788 2375 quaedam
808 2280 925 2349 debita
950 2302 990 2346 er
1013 2278 1086 2346 suis
1108 2277 1334 2346 facultatibus
1366 2275 1483 2358 solvit,
1532 2277 1579 2347 tis
1602 2299 1642 2344 ex
1668 2275 1767 2348 ltalia
1789 2278 1943 2368 expulsis
1973 2280 2154 2373 aliquanto
2177 2295 2259 2374 post
2279 2281 2510 2374 Langobardi

512 2384 611 2457 brevi
631 2399 748 2455 tamen
763 2396 842 2473 post
856 2402 949 2449 nova
961 2379 1094 2449 tributa
1109 2376 1241 2445 indicta
1256 2389 1350 2446 sunt.
1399 2374 1481 2446 Non
1532 2376 1607 2446 sive
1622 2401 1642 2446 a
1658 2376 1767 2447 Narse
1782 2377 1941 2464 invitati,
1965 2392 2004 2450 ut
2020 2381 2130 2473 aliqui
2145 2395 2301 2470 narrant,
2323 2384 2396 2454 sire
2410 2389 2512 2477 quod

511 2486 623 2555 multa
639 2507 702 2575 per
717 2504 790 2552 sese
804 2482 995 2571 imperator
1011 2478 1146 2548 morbis
1161 2478 1352 2570 impeditus
1366 2478 1484 2547 admi·
1534 2477 1644 2564 magis
1659 2478 1828 2548 credibile
1843 2493 1905 2565 est,
1929 2484 2123 2573 conspectis
2140 2497 2243 2555 antea
2259 2478 2513 2576 pulcherrimis

512 2584 697 2662 nistravit‚
726 2582 861 2651 bellum
883 2604 962 2649 cum
985 2578 1100 2649 Persis
1119 2578 1355 2671 quadriennio
1378 2577 1483 2667 gessit
1533 2575 1656 2649 ltaliae
1677 2579 1827 2650 urbibus
1850 2595 1886 2652 et
1917 2582 2122 2673 splendore,
2160 2586 2256 2655 ultro
2283 2583 2417 2655 ltaliam
2449 2587 2513 2655 in·

513 2708 577 2778 per
597 2685 724 2754 ducem
744 2681 961 2767 Martinam,
994 2681 1033 2749 in
1053 2705 1123 2773 quo
1147 2679 1316 2773 utrinque
1334 2702 1482 2769 magnae
1533 2678 1641 2768 gressi
1654 2692 1737 2750 sunt
1751 2704 1847 2752 anno
1855 2677 1988 2752 Christi
2001 2685 2280 2777 quingentesimo
2296 2687 2512 2776 sexagesimo

514 2787 630 2855 clades
652 2796 810 2872 acceptae
831 2795 925 2853 sunt.
976 2781 1045 2853 Sed
1072 2805 1151 2851 cnm
1168 2780 1483 2852 taudemvicties·
1534 2792 1674 2865 octavo,
1708 2804 1787 2850 cum
1812 2782 2006 2874 imperator
2030 2801 2118 2857 esset
2140 2784 2511 2864 IustinusSecundus.

514 2900 592 2957 seut
615 2881 762 2967 Persae,
801 2904 923 2953 rursus
942 2882 1196 2975 aliquantisper
1217 2906 1283 2974 pax
1306 2883 1396 2952 sacta
1421 2892 1484 2955 est.
1535 2878 1744 2952 Tenuerunt
1768 2904 1915 2971 regnum
1942 2882 1981 2954 in
2004 2908 2043 2956 ca
2061 2884 2181 2958 ltaliae
2201 2900 2320 2978 parte,
2345 2912 2435 2980 quae
2458 2904 2512 2961 est

513 2984 614 3058 Duae
634 3008 689 3054 res
712 2985 815 3053 valde
837 2983 964 3073 dignae
986 2982 1156 3052 memoria
1181 2982 1219 3050 in
1234 2980 1341 3052 huius
1357 2981 1484 3052 lustini
1535 2980 1630 3051 inter
1645 2981 1755 3073 Alpes
1775 2995 1810 3053 et
1824 2980 2031 3075 Apcninum
2053 3011 2166 3059 annos
2188 2989 2358 3059 ducentos
2373 3001 2404 3057 et
2421 3013 2516 3081 qua·

513 3086 802 3176 gubernationem
833 3085 1009 3154 incidunt:
1041 3082 1146 3154 Initia
1171 3077 1422 3155 Exorohatus
1446 3083 1484 3152 in
1535 3093 1628 3167 tuor,
1651 3086 1747 3153 unde
1761 3080 1877 3155 adhuc
1892 3109 1931 3156 ca
1949 3109 2028 3177 pars
2042 3111 2171 3158 nomen
2188 3083 2517 3179 habetLongobar-

514 3187 629 3272 ltalia,
644 3200 678 3256 et
691 3187 793 3255 initia
808 3186 907 3274 regni
918 3184 1178 3274 Longobardici
1192 3185 1230 3253 in
1247 3184 1359 3256 ltalia.
1391 3183 1486 3255 Fue·
1536 3182 1635 3267 diae,
1660 3206 1700 3251 ac
1714 3183 1752 3253 in
1771 3184 1891 3257 ltalica
1906 3189 2127 3278 expeditione
2147 3190 2275 3260 mixtos
2290 3189 2397 3259 luisse
2411 3190 2517 3261 Lon·

513 3301 601 3358 runt
622 3300 738 3357 autem
763 3279 941 3356 Exorchi
962 3287 1059 3357 velut
1074 3284 1209 3355 Vicarii
1232 3284 1485 3375 imperatomm
1537 3283 1702 3371 gobardis
1723 3283 1879 3357 Saxones
1900 3299 1934 3358 e't
1957 3287 2109 3375 Suevos,
2148 3290 2185 3361 id
2208 3305 2261 3363 cst
2282 3288 2517 3377 Pomeranos,

514 3416 556 3461 ex
570 3388 879 3479 Constantinopoli
894 3387 1003 3463 missi.
1051 3384 1405 3480 Duravitquceorum
1421 3409 1488 3476 gu·
1538 3380 1685 3455 historia
1698 3389 1863 3459 ostendit.
1915 3388 2155 3462 Vastationem
2170 3391 2292 3463 ltaliae
2315 3374 2515 3465 denuncia-

514 3494 675 3563 bernatio
696 3504 777 3581 post
790 3488 925 3559 Narseo
945 3511 1059 3559 annos
1077 3500 1218 3560 centum
1241 3500 1275 3558 et
1296 3487 1485 3577 sexaginta.
1537 3498 1666 3556 verunt
1686 3489 1799 3560 multa
1822 3490 2000 3579 prodigia:
2031 3488 2248 3584 Conspectae
2278 3504 2363 3563 sunt
2389 3493 2518 3585 igneae

518 3590 593 3663 Arx
614 3605 730 3662 autem
754 3605 788 3660 et
816 3593 915 3662 sedes
937 3585 1181 3660 Exarchorum
1205 3587 1377 3663 Ravenna
1408 3587 1487 3661 suit.
1538 3587 1631 3656 acies
1647 3586 1686 3656 in
1700 3602 1780 3660 aere
1803 3591 2029 3662 dimicantes:
2053 3590 2204 3683 Sanguis
2228 3619 2271 3665 ex
2288 3606 2380 3665 terra
2398 3611 2434 3666 et
2449 3619 2520 3687 pa·

516 3690 659 3761 Priores
678 3692 771 3759 bella
794 3716 874 3762 cum
899 3690 1145 3781 Longobardis
1168 3691 1345 3761 infoelicia
1374 3710 1488 3779 gesse·
1538 3687 1687 3757 rictibus
1700 3690 1912 3777 scaturiens,
1937 3704 1971 3761 et
1991 3692 2061 3763 alia
2076 3694 2207 3778 multa,
2232 3711 2274 3769 ut
2290 3717 2426 3786 semper
2440 3720 2521 3767 ma·

511 3805 614 3868 runt.
664 3790 854 3862 Postremis
881 3792 977 3860 varia
1000 3791 1191 3861 certamina
1212 3816 1293 3862 curn
1315 3789 1489 3863 Romanis
1538 3809 1627 3876 gnae
1642 3788 1854 3862 calamitates
1869 3793 2039 3886 prodigiis
2052 3795 2326 3869 denunciantur.
2373 3794 2520 3867 Nomen

517 3891 750 3964 Pontificibus
771 3894 933 3975 luerunt,
956 3893 1069 3961 donec
1090 3890 1319 3979 Longobardi
1340 3892 1488 3960 urbibus
1539 3911 1558 3956 a
1576 3888 1691 3980 longis
1708 3892 1912 3985 cuspidibus
1925 3894 1980 3962 vel
1999 3895 2216 3984 bipennibus
2239 3903 2407 3969 deducere
2422 3919 2517 3963 con-

517 3994 607 4078 illis,
645 4016 732 4087 quas
761 3989 915 4063 Exarcbi
953 3993 1108 4086 reliquas
1140 4005 1346 4077 tenuerant,
1410 3991 1490 4060 otiti
1540 3988 1766 4072 cinniusest,
1790 4016 1930 4087 quarna
1951 3994 2083 4071 barbis.

508 4110 619 4178 sunt,
644 4118 733 4188 quas
755 4107 873 4166 tamen
895 4094 1095 4187 relinquere
1113 4090 1369 4182 Langobardos
1378 4015 1491 4189 ¹i's‘pi·
1641 4083 1792 4162 Primus
1814 4119 1875 4164 rex
1897 4094 2215 4185 Longobardorurn
2243 4094 2279 4163 in
2308 4092 2407 4163 ltalia
2437 4095 2520 4166 fuit

516 4218 587 4263 nus
609 4196 732 4283 coegit.
1540 4184 1743 4278 Alboinus,
1764 4196 1922 4285 regnavit
1938 4219 2053 4266 annos
2069 4209 2227 4291 quatuor.
2277 4189 2387 4262 lnitio
2404 4217 2523 4264 occu·

619 4293 703 4367 Fuit
722 4308 839 4364 autern
872 4293 1007 4384 primus
1027 4288 1250 4364 Exarchnsa
1273 4290 1410 4364 lostino
1435 4317 1490 4365 se·
1540 4291 1637 4384 pavit
1661 4291 1883 4366 Vincentiam
1905 4310 1940 4369 et
1961 4292 2153 4372 Veronam.
2199 4290 2341 4364 Deinde
2363 4296 2407 4363 ad
2429 4293 2521 4365 Me·

516 4398 635 4471 cundo
656 4396 694 4466 in
710 4394 847 4468 ltaliam
870 4396 996 4464 missus
1013 4386 1233 4488 Longinus,
1259 4395 1360 4465 cuius
1373 4419 1491 4467 mores
1540 4392 1724 4463 diolanum
1740 4398 1901 4481 accessit,
1927 4399 2023 4491 quod
2039 4399 2204 4469 suadente
2218 4392 2406 4467 Honorato
2422 4393 2523 4486 Epi-

517 4500 566 4572 ita
589 4499 858 4576 describuntur,
890 4508 930 4566 ut
950 4520 1024 4565 non
1044 4496 1089 4565 sit
1116 4495 1248 4564 mirum
1272 4493 1428 4568 Graecos
1450 4499 1487 4566 in
1540 4516 1645 4583 scopo
1667 4494 1885 4567 deditionem
1906 4498 2000 4573 fecit.
2049 4497 2140 4570 Nam
2159 4510 2195 4568 ct
2217 4510 2361 4589 propter
2381 4496 2520 4565 samem

511 4602 628 4673 maius
643 4600 766 4671 odium
782 4596 929 4669 venisse.
996 4593 1136 4668 Dicitur
1155 4596 1283 4668 aluisse
1298 4620 1490 4693 γαναικοι-
1539 4594 1679 4665 obsidio
1708 4598 1852 4667 tolerari
1880 4623 1954 4668 non
1982 4591 2127 4690 poterat.
2178 4594 2348 4667 Ticinum
2372 4601 2473 4689 quod
2500 4622 2523 4668 a

510 4701 660 4792 -ἕρακας,
674 4703 737 4794 qui
753 4700 788 4769 vi
801 4710 838 4769 et
851 4694 1035 4768 fraudibus
1050 4698 1184 4767 alienas
1192 4700 1357 4787 coniuges
1372 4714 1407 4771 et
1422 4725 1489 4771 no·
1538 4693 1703 4785 Longino
1721 4700 1896 4789 praesidio
1910 4700 2086 4770 munitum
2100 4699 2228 4778 luerat,
2244 4698 2397 4769 triennio
2409 4697 2524 4768 obse·

514 4800 643 4871 biliam
657 4803 747 4872 filias
761 4801 805 4870 ad
819 4799 935 4889 ipsum
952 4795 1205 4887 pertraherent.
1252 4796 1358 4869 Prius
1372 4815 1487 4873 autem
1540 4796 1605 4880 dit,
1629 4799 1825 4890 quodcum
1840 4803 1981 4872 tandem
1995 4799 2154 4890 cepisset,
2179 4797 2319 4869 rediens
2336 4797 2522 4868 Veronam

517 4922 574 4970 res
594 4897 882 4989 Longobardicae
904 4898 1060 4968 breviter
1079 4891 1279 4970 recitandae
1300 4915 1402 4987 sunt,
1423 4927 1489 4993 po·
1540 4895 1577 4965 in
1596 4899 1777 4986 convivio,
1804 4899 1905 4973 iussit
1919 4900 2036 4971 afferri
2050 4900 2218 4993 poculum
2233 4901 2361 4970 lactum
2377 4921 2418 4968 ex
2435 4923 2522 4969 cra-

517 5013 590 5070 stea
613 5000 717 5070 series
733 4993 975 5072 Exarchorum
1005 4999 1169 5074 addenda
1193 5002 1279 5085 erit,
1305 5000 1355 5073 ita
1377 5005 1487 5097 magis
1511 5049 1516 5102 q
1538 4997 1601 5066 ¹130
1624 4996 1863 5088 cunimundi,
1889 5026 1994 5095 quem
2013 5002 2207 5086 widerato
2233 5014 2265 5071 el
2288 4999 2521 5089 ⁶⁰383100ss·

512 5098 696 5194 perspicua
710 5104 777 5174 erit
792 5102 960 5174 narratio.
1538 5097 1655 5189 iugem
1677 5102 1786 5172 filiam
1802 5101 2024 5174 Cunimundi
2047 5129 2088 5173 ex
2112 5102 2234 5173 cranio
2255 5100 2442 5192 patrissui
2460 5101 2519 5171 bi-

1538 5199 1633 5272 bere.
1686 5199 1749 5273 llla
1772 5218 1858 5275 tunc
1878 5203 2101 5275 dissimulato
2122 5201 2263 5284 dolore,
2287 5214 2407 5293 postea
2426 5196 2520 5271 hor-

774 5335 844 5403 Μ
881 5327 1218 5429 L⁰'⁸⁹⁰⁶“'⁰¹⁵⁸·
1320 5304 1322 5307 ¹
1536 5294 2522 5478 iiiiaiiim‘iiiii'irmii‘mniiliii'dimdi‘

612 5491 750 5567 Omitto
787 5493 965 5565 fabulosas
1009 5495 1211 5586 ineptorum
1251 5496 1484 5578 narrationes,
1535 5498 1804 5572 Helmeclrildus
1836 5454 2070 5579 dormieitem
2088 5431 2289 5578 iilboinum
2325 5424 2520 5587 integrlccit:

510 5624 600 5693 quae
615 5595 871 5687 Longobardos
889 5616 929 5662 es
948 5594 1074 5663 insulis
1090 5592 1229 5664 Arctois
1242 5599 1417 5682 educunt,
1446 5614 1481 5670 et
1534 5603 1663 5672 deinde
1688 5616 1828 5674 coactus
1852 5607 1974 5696 fugere
2001 5631 2081 5679 cum
2104 5604 2330 5680 Rosimunda
2360 5605 2521 5695 coniuge

509 5723 637 5793 sequor
650 5698 836 5770 Strabonis
854 5718 895 5765 ac
908 5691 1102 5764 Ptolemaei
1123 5697 1391 5788 descriptiones,
1418 5700 1480 5791 qui
1532 5700 1680 5773 Alboini
1710 5706 1852 5778 accessit
1872 5705 2083 5781 Ravennam
2109 5709 2153 5778 ad
2183 5704 2409 5795 Longinum,
2452 5706 2518 5775 ubi

504 5794 757 5889 longobardos
780 5814 815 5872 et
831 5796 990 5872 Senonas
1013 5793 1051 5866 in
1074 5795 1161 5891 ripis
1173 5797 1277 5872 Albis
1292 5797 1480 5886 collocant,
1500 5864 1506 5896 Ι
1531 5825 1610 5872 cum
1641 5801 1848 5899 aliquandiu
1877 5808 2045 5892 fuissent,
2075 5807 2264 5901 Longinus
2292 5828 2407 5877 novas
2437 5829 2522 5900 spes

874 1740 1110 1815 Iustinus.
