6025 6775
610 676 685 749 sot
854 662 1063 744 SCRIPTA
1086 658 1163 729 PH.
1188 653 1307 726 hiEL.
1333 651 1404 726 AD
1430 651 1557 727 lllST.
1584 650 1726 728 PROF.
1749 654 1817 730 ET
1843 656 2035 738 PHILOS.
2061 663 2382 742 SPECTANTIA.
2557 672 2637 748 808

611 848 745 927 maris,
770 835 947 930 occupatis
967 828 1091 902 multis
1117 826 1288 911 urbibus,
1311 824 1421 916 partis
1446 823 1605 896 victoriis
1651 828 1896 903 benevolentia
1925 834 2050 924 populi
2076 837 2224 923 eximia,
2265 839 2349 933 quia
2369 839 2503 914 alienus
2527 843 2639 914 suits

614 947 837 1041 insignibus,
869 933 1075 1008 Alcibiades
1102 953 1182 1000 cum
1209 927 1280 999 iarn
1310 929 1444 1018 patriae
1471 927 1607 1016 gratior
1652 931 1873 1018 crudelitate,
1897 944 1933 1004 et
1947 958 2026 1023 erga
2050 938 2226 1027 plurimos
2250 942 2428 1012 beneticus
2449 959 2483 1014 et
2502 946 2640 1016 libera-

615 1056 692 1126 eius
707 1046 841 1120 reditus
859 1050 968 1122 esset,
993 1033 1101 1105 rediit
1115 1032 1274 1102 modeste
1289 1022 1467 1112 Athenas,
1494 1029 1606 1098 comi·
1652 1031 1709 1102 lis.
1773 1032 1845 1102 Sed
1864 1035 1902 1102 in
1923 1031 1988 1103 hac
2012 1051 2159 1106 naturae
2185 1030 2400 1129 praestantia
2424 1047 2527 1115 etiam
2549 1044 2639 1117 haec

616 1172 668 1227 tes
681 1146 816 1219 habeus
830 1139 962 1231 viginti
973 1158 1093 1206 nares.
1131 1129 1181 1204 Et
1195 1131 1403 1201 modestiam
1417 1155 1457 1200 ac
1471 1146 1605 1202 metum
1653 1133 1745 1203 vicia
1764 1133 1923 1204 fuerunt:
1955 1134 2040 1208 Fuit
2059 1139 2259 1233 inquietus,
2291 1146 2401 1215 nimis
2423 1170 2550 1237 magua
2575 1173 2640 1241 ap·

617 1252 736 1326 haere
752 1239 979 1337 significavit,
1002 1237 1099 1332 quod
1117 1253 1365 1322 nonegressus
1381 1247 1433 1303 est
1454 1255 1495 1301 ex
1512 1232 1608 1319 navi,
1653 1249 1797 1327 petens,
1846 1235 1955 1305 nimis
1985 1238 2107 1309 avidus
2137 1245 2323 1335 popularis
2355 1249 2641 1332 benevolentiae,

542 1377 544 1380 ·
615 1354 688 1426 nisi
702 1350 802 1443 prius
819 1337 1137 1435 conspectolrstris
1154 1335 1251 1421 lilio,
1277 1348 1311 1405 et
1327 1333 1407 1403 aliis
1422 1334 1556 1407 amicis.
1654 1337 1845 1429 impatiens
1857 1336 2022 1429 iniuriae,
2047 1340 2249 1416 inconstans
2260 1360 2296 1417 et
2311 1348 2540 1421 diversarum
2558 1375 2643 1444 par·

719 1447 845 1521 Tertio
871 1437 993 1515 mense
1012 1451 1092 1533 post
1107 1437 1260 1509 reditum
1277 1449 1418 1506 eentum
1436 1458 1544 1505 naves
1561 1435 1607 1505 ad
1654 1440 1759 1514 tium.
1822 1436 1877 1510 Ac
1897 1453 2042 1533 propter
2062 1436 2125 1510 has
2148 1467 2265 1516 causas
2288 1448 2423 1520 dictum
2447 1466 2522 1537 est,
2566 1475 2643 1523 non

618 1556 786 1633 Andrum
808 1549 925 1632 duxit,
950 1543 1014 1616 ubi
1039 1539 1173 1631 praelio
1197 1537 1282 1607 vicit
1299 1534 1459 1607 Andrios
1481 1550 1517 1607 et
1537 1535 1608 1606 La·
1654 1541 1811 1634 potuisse
1853 1541 1944 1614 duos
1981 1539 2185 1614 Alcibiades
2225 1550 2395 1621 sustinere
2436 1551 2647 1625 Graeciam.

620 1650 877 1731 cedaemouios.
928 1644 1072 1717 Deinde
1094 1662 1256 1712 reversus
1279 1639 1318 1707 in
1335 1637 1503 1723 Samum,
1528 1634 1609 1707 Au·
1657 1640 1777 1713 Gessit
1789 1665 1846 1713 res
1867 1667 2013 1735 magnas
2034 1657 2127 1719 terra
2152 1648 2315 1742 marique
2334 1651 2373 1719 in
2393 1655 2516 1725 multis
2537 1657 2647 1733 locis,

619 1755 739 1833 tiocho
755 1747 993 1844 gubernatori,
1012 1767 1077 1814 suo
1091 1742 1239 1813 tradidit
1262 1740 1474 1825 exercitum,
1498 1740 1608 1832 proli·
1655 1744 1717 1813 sed
1736 1746 1882 1815 inutiles
1894 1746 1964 1816 sihi
1980 1758 2014 1815 et
2033 1744 2124 1819 aliis.
2174 1743 2310 1844 Estque
2327 1765 2399 1823 tota
2421 1756 2497 1825 eius
2519 1752 2651 1826 histo·

489 1921 492 1925 .
620 1864 753 1932 ciscens
769 1858 844 1946 ipse
861 1876 940 1920 curn
959 1846 1080 1939 paucis
1098 1844 1250 1914 navibus
1264 1844 1308 1912 ad
1324 1839 1609 1933 Hellespontum,
1655 1846 1707 1915 ria
1739 1848 2055 1931 commonefactio‚
2095 1862 2136 1918 ut
2157 1852 2370 1939 cogitemus,
2410 1879 2456 1925 ne
2491 1859 2648 1949 quidem

549 1950 553 1955 ’
619 1977 662 2036 ut
675 1957 862 2053 pecuniam
877 1951 1068 2039 colligeret.
1119 1942 1313 2016 Discedens
1325 1957 1441 2013 autem
1459 1944 1608 2012 manda·
1656 1948 1882 2019 excellentem
1905 1949 2075 2019 virtutem
2096 1952 2222 2021 utilem
2253 1976 2326 2023 esse
2354 1958 2457 2025 nohis
2485 1972 2519 2028 et
2551 1958 2648 2039 aliis,

622 2064 674 2135 vit
694 2052 943 2149 gubernatori,
967 2073 1013 2119 ne
1037 2072 1119 2119 cum
1142 2048 1231 2118 duce
1247 2045 1609 2115 Lacedaemoniorum
1657 2048 1727 2119 nisi
1749 2050 1851 2121 Deus
1870 2051 2038 2133 consilia,
2065 2052 2207 2122 dextras
2230 2067 2265 2125 et
2289 2060 2444 2126 eventus
2458 2060 2647 2149 gubernet.

621 2161 808 2259 Lysandro
824 2155 1017 2225 dimicaret.
1068 2148 1140 2221 Sed
1156 2172 1235 2218 cum
1251 2148 1467 2235 gubernator
1481 2160 1610 2217 temere
1656 2148 1824 2222 Petamus
1847 2151 1974 2241 igitur,
2006 2166 2048 2223 ut
2067 2154 2172 2226 faeiat
2194 2179 2260 2226 nos
2275 2153 2372 2228 Deus
2393 2182 2524 2248 organa
2548 2161 2647 2230 salu·

623 2258 926 2338 contramandate
942 2263 1134 2347 pugnaret,
1158 2243 1397 2320 Athenienses
1416 2248 1498 2316 vieti
1512 2259 1609 2317 suut.
1639 2246 1765 2341 'taam
1789 2267 1826 2325 εἰ
1838 2253 1898 2324 gui
1913 2254 2020 2324 officii
2035 2267 2143 2325 meg„
2157 2257 2309 2352 quggque
2326 2260 2512 2351 intelligat.

623 2365 694 2437 Hic
722 2381 845 2433 rursus
867 2355 1007 2428 inimici
1031 2350 1229 2423 Alcibiadis
1263 2349 1358 2420 nacti
1390 2352 1610 2418 occasionem

623 2461 840 2539 criminandi
857 2482 961 2541 eum,
984 2453 1080 2548 quod
1097 2454 1232 2520 abesset
1253 2450 1475 2541 voluptatum
1495 2472 1611 2530 causa,

622 2568 848 2662 perfecerunt
870 2572 911 2630 ut
932 2553 1124 2648 imperium
1145 2552 1177 2621 ei
1196 2552 1437 2640 abrogaretur.
1487 2550 1612 2622 Disce·
1883 2632 1889 2646 Ι

624 2673 714 2741 dens
728 2664 838 2754 igitur
851 2659 897 2732 ab
910 2655 1081 2739 exercitu,
1108 2665 1229 2745 postea
1245 2666 1413 2746 tanquam
1437 2652 1475 2721 in
1491 2654 1613 2745 priva·
1760 2650 1868 2740 Quod
1877 2648 2108 2747 Thucydides
2124 2654 2254 2747 inquit,
2273 2656 2310 2724 in
2325 2657 2497 2725 seditione
2511 2678 2648 2724 omne,

624 2788 661 2843 ta
676 2768 749 2837 vita
773 2762 869 2854 degit
888 2759 930 2834 in
951 2753 1233 2855 possessionibus
1246 2754 1320 2823 suis
1336 2755 1382 2823 ad
1398 2751 1613 2846 Hellespon·
1656 2751 1788 2836 fortnas
1798 2776 1917 2823 rerum
1926 2755 2098 2825 malarum
2110 2778 2198 2825 esse:
2214 2751 2302 2829 iude*
2314 2752 2433 2828 στάσει
2440 2762 2547 2827 πᾶσα
2560 2751 2651 2851 trige'o

624 2888 723 2953 tum,
748 2865 813 2938 ubi
841 2860 913 2933 sibi
933 2880 1032 2929 arces
1052 2856 1189 2949 aliquot
1209 2870 1416 2927 extruxerat
1466 2852 1518 2926 lta
1545 2880 1613 2926 nec
1657 2858 1776 2927 κακοῦ
1799 2850 1895 2940 ἐστὶ,
1923 2856 1958 2924 id
1986 2858 2142 2947 conspici
2167 2871 2282 2948 potest
2305 2858 2342 2926 in
2357 2857 2449 2927 bauo
2468 2859 2652 2927 intestino

625 2976 734 3060 longo
754 2978 912 3055 tempore
933 2973 1013 3053 post
1041 2958 1194 3029 reditum
1220 2956 1290 3027 fuit
1318 2956 1358 3024 in
1384 2958 1515 3048 patria,
1547 2982 1613 3027 nec
1660 2953 1898 3043 Graecorum,
1935 2960 2031 3050 quod
2059 2959 2267 3029 nominatur
2292 2957 2652 3052 Peloponnesiacum,

624 3074 778 3145 multum
809 3064 943 3158 patriae
970 3059 1114 3154 profuit.
1173 3056 1297 3151 Neque
1326 3071 1445 3127 tamen
1474 3060 1614 3129 ociosus
1659 3060 1756 3152 quod
1791 3057 1859 3130 suit
1891 3060 2036 3149 plenum
2071 3060 2354 3129 tristissimorum
2372 3062 2647 3151 exemplorum,

625 3175 695 3247 tuit
708 3173 750 3242 iu
765 3170 828 3238 illu
851 3186 1007 3249 secessu,
1033 3162 1095 3232 sed
1114 3159 1269 3229 vicinam
1286 3153 1476 3228 Thraciam
1497 3184 1615 3251 popu·
1660 3158 1797 3231 Multae
1818 3161 1924 3231 urbes
1947 3160 2110 3249 funditus
2134 3161 2268 3233 deletae
2293 3175 2398 3244 sunt,
2422 3163 2531 3232 multi
2557 3163 2647 3232 cives

624 3279 719 3350 latus
734 3285 806 3357 est,
830 3283 865 3340 et
877 3280 919 3340 ut
931 3264 1064 3358 praeda
1073 3259 1365 3353 locupletaretur,
1391 3274 1427 3332 et
1441 3275 1481 3333 ut
1498 3258 1614 3331 Grae·
1660 3262 1855 3347 interlecti,
1879 3275 1915 3360 et
1935 3261 2088 3333 extincta
2110 3264 2265 3336 naturali
2292 3268 2433 3363 στοργῇ
2458 3264 2647 3334 saeviciam

625 3404 685 3454 cos
701 3375 848 3451 colonos
861 3370 915 3442 ibi
932 3367 1148 3438 defenderet.
1660 3377 1891 3436 exercuerunt
1904 3365 2045 3455 cognati
2060 3365 2100 3435 in
2112 3380 2291 3458 cognatos.
2343 3363 2435 3437 Tam
2454 3361 2649 3453 horrendis

726 3477 809 3548 Non
831 3473 945 3544 multu
969 3482 1048 3561 post
1070 3461 1308 3537 Athenienses
1331 3487 1459 3554 magno
1477 3465 1613 3556 praelio
1659 3467 1784 3558 poeuis
1798 3467 1954 3539 ostendit
1964 3464 2065 3539 Deus
2081 3469 2170 3539 iram
2190 3492 2289 3539 suam
2307 3470 2477 3539 adversus
2500 3470 2600 3540 idola
2616 3483 2650 3538 et

625 3579 713 3652 victi
727 3590 811 3648 scint
825 3599 845 3645 a
861 3571 1107 3670 Lysandroad
1126 3565 1241 3658 Aegos
1260 3563 1444 3652 Potamos,
1469 3567 1533 3637 ubi
1546 3567 1613 3637 tria
1659 3568 1840 3642 libidines.
1892 3565 1942 3640 Ut
1963 3584 2079 3641 autern
2102 3571 2322 3663 praedictum
2348 3585 2440 3655 erat,
2473 3565 2546 3642 hoc
2570 3572 2649 3641 hel.

626 3681 741 3755 millia
756 3673 1029 3750 Atheniensium
1043 3696 1123 3742 eum
1138 3669 1212 3738 vivi
1226 3668 1319 3759 capti
1334 3682 1467 3753 essent,
1493 3681 1613 3760 postea
1659 3670 1735 3740 lum
1759 3671 1970 3740 duraturum
1993 3695 2066 3741 esse
2088 3686 2159 3742 tres
2172 3671 2413 3759 Novenarios,
2439 3674 2489 3744 ita
2509 3675 2649 3745 accidit.

627 3781 821 3857 ‘mdellffl'
850 3775 1025 3849 interimi
1063 3784 1157 3841 ⁵¹¹¹³i0
1220 3766 1423 3863 Antequam
1456 3792 1612 3861 pugnam
1661 3766 1768 3841 Anno
1784 3771 1932 3863 septimo
1947 3785 1982 3842 et
1997 3773 2162 3842 vicesimo
2180 3768 2286 3843 huius
2308 3775 2493 3845 bellivicit
2511 3775 2650 3871 Lysan-

629 3883 852 3966 Alcihiades,
880 3880 918 3948 in
939 3877 1058 3945 vicino
1081 3875 1158 3942 loco
1182 3867 1364 3956 habitans,
1390 3894 1469 3941 curn
1484 3885 1609 3942 utrau·
1660 3875 1723 3942 der
1738 3872 1893 3944 Atticam
1917 3872 2061 3942 classem
2080 3877 2124 3943 ad
2140 3878 2256 3962 Aegos
2271 3874 2451 3963 Potamos,
2477 3893 2514 3948 et
2536 3881 2650 3968 capti-

627 4010 699 4082 que
714 3986 859 4058 classem
876 3978 1149 4058 considerasset,
1175 3972 1399 4066 praemonuit
1414 3966 1613 4043 Athenien·
1660 3999 1788 4043 vorum
1817 3967 2089 4045 Atheniensium
2119 3978 2186 4045 tria
2215 3977 2330 4046 millia
2362 3994 2441 4070 post
2470 3980 2650 4070 praelium

627 4112 704 4175 ses,
730 4111 776 4156 ne
796 4083 1018 4153 dimicarent.
1049 4077 1193 4148 'Deleto
1219 4070 1493 4147 Atheniensium
1515 4099 1613 4144 exer·
1659 4098 1754 4144 novo
1774 4076 1934 4166 exemplo
1955 4077 2175 4147 crudelitatis
2196 4078 2382 4149 interfecit.
2429 4078 2561 4150 Postea
2581 4095 2651 4150 sta.

626 4193 702 4264 citu
725 4189 764 4257 in
787 4184 899 4266 mari,
931 4181 1113 4276 Lysander
1142 4203 1223 4247 mox
1246 4171 1407 4247 Athenas
1427 4175 1614 4245 obsidione
1659 4175 1724 4249 tim
1739 4171 1900 4246 Athenas
1915 4188 2010 4246 terra
2025 4178 2189 4270 marique
2203 4181 2362 4249 obsidere
2374 4177 2474 4264 cepit,
2532 4179 2652 4251 Cum.

628 4292 758 4382 cingit,
786 4299 820 4357 et
844 4297 922 4375 post
944 4297 1078 4352 sextum
1099 4303 1254 4348 mensem
1281 4279 1399 4346 dedita
1426 4279 1516 4347 urbe
1540 4276 1613 4372 Ly·
1660 4301 1729 4372 que
1749 4277 1818 4348 iam
1843 4271 1969 4366 magna
1996 4279 2189 4350 multitudo
2211 4282 2247 4350 in
2269 4280 2354 4348 urhe
2381 4275 2475 4344 fame
2500 4297 2651 4359 morsus

626 4395 757 4467 sander
783 4386 926 4478 triginta
954 4382 1069 4464 viros,
1105 4382 1168 4473 qui
1193 4380 1426 4449 nominantur
1450 4378 1613 4468 Triginta
1662 4392 1768 4464 esset,
1793 4379 1952 4449 consiliis
1967 4374 2200 4450 Theramenis
2215 4400 2321 4448 reseo
2337 4378 2489 4448 deducta
2508 4395 2587 4466 est,
2614 4400 2650 4454 ut

628 4492 812 4592 Tyranni,
843 4488 930 4567 urbi
947 4483 1133 4577 praefecit,
1157 4481 1252 4550 inter
1277 4503 1367 4572 quos
1391 4477 1520 4550 Critias
1544 4481 1616 4550 suit
1660 4482 1758 4551 lieret
1771 4480 1872 4552 urbis
1887 4481 2032 4567 deditio,
2051 4497 2147 4554 sexto
2161 4501 2277 4550 mense
2291 4478 2505 4549 obsidionis.
2532 4482 2648 4555 Valde

627 4596 869 4677 saevissimus,
900 4589 962 4683 qui
984 4584 1173 4656 consilium
1195 4581 1313 4665 dedit,
1344 4595 1385 4650 ut
1408 4580 1615 4650 Alcibiades
1661 4582 1916 4651 contenderant
1940 4578 2104 4653 Thebani
2132 4598 2165 4654 et
2185 4575 2388 4664 Corinthii,
2420 4596 2461 4654 ut
2482 4579 2647 4657 Athenae

626 4698 902 4776 interficeretur,
927 4690 1011 4782 quia
1024 4701 1162 4757 tantum
1179 4685 1217 4752 in
1238 4706 1278 4750 eo
1294 4681 1435 4751 consilii
1451 4695 1486 4752 et
1503 4682 1613 4754 indu·
1659 4681 1822 4752 funditus
1852 4683 2066 4756 delerentur.
2124 4684 2192 4755 Sed
2216 4681 2491 4767 Lacedaemonii
2521 4701 2645 4757 eontra

1777 2458 1954 2598 Captae
1975 2502 2234 2579 Athenaeo
2256 2508 2512 2602 Lysandro.
2539 2504 2545 2512 ’

499 4845 504 4858 ·
627 4797 735 4866 striae
758 4806 866 4869 esset,
892 4804 932 4858 ut
949 4785 1109 4860 Athenas
1130 4787 1259 4855 iterum
1282 4783 1614 4854 liberaturusvide-
1659 4796 1866 4869 senserunt,
1900 4810 1974 4856 non
1997 4788 2182 4856 delendam
2205 4808 2279 4855 esse
2302 4786 2445 4869 urbem,
2469 4799 2556 4856 ante
2582 4784 2645 4858 hoc

627 4910 748 4979 retur,
774 4894 805 4963 si
817 4891 961 4964 viveret,
1014 4889 1134 4978 Quare
1150 4883 1420 4956 Lacedaemonii
1442 4886 1484 4953 ad
1499 4880 1614 4955 Phar·
1659 4885 1795 4957 bellum
1810 4910 1912 4978 saepe
1926 4890 2015 4958 bene
2029 4888 2189 4959 meritam
2206 4889 2251 4957 de
2271 4901 2344 4960 tota
2359 4884 2510 4957 Graecia
2533 4889 2577 4956 in
2595 4913 2646 4959 re-

627 4999 802 5071 nsbazum
818 4993 1053 5084 seripserunt,
1078 5001 1120 5059 ut
1136 5012 1216 5057 eum
1238 4985 1459 5061 interficeret.
1510 4984 1612 5057 Missi
1659 4987 1855 5077 primeodis
1870 4986 2045 5061 Barbaria.
2079 4987 2258 5062 Scribitur
2273 5004 2402 5075 autem,
2426 4989 2647 5060 deditionem

626 5101 737 5191 igitur
769 5099 907 5191 aliquot
936 5093 1067 5164 milites
1098 5090 1244 5163 domum
1279 5089 1535 5173 incenderunt,
1574 5090 1612 5158 in
1659 5092 1786 5162 factam
1804 5113 1877 5162 esse
1892 5091 1950 5160 die
1965 5093 2139 5163 sedecimo
2155 5091 2299 5173 Martii,
2323 5116 2395 5186 quo
2411 5092 2470 5162 die
2483 5104 2568 5160 ante
2582 5115 2649 5159 an-

627 5224 698 5299 qua
713 5214 789 5272 erat
803 5198 1027 5281 Alcibiades,
1052 5209 1087 5266 et
1106 5207 1350 5285 erumpentem
1371 5191 1505 5275 adorti,
1531 5215 1611 5261 cum
1659 5216 1725 5264 nos
1739 5206 1871 5286 septem
1887 5205 1922 5261 ct
1935 5195 2156 5286 septuaginta
2174 5194 2323 5265 consilio
2340 5206 2373 5264 et
2385 5194 2513 5262 virtute
2528 5185 2649 5262 Athe·

625 5303 733 5377 multi
753 5313 885 5384 essent,
918 5312 954 5369 et
972 5298 1132 5391 undique
1152 5296 1232 5364 telis
1257 5306 1436 5383 peterent,
1468 5294 1610 5364 tandem
1660 5296 1840 5380 niensium
1862 5295 1904 5362 ad
1926 5291 2142 5366 Salaminem
2166 5295 2293 5367 Persae
2314 5294 2397 5365 victi
2418 5307 2510 5366 sunt.
2567 5292 2647 5382 Qua

625 5431 709 5480 eum
732 5403 785 5475 ibi
810 5401 1073 5473 interfecerunt.
1131 5394 1291 5464 Cadaver
1316 5395 1390 5463 eicis
1413 5393 1611 5465 'l'imandra
1659 5398 1699 5467 in
1720 5393 2002 5467 consideratione
2023 5399 2216 5488 cogitemus
2235 5397 2502 5467 instabilitatem
2518 5418 2647 5466 -rerum

624 5507 826 5583 concubina
858 5503 1009 5596 sepeliit.
1058 5496 1129 5566 Hic
1164 5496 1231 5564 luit
1264 5495 1375 5564 exitus
1401 5494 1611 5583 Alcibiadis,
1659 5494 1915 5579 humanarum,
1939 5509 1974 5567 et
1994 5500 2279 5571 consideratione
2303 5522 2490 5569 causarum
2513 5521 2586 5567 nos
2608 5500 2647 5566 ad

599 5602 726 5687 'euius
750 5608 821 5681 tuit
851 5606 1024 5677 excellens
1048 5595 1251 5687 ingenium,
1280 5595 1471 5690 fortitudo,
1502 5599 1610 5669 indu·
1657 5597 1733 5667 veri
1754 5593 1825 5666 Dei
1848 5597 2065 5686 agnitionem
2089 5604 2190 5674 etad
2212 5600 2425 5672 modestiam
2450 5595 2648 5670 hortemur.

621 5718 727 5801 stria,
755 5708 791 5784 et
808 5709 982 5782 foelicitas
998 5703 1037 5770 in
1057 5698 1265 5793 praeliando
1281 5708 1396 5784 tanta,
1417 5712 1458 5768 ut
1472 5722 1611 5789 semper
1656 5696 1839 5770 Bellorum
1854 5701 1950 5772 euim
1966 5704 2085 5775 variae
2099 5705 2194 5776 vices
2210 5719 2305 5787 sunt,
2329 5703 2413 5797 quia
2430 5703 2541 5793 punit
2554 5701 2646 5775 Deus

623 5836 662 5886 ea
681 5836 783 5908 pars,
815 5811 875 5883 eui
894 5803 1029 5888 adfuit,
1059 5800 1194 5872 vicerit.
1249 5796 1402 5892 Fuitque
1424 5821 1506 5890 erga
1527 5824 1608 5871 eum
1656 5799 1787 5881 scelera
1801 5803 1840 5876 iu
1855 5815 2007 5899 utreque
2021 5818 2132 5900 perte.
2184 5803 2351 5893 Tandem
2366 5826 2453 5875 vero
2469 5803 2646 5896 graviori·

2447 5974 2694 6358 ,1
