6025 6775
454 588 515 702 J
588 616 667 705 ‘aaa
831 547 837 566 ἱ
1233 618 1238 628 ·
1365 612 1851 695 nrsrurarronus
2246 683 2248 687 .
2542 628 2621 708 aaa

592 800 647 874 tio
668 794 878 883 bominem,
899 794 962 888 qui
983 816 1023 863 ex
1044 787 1113 863 hac
1132 790 1477 877 rita-discesserunt,
1500 811 1582 862 com
1630 791 1763 884 gratiae
1784 791 2007 866 vivificantur
2028 800 2154 885 corda,
2180 812 2375 889 agnooeunt
2389 803 2553 891 matiam,
2577 805 2617 875 id

593 899 817 975 horrendum
838 896 991 987 cogitatu
1014 895 1077 978 sit,
1101 895 1314 985 compellare
1338 889 1501 965 homines
1518 895 1583 964 ab·
1631 909 1694 981 est,
1722 896 2003 967 misericordiam
2018 895 2098 986 Dei,
2125 916 2271 992 propter
2285 904 2515 974 redemtorem
2531 931 2616 999 pro·

594 1019 728 1087 sentes,
750 999 982 1096 quasimotus
998 995 1159 1066 cordium
1176 995 1384 1088 inspicient,
1411 996 1507 1089 quod
1525 1019 1584 1065 so-
1630 998 1796 1082 missum,
1829 1012 1863 1070 et
1884 1023 1921 1069 se
1940 1000 2048 1092 recipi
2068 1006 2231 1077 credunt.
2289 1000 2339 1076 Et
2360 1027 2441 1074 com
2461 1000 2526 1077 hac
2546 1009 2616 1078 fide

595 1109 665 1178 lius
687 1119 739 1175 est
759 1099 1016 1192 omnipotentis
1032 1111 1197 1183 naturae,
1223 1114 1256 1168 et
1273 1120 1433 1191 expresse
1448 1099 1582 1169 dictum
1630 1098 1785 1191 Spiritus
1822 1115 1960 1173 sanctus
1994 1106 2153 1176 accendit
2188 1114 2312 1175 veram
2345 1107 2617 1194 invocationem,

595 1210 655 1280 sit:
683 1204 885 1276 Dominum
897 1198 1014 1271 Deum
1030 1214 1132 1270 tuum
1148 1201 1324 1271 adorabis.
1630 1225 1720 1294 quae
1737 1203 1775 1272 fit
1791 1215 1928 1274 tantum
1944 1205 1982 1272 in
1999 1228 2079 1273 vera
2095 1203 2261 1280 Ecclesia.

695 1307 758 1382 50.
793 1299 956 1374 Omnino
968 1300 1166 1373 necessaria
1181 1316 1234 1373 est
1251 1325 1333 1373 cura
1349 1303 1499 1393 singulis
1514 1297 1582 1372 bo-
1731 1298 1792 1373 55.
1825 1303 1915 1374 Nam
1932 1300 2099 1390 Ethnici,
2123 1306 2232 1378 Turci
2250 1324 2284 1379 et
2298 1308 2453 1389 slmiles,
2481 1309 2617 1382 etiamsi

594 1412 768 1491 minibus,
793 1429 962 1499 quaerere
983 1428 1101 1475 veram
1118 1400 1311 1474 Ecclesiam
1325 1402 1411 1492 Dei,
1437 1418 1471 1474 et
1493 1404 1527 1473 ei
1545 1427 1582 1473 se
1630 1406 1818 1477 adfirmant
1834 1430 1871 1476 se
1885 1409 2051 1477 invocare
2067 1431 2187 1477 verum
2203 1410 2331 1496 Deum,
2356 1422 2392 1478 et
2410 1410 2502 1480 illud
2520 1411 2619 1482 vide-

593 1514 805 1600 adiungere,
830 1522 865 1579 et
884 1509 923 1578 iu
947 1532 987 1576 ea
1006 1506 1133 1577 audire
1154 1506 1353 1578 doctrinam
1374 1505 1488 1578 allen
1510 1520 1582 1575 tra·
1630 1507 1712 1578 licet
1739 1532 1891 1593 numen,
1925 1512 2021 1602 quod
2052 1510 2213 1581 condidit
2240 1513 2375 1581 coelum
2406 1523 2441 1581 et
2474 1495 2618 1597 terrain,

591 1615 723 1695 dium,
750 1624 785 1683 et
808 1633 890 1680 cum
912 1604 1021 1679 huius
1039 1632 1142 1678 verae
1158 1609 1338 1680 Ecclesiae
1354 1608 1582 1679 invocatione
1628 1621 1749 1679 tamen
1777 1635 1795 1679 a
1831 1635 1914 1680 vero
1943 1608 2020 1681 Deo
2051 1614 2237 1698 aberrant,
2269 1611 2351 1705 qttia
2379 1626 2510 1703 negant
2541 1638 2617 1685 esse

591 1730 627 1788 et
657 1714 877 1785 confessione
902 1711 1118 1797 coniungere
1138 1735 1238 1781 suam
1261 1710 1524 1780 invocationem
1547 1723 1581 1779 et
1628 1725 1810 1782 aeternum
1832 1727 1987 1803 patrem,
2013 1727 2047 1783 et
2071 1714 2185 1783 filium
2206 1714 2393 1802 imaginem
2415 1717 2460 1783 de
2479 1720 2615 1787 aeterni

591 1818 868 1899 confessionem,
908 1814 998 1884 sicut
1027 1810 1143 1882 David
1173 1811 1310 1903 inquit,
1349 1809 1479 1885 Psalm.
1499 1810 1579 1885 eo:
1628 1813 1737 1903 patris
1760 1816 1910 1886 essentia
1935 1816 2107 1903 genitam,
2134 1830 2168 1888 et
2186 1814 2361 1907 Spiritum
2383 1832 2545 1887 sanctum
2568 1822 2614 1889 ab

591 1919 713 1992 Unum
737 1917 825 2009 petii
844 1914 1056 1998 allomino,
1080 1910 1148 1983 hoc
1172 1913 1335 2005 requiro,
1359 1926 1400 1984 ut
1422 1909 1580 1986 habitem
1627 1928 1771 1986 aeterno
1789 1930 1888 2006 patre
1904 1929 1941 1986 et
1955 1918 2030 1986 filio
2046 1920 2307 2007 procedentem.

590 2025 630 2092 in
654 2024 765 2091 domo
776 2005 925 2088 Domini
942 2015 1108 2085 omnibus
1123 2016 1248 2085 diebus
1265 2014 1360 2085 vitae
1373 2040 1490 2102 meac,
1514 2029 1580 2090 etc.
1621 2018 1626 2024 ’
1728 2016 1790 2087 66.
1829 2016 1910 2087 Non
1935 2018 2044 2106 igitur
2063 2022 2215 2090 adorant
2240 2039 2364 2089 rernm
2385 2016 2519 2099 Deum,
2553 2023 2615 2089 sed

589 2120 639 2198 Et
659 2122 794 2193 Psalm.
814 2121 893 2193 en:
922 2115 1026 2187 Beati
1049 2118 1111 2209 qni
1137 2111 1302 2189 habitant
1323 2118 1362 2186 in
1384 2119 1494 2189 domo
1518 2131 1579 2188 tua
1626 2118 1793 2210 sculpunt
1812 2120 1880 2190 sibi
1901 2118 1988 2209 ipsis
2010 2121 2238 2191 simulacrum
2257 2121 2297 2190 in
2313 2143 2376 2190 sua
2390 2120 2616 2209 cogitatione,

589 2225 755 2298 Domine.
804 2218 855 2292 Et
875 2217 1017 2289 Psalmo
1032 2217 1111 2293 et:
1140 2217 1295 2290 Plantati
1318 2213 1357 2290 in
1380 2222 1487 2290 domo
1503 2217 1579 2291 Do-
1627 2223 1724 2313 quod
1754 2221 1987 2311 compellant,
2019 2223 2194 2313 fingentes
2219 2222 2358 2316 aliquid
2387 2242 2459 2291 esse
2487 2219 2617 2304 Deum,

472 2335 479 2342 '
589 2328 701 2412 mini,
726 2326 765 2394 in
780 2323 881 2394 atriis
897 2323 1026 2392 domus
1041 2319 1107 2393 Dei
1125 2321 1241 2394 nostri
1255 2321 1445 2394 florebunt.
1626 2324 1723 2415 quod
1737 2345 1813 2391 non
1830 2336 1882 2393 est
1899 2319 2007 2392 Deus.

692 2423 754 2498 ⁵1.
789 2422 937 2496 Etcum
963 2423 1048 2494 velit
1068 2419 1184 2508 Deus,
1216 2423 1330 2493 tilium
1351 2422 1514 2513 agnosci,
1545 2433 1580 2490 et
1727 2422 1789 2499 at.
1829 2419 1905 2494 Alii
1936 2438 2055 2515 postea
2084 2424 2153 2494 alia
2177 2424 2288 2494 multa
2312 2423 2503 2496 simulacra
2522 2425 2615 2495 scul-

582 2527 752 2608 ,exaudiri
780 2528 819 2598 in
843 2540 918 2598 toto
940 2547 1069 2615 genere
1089 2520 1271 2604 humano,
1301 2525 1380 2596 vult
1400 2539 1435 2596 et
1455 2520 1579 2594 Eccle·
1626 2540 1734 2615 punt,
1760 2542 1801 2598 ut
1813 2523 2055 2606 Athenienses
2067 2525 2106 2594 in
2122 2526 2218 2596 bello
2231 2525 2360 2598 Xerxis
2373 2527 2616 2598 sacrificabant

587 2633 675 2704 siam
699 2629 876 2721 conspici,
904 2640 938 2698 et
960 2640 1098 2697 coetum
1115 2627 1292 2698 visibilem
1309 2651 1397 2710 esse.
1444 2623 1579 2719 Estque
1624 2625 1777 2712 Boreae,
1801 2641 1972 2721 tanquam
1997 2628 2103 2699 veteri
2121 2628 2230 2698 adfini
2249 2641 2393 2717 propter
2410 2624 2616 2721 Orithyam,

577 2757 671 2804 -vera
693 2729 761 2802 Dei
778 2728 954 2813 Ecclesia,
980 2742 1099 2799 coetus
1122 2729 1293 2816 visibilis,
1317 2727 1474 2800 retinens
1494 2727 1579 2798 fun·
1625 2744 1660 2800 et
1681 2730 1867 2821 petebant,
1901 2743 1952 2800 ut·
1964 2730 2114 2799 classem
2125 2729 2253 2800 Xerxis
2276 2750 2338 2798 suo
2351 2728 2438 2798 flatu
2454 2729 2613 2818 pelleret.

522 2828 527 2838 ’
587 2837 811 2919 dementum,
833 2833 869 2901 id
893 2844 965 2915 est,
997 2830 1196 2901 doctrinam
1212 2828 1399 2929 Evangelii
1413 2830 1580 2902 incorru-
1625 2829 1725 2903 Talis
1752 2846 1805 2903 est
1834 2831 2011 2902 invocatio
2043 2822 2526 2922 compellentium-homiues
2549 2832 2614 2899 ab·

585 2950 702 3032 ptam,
724 2935 821 3005 iuxta
834 2957 957 3004 omnes
972 2932 1140 3004 articulos
1155 2933 1250 3020 fidei,
1272 2946 1467 3028 praecepta,
1493 2956 1579 3024 pro·
1625 2946 1750 3004 sentes.

584 3038 793 3123 missiones,
829 3035 1028 3126 legitimum
1065 3058 1169 3105 usum
1198 3034 1509 3108 sacramentorum
1546 3047 1579 3104 et
1726 3028 1789 3111 68.
1827 3033 1966 3106 Deinde
1994 3034 2166 3103 accedunt
2187 3026 2337 3103 Ethnici
2361 3032 2406 3100 ad
2430 3030 2521 3104 illud
2541 3057 2613 3104 nu·
2647 3120 2649 3124 Α

517 3195 523 3204 -
584 3139 821 3214 reverentiam
852 3135 1053 3209 ministerio
1081 3136 1256 3225 debitam,
1290 3162 1356 3208 nec
1384 3135 1579 3205 defendens
1626 3161 1708 3207 men
1732 3137 1809 3206 sine
1837 3135 2151 3229 promissionibus,
2182 3133 2260 3203 sine
2288 3133 2506 3224 mediatore,
2532 3158 2614 3204 cum

584 3231 710 3319 idola,
1558 3248 1561 3255 '
1627 3252 1793 3330 perpetua
1809 3239 2044 3311 dubitatione.
2094 3233 2146 3306 lta
2162 3235 2392 3306 mediatorem
2411 3259 2509 3332 nunc
2525 3260 2616 3332 quo·

686 3343 748 3420 52.
789 3342 862 3414 Nec
886 3343 974 3413 alibi
998 3356 1081 3413 sunt
1105 3339 1204 3411 electi
1230 3337 1299 3409 nisi
1323 3339 1363 3410 in
1386 3333 1454 3411 hoc
1476 3354 1579 3411 coetu
1625 3365 1693 3435 que
1716 3354 1916 3427 removent,
1943 3339 2004 3434 qui
2026 3340 2151 3411 iubent
2167 3361 2311 3407 manere
2327 3338 2366 3406 in
2381 3338 2614 3420 dubitatione,

585 3460 811 3525 vocatorum,
838 3446 935 3515 iuxta
951 3445 1059 3513 illud:
1087 3441 1188 3533 Quos
1202 3442 1320 3533 elegit,
1342 3437 1408 3512 hos
1424 3456 1458 3514 et
1475 3467 1579 3512 voca·
1625 3458 1685 3515 aut
1708 3443 1770 3538 qui
1787 3444 1912 3514 fiducia
1928 3443 1984 3537 sui
2000 3441 2179 3525 sacrificii,
2205 3453 2267 3512 aul
2279 3441 2433 3512 aliorum
2448 3442 2613 3532 proprio-

586 3545 648 3616 vit.
690 3543 762 3616 Nec
775 3549 923 3616 libertas
939 3545 1000 3615 illa
1017 3545 1075 3635 pia
1091 3558 1161 3629 est,
1188 3569 1295 3638 quam
1312 3542 1381 3614 sibi
1397 3547 1499 3616 multi
1519 3569 1578 3614 su·
1624 3571 1703 3617 rum
1720 3569 1867 3634 operum
1883 3548 1926 3615 ad
1941 3541 2057 3615 Deum
2073 3544 2254 3614 accedunt.

584 3660 702 3733 munt,
727 3647 789 3741 qui
807 3671 905 3717 more
919 3643 1213 3717 Academicorum
1230 3661 1413 3736 vagantur,
1440 3661 1475 3718 et
1492 3671 1578 3716 con·
1727 3644 1788 3719 59.
1815 3643 1864 3717 At
1878 3672 1957 3718 cum
1973 3671 2056 3717 vera
2068 3645 2293 3716 invocatione
2307 3643 2518 3716 coniunctae
2531 3658 2614 3715 sunt

585 3748 769 3820 tradicunt
790 3749 975 3832 omnibus,
1000 3761 1035 3817 et
1053 3746 1189 3816 nullius
1203 3743 1382 3817 Ecclesiae
1397 3749 1488 3818 cives
1503 3772 1577 3817 esse
1624 3764 1780 3823 caeterae
1810 3750 1975 3833 virtutes,
2007 3745 2181 3827 Dilectio‚
2214 3747 2350 3818 bonum
2380 3747 2614 3839 propositum,

585 3851 729 3935 volunt,
760 3855 804 3922 de
824 3852 954 3947 quibus
974 3849 1123 3919 dicitur:
1151 3846 1224 3938 Qui
1248 3872 1321 3917 non
1346 3850 1480 3940 colligit
1501 3874 1576 3919 me·
1623 3851 1731 3944 Spes,
1764 3849 1957 3935 Patientia,
1982 3865 2017 3921 et
2037 3849 2146 3934 aliae,
2172 3847 2221 3919 ita
2246 3874 2327 3919 cum
2351 3848 2505 3941 Spiritus
2528 3871 2610 3916 san·

588 3977 688 4039 cum,
712 3952 893 4048 dispergit.
1623 3967 1699 4024 ctus
1728 3954 1833 4022 corda
1864 3954 1933 4022 fide
1964 3952 2133 4036 vivificat,
2166 3951 2273 4022 simul
2303 3946 2445 4020 inchoet
2476 3948 2514 4016 in
2543 3942 2610 4016 hac

687 4052 750 4130 58.
792 4054 840 4128 Et
869 4053 964 4126 lilius
985 4046 1056 4124 Dei
1081 4050 1119 4122 in
1144 4074 1256 4143 agone
1280 4065 1442 4143 precatur
1464 4067 1577 4124 aeter·
1623 4054 1866 4126 consolatione
1886 4055 2091 4125 interiorem
2117 4053 2372 4137 obedientiam,
2403 4052 2499 4142 quod
2522 4073 2611 4120 voce

584 4178 674 4228 num
706 4172 864 4251 patrem,
896 4170 936 4227 ut
952 4155 1067 4226 'faciat
1094 4168 1134 4225 ut
1154 4178 1267 4225 tanum
1292 4155 1402 4226 simus
1424 4156 1463 4225 in
1486 4152 1576 4231 Deo.
1623 4158 1948 4249 legisnequaquam
1967 4157 2056 4224 ellici
2074 4157 2199 4246 potuit.
2286 4161 2288 4164 ’
2340 4168 2342 4172 ’
2636 4154 2645 4171 '

584 4258 833 4351 Adiungamus
851 4259 962 4351 igitur
979 4281 1045 4328 nos
1059 4259 1102 4327 ad
1120 4281 1238 4327 veram
1255 4254 1468 4340 Ecclesiam,
1493 4259 1577 4330 ubi·
1723 4257 1786 4332 60.
1819 4257 1887 4329 Sed
1901 4253 1988 4328 haec
2003 4258 2205 4329 obedientia
2220 4256 2378 4325 nondum
2391 4266 2443 4324 est
2457 4252 2612 4344 perfecta

586 4384 726 4456 cunque
744 4385 884 4446 sumus,
909 4361 1002 4433 votis
1021 4373 1055 4430 et
1072 4360 1302 4429 confessione.
1354 4358 1475 4449 Quare
1490 4385 1576 4432 con·
1624 4361 1710 4452 legis
1733 4360 1912 4451 impletio,
1936 4361 2019 4454 quia
2041 4360 2263 4431 verissimum
2278 4371 2347 4438 est,
2375 4369 2555 4454 peccatum
2574 4355 2613 4424 in

583 4466 690 4537 tneor
709 4491 766 4537 me
786 4464 950 4558 amplecti
966 4485 1176 4533 consensum
1191 4455 1383 4530 catholicae
1398 4461 1577 4535 Ecclesiae
1624 4477 1751 4534 natura
1774 4458 1939 4532 humana.
1955 4463 2132 4555 reliquum
2156 4463 2194 4531 in
2213 4457 2277 4531 hac
2293 4459 2382 4546 vita,
2405 4458 2472 4530 etsi
2488 4458 2612 4530 morti-

584 4565 653 4637 Dei
675 4592 876 4660 expressum
899 4567 938 4636 in
959 4562 1199 4647 confessione,
1225 4586 1330 4655 quam
1352 4557 1577 4635 haecEccle-
1624 4565 1721 4635 ficari
1757 4565 1866 4655 cepit,
1908 4578 2026 4634 tamen
2062 4566 2223 4634 nondum
2258 4584 2402 4653 prorsus
2431 4574 2612 4631 mortuum

584 4667 638 4735 'sia
669 4666 830 4741 exhibuit
859 4666 1069 4760 Imperatori
1098 4661 1228 4735 Carolo
1257 4658 1436 4752 Augustae
1466 4661 1576 4746 Anno
1625 4689 1710 4739 esse.
1762 4665 1913 4757 Tegitur
1934 4680 2052 4738 autem
2073 4690 2094 4736 a
2114 4665 2188 4735 filio
2206 4662 2293 4750 Dei,
2321 4664 2384 4758 qui
2399 4676 2450 4734 est
2465 4663 2613 4735 umbra-

462 4814 466 4819 ·
589 4761 701 4840 1550.
724 4783 758 4839 et
781 4771 819 4837 in
843 4769 1007 4838 societate
1029 4790 1170 4851 corum,
1196 4762 1260 4858 qui
1279 4759 1372 4834 hanc
1394 4768 1577 4838 doctrinae
1625 4769 1763 4851 culum,
1789 4785 1822 4838 et
1837 4769 2002 4840 liberavit
2017 4770 2198 4838 credentes
2213 4765 2498 4836 ansaledictione
2516 4763 2614 4851 legis.

587 4893 712 4940 vocem
737 4870 1014 4963 amplectuntur:
1046 4868 1182 4937 Verum
1197 4862 1332 4951 Deum,
1364 4869 1489 4939 fiducia
1511 4870 1577 4940 lilii
1725 4870 1787 4944 ot.
1828 4866 2079 4964 Philosophica
2108 4863 2313 4960 imaginatio
2345 4882 2417 4953 est,
2459 4861 2614 4937 heroicis

586 4968 655 5044 Dei
668 4970 817 5044 Domiru
835 4972 950 5044 nostri
968 4969 1047 5041 lesu
1060 4965 1195 5042 Christi
1212 4969 1350 5044 invoco.
1625 4973 1730 5044 donis
1759 4973 1903 5053 inlusis,
1936 4984 2117 5065 propterea
2147 4966 2331 5042 hominem
2362 4969 2497 5044 iustum
2530 4991 2613 5050 esse,

691 5073 754 5152 54.
793 5075 885 5149 Cum
912 5075 1044 5147 dieitur
1069 5073 1162 5166 epod
1185 5068 1411 5144 Zachariam:
1447 5070 1578 5146 Effert·
1625 5077 1716 5147 sicut
1737 5089 1771 5145 et
1788 5073 1912 5146 Cicero
1936 5076 2075 5168 inquit,
2108 5073 2252 5146 Nullam
2273 5075 2423 5144 existere
2446 5073 2608 5141 vinrrtem

591 5178 672 5251 dam
699 5203 804 5277 super
831 5183 976 5252 domum
999 5177 1141 5263 David,
1174 5190 1209 5248 et
1231 5198 1337 5269 super
1360 5172 1578 5250 habitatores
1625 5202 1788 5271 magnam
1810 5177 1889 5248 sine
1907 5179 2040 5250 adllatu
2062 5177 2199 5251 divino.
2252 5172 2298 5247 Et
2317 5176 2461 5270 quidem
2477 5165 2612 5240 Ethni·

588 5279 784 5353 lemsalem
805 5281 980 5373 Spiritum
1003 5281 1137 5371 gratiae
1157 5292 1191 5349 et
1212 5302 1376 5371 precum,
1402 5280 1577 5351 discerni-
1623 5282 1674 5353 cis
1703 5281 1786 5350 illae
1816 5281 1912 5375 ipsae
1941 5276 2106 5351 heroicae
2133 5280 2301 5364 virtutes,
2332 5292 2373 5350 ut
2394 5269 2545 5346 Achillis
2576 5285 2611 5340 et

588 5399 649 5458 tur
677 5391 797 5471 carcer
817 5384 902 5475 legis
924 5407 943 5452 a
965 5381 1180 5453 liberatione
1200 5380 1331 5451 donata
1349 5404 1415 5472 per
1436 5385 1576 5454 redem-
1623 5381 1819 5455 Alexandri
1845 5385 2038 5468 fortitudo,
2069 5380 2222 5455 illustria
2245 5376 2444 5453 testimonia
2465 5375 2509 5443 de
2532 5371 2609 5445 Deo

475 5561 478 5565 .
587 5501 702 5561 toretn
723 5486 837 5556 lilium
858 5485 936 5557 Ilei.
994 5483 1065 5552 Lex
1087 5481 1325 5551 ministerium
1349 5497 1401 5553 est
1424 5480 1576 5555 horren·
1622 5487 1776 5575 luerrrnt.
1829 5485 1900 5557 Sed
1923 5486 1963 5557 in
1976 5481 2133 5556 Ecclesia
2156 5508 2297 5556 necesse
2314 5494 2382 5565 est,
2404 5465 2476 5546 clici
2492 5477 2537 5545 de
2553 5499 2611 5544 re-

588 5592 654 5662 dae
676 5589 750 5660 irae
765 5587 852 5674 Dei,
877 5599 911 5657 et
934 5586 973 5654 in
994 5580 1060 5653 hac
1083 5582 1218 5673 ingenti
1241 5587 1575 5659 consternationeet
1622 5584 1790 5658 missione
1825 5601 2067 5676 peccatorum,
2106 5589 2151 5657 de
2184 5583 2418 5679 imputatione
2448 5577 2612 5649 iusticias

585 5693 669 5785 fuga
690 5690 894 5765 conticescit
914 5685 1106 5759 invocatio.
1157 5682 1228 5757 Sed
1250 5709 1329 5755 cum
1352 5712 1438 5759 voce
1451 5685 1575 5761 Evan·
1621 5701 1765 5782 propter
1796 5690 1909 5760 lilium
1939 5687 2027 5777 Dei,
2058 5690 2166 5761 etde
2193 5689 2282 5772 fide,
2310 5684 2348 5756 id
2378 5696 2447 5768 est,
2480 5681 2612 5754 fiducia

586 5795 671 5883 gebi
699 5792 941 5867 aunrrnciatnc
969 5786 1131 5864 recessio
1163 5800 1404 5882 peccatorum,
1435 5790 1573 5885 Spiritu
1619 5790 1884 5864 misericordiae
1904 5793 2067 5865 intuente
2085 5792 2201 5875 lilium
2214 5786 2301 5878 net,
2322 5810 2395 5886 qua
2417 5787 2612 5860 liberamur
