6025 6775
1029 634 1177 707 231

1039 826 1204 875 rnm
1234 811 1318 871 nt
1344 796 1490 870 vita
1538 794 1806 888 profuit
1851 791 2347 886 tranquillitati
2375 787 2729 863 Ecclesiae
2772 806 2842 864 et
2881 815 3009 884 pa-

1038 905 1263 987 triae,
1328 902 1426 970 ita
1467 920 1663 967 mors
1710 896 1822 964 vel
1872 896 2184 983 signum,
2232 892 2350 962 vel
2398 893 2635 985 aliqua
2681 917 2765 963 ex
2810 906 3009 985 parte

1044 1026 1253 1077 causa
1303 1000 1441 1070 fuit
1495 996 1956 1067 maximarum
2004 994 2477 1065 mutationum
2525 1007 2594 1064 et
2648 994 3009 1065 calamita-

1042 1120 1240 1188 tum,
1303 1100 1567 1194 quibus
1610 1091 1842 1165 adhuc
1890 1116 2263 1184 urgemur,
2332 1107 2401 1165 et
2444 1118 2744 1187 quarum
2794 1095 3006 1164 finem

1042 1229 1259 1276 nemo
1293 1199 1690 1294 prospicere
1724 1208 1966 1286 potest.
2048 1193 2231 1264 Nam
2263 1209 2344 1267 ut
2371 1197 2461 1264 de
2491 1196 2681 1265 bello
2712 1219 2860 1265 non
2893 1194 3009 1266 di-

1046 1330 1243 1391 cam,
1293 1302 1484 1396 quod
1528 1311 1760 1369 tamen
1799 1295 1963 1365 vivo
2007 1290 2325 1366 Luthero
2370 1296 2729 1365 neminem
2775 1309 3009 1367 motu-

1045 1429 1212 1478 rum
1256 1403 1468 1472 fuisse
1515 1397 1867 1488 sapientes
1905 1395 2345 1480 existimant,
2413 1409 2598 1467 certe
2632 1397 2694 1466 si
2728 1396 3009 1466 vixisset

1045 1503 1425 1583 hactenus,
1487 1511 1572 1569 nt
1622 1511 1771 1568 erat
1824 1511 2078 1567 natura
2118 1520 2266 1567 non
2313 1498 2703 1583 imbecilla,
2770 1498 3009 1566 minus

1045 1601 1507 1675 dissidiorum
1549 1598 1632 1667 in
1675 1595 2009 1668 Ecclesiis
2059 1611 2257 1669 esset.

1053 2502 1453 2599 Sophocleo
1484 2504 1796 2618 carmine
1835 2503 2246 2593 gravissime
2283 2503 2576 2574 dicitur:

1218 2636 1380 2703 ὅπου
1423 2629 1492 2698 δ’
1539 2627 1838 2715 ὑβρίζειν,
1879 2630 2104 2721 δρᾷπε
2147 2626 2482 2710 ἀβούλεται
2524 2631 2694 2719 πάρα

822 2705 868 2779 ¹⁴·
1221 2730 1456 2814 ταύτην
1495 2727 1698 2812 νόμιζε
1739 2730 1856 2812 τὴν
1898 2728 2077 2795 πόλιν
2113 2724 2327 2817 χρόνῳ
2363 2756 2514 2797 ποτε

1220 2836 1288 2912 ἔξ
1330 2824 1533 2920 οὔρων
1572 2833 1972 2919 δραμοῦσαν,
2014 2832 2100 2906 εἰς
2138 2829 2352 2912 firi-9⁰1³
2393 2843 2622 2900 πεσεῖν.

808 3039 822 3049 ⁴
1222 2964 1345 3028 Ubi
1369 2967 1705 3046 petulanter
1730 2962 1924 3023 facere
1957 2962 2121 3045 quod
2160 2964 2308 3024 libet
2328 3009 2346 3041 ,
2400 2966 2564 3043 licet,

852 3084 921 3143 -ξ,·
1218 3062 1584 3150 Legumque
1611 3086 1739 3126 vox
1773 3076 1833 3125 et
1860 3067 1950 3124 ira
1977 3064 2234 3127 vindicis
2259 3060 2381 3123 Dei

876 3151 884 3165 ⁸
1215 3166 1516 3233 Ridentur
1538 3213 1556 3245 ,
1607 3188 1674 3228 ao
1699 3163 1877 3227 inane
1903 3186 2128 3226 nomen
2169 3177 2258 3226 est
2285 3164 2505 3246 pudor,

1212 3268 1439 3354 Magno
1475 3281 1609 3329 ruet
1639 3270 1831 3329 ventis
1858 3267 2130 3327 secundis
2155 3269 2390 3348 impetu

1211 3368 1370 3436 Mox
1398 3376 1466 3432 in
1497 3368 1868 3453 profundum
1893 3389 2084 3428 mersa
2119 3380 2247 3431 tota
2274 3371 2505 3432 civitas·

1049 3502 1198 3574 Sed
1242 3493 1428 3568 hanc
1476 3492 2026 3566 consolationem
2090 3496 2334 3566 multis
2382 3493 2803 3565 tristissimis
2848 3517 3008 3587 spe-

1047 3598 1342 3671 ctaculis
1387 3617 1865 3688 opponamus,
1924 3596 2114 3689 quod
2163 3608 2431 3666 certum
2478 3608 2581 3666 est
2619 3596 2842 3693 filium
2871 3595 3007 3667 Dei

1049 3699 1424 3772 dominum
1480 3709 1804 3767 nostrum
1864 3695 2092 3767 lesum
2133 3692 2533 3781 Christum,
2612 3690 2838 3794 λόγον
2877 3694 3007 3769 καὶ

1053 3794 1309 3875 εἰκόνα
1368 3793 1621 3873 ἀΐδιον
1687 3792 1938 3870 ἀϊδίου
2013 3794 2329 3892 πατρὸς,
2411 3821 2584 3868 voce
2630 3794 3004 3889 Evangelii
3045 3833 3048 3836 ‡

1051 3925 1329 3993 semper
1352 3915 1706 3972 aeternam
1733 3898 2116 3970 Ecclesiam
2148 3901 2510 3990 colligere,
2560 3901 2768 3970 etiam
2816 3903 3005 3972 inter

1044 4001 1429 4075 horribiles
1455 4000 1902 4072 confusiones
1928 4001 2200 4089 generis
2228 3996 2548 4073 humani.
2647 3999 2859 4071 Hunc
2887 4025 3006 4071 ar-

1046 4105 1383 4177 dentibus
1413 4103 1596 4173 votis
1621 4124 2022 4193 precemur,
2072 4115 2152 4173 ut
2200 4127 2330 4174 nos
2358 4103 2733 4193 gubernet,
2784 4116 2852 4172 et
2884 4104 3000 4171 in-

1044 4221 1159 4279 ter
1184 4227 1318 4276 nos
1350 4204 1631 4294 colligat
1661 4216 1728 4273 et
1751 4215 1976 4274 servet
1999 4199 2410 4286 Ecclesiam,
2462 4218 2532 4276 et
2565 4203 2642 4272 in
2677 4204 2998 4275 docendo

1041 4321 1114 4381 et
1141 4309 1478 4380 discendo
1515 4304 1808 4396 gloriam
1836 4301 1993 4387 Dei,
2040 4306 2403 4375 veritatem
2431 4319 2499 4377 et
2535 4305 2831 4375 salutem
2862 4328 3001 4374 no-

1037 4424 1256 4483 stram
1289 4423 1356 4481 et
1385 4409 1687 4478 aliorum
1718 4426 2170 4501 quaeramus,
2220 4428 2370 4474 non
2404 4420 2760 4498 captemus
2795 4428 3000 4475 auras

1038 4513 1417 4601 populares
1460 4504 1971 4602 sophismatum
2015 4506 2410 4596 praestigiis
2471 4519 2538 4577 et
2601 4502 2998 4598 sycophan-

1035 4610 1197 4680 tica.

1240 4720 1326 4792 In
1357 4715 1492 4790 hac
1517 4735 1748 4793 autem
1776 4721 2199 4812 cogitatione
2230 4721 2317 4790 de
2342 4711 2455 4789 his
2482 4721 2998 4810 praestantibus

1034 4823 1249 4909 viris,
1327 4823 1417 4890 de
1458 4818 1657 4892 Duce
1693 4819 1995 4892 Ernesto
2025 4835 2096 4890 et
2123 4816 2483 4906 Luthero,
2535 4821 2846 4890 iudicavi
2880 4848 2996 4894 me

1997 620 2313 698 naen.
2374 619 2527 696 ms
2587 616 3145 696 ERNEs‘ro
3209 615 3521 698 nucu
3593 571 4094 703 nnunsx‘r.

2371 1597 2582 1669 Nunc
2636 1611 2718 1668 ut
2765 1596 3014 1692 Ulysse

1045 1704 1487 1786 dormiente,
1535 1723 1694 1769 cum
1726 1699 1899 1768 socii
1924 1711 2155 1769 utrem
2197 1699 2275 1766 in
2309 1723 2519 1792 quem
2549 1696 2815 1769 Aeolus
2842 1720 3014 1768 ven-

1047 1820 1160 1878 tos
1204 1804 1625 1885 incluserat,
1675 1799 2041 1890 aperiunt,
2088 1811 2476 1890 eruperunt
2520 1799 2595 1867 in
2628 1798 3016 1870 contrarias

1051 1926 1215 1978 oras
1234 1959 1277 1989 „
1305 1899 1569 1971 Boreas
1611 1912 1680 1970 et
1705 1898 1967 1984 Notus,
2016 1896 2257 1970 Eurus
2286 1912 2356 1970 et
2390 1894 2756 1989 Argestes,
2803 1912 2873 1970 et
2896 1900 3014 1967 in-

1047 2021 1164 2078 ter
1206 2025 1353 2074 sese
1397 2014 1741 2072 certantes
1784 2023 1866 2069 ex
1907 1999 2054 2068 imo
2101 1999 2285 2070 mari
2325 2000 2719 2071 contrarios
2760 2000 3014 2071 fluctus

1048 2107 1468 2187 excitarunt,
1517 2102 1777 2194 quibus
1803 2111 2122 2192 quassata
2153 2100 2354 2170 navis
2382 2114 2617 2191 postea
2645 2102 2860 2171 fracta
2890 2112 3018 2184 est,

1046 2210 1153 2278 ita
1217 2203 1676 2275 scribentium
1731 2193 2043 2270 dissidiis
2107 2215 2475 2294 quassatur
2531 2215 2605 2273 et
2664 2202 3018 2272 laceratur

1054 2304 1397 2380 Ecclesia.
1499 2299 1597 2374 Et
1638 2302 1957 2395 quotidie
1998 2303 2245 2373 crescit
2293 2303 2557 2387 rabies,
2622 2325 2762 2395 qua
2808 2325 2890 2370 ex
2939 2324 3014 2369 re

1054 2408 1230 2502 quid
1273 2405 1470 2475 aliud
1510 2401 1917 2473 ratiocinari
1959 2405 2362 2493 possumus,
2425 2426 2641 2496 quam
2689 2404 2881 2496 quod
2937 2402 3014 2469 in

3109 795 3265 864 dest
3290 792 3589 885 posteris
3612 791 3763 864 eius
3789 788 4164 866 historiam
4191 801 4471 870 tradere
4515 802 4796 892 plenam
4843 797 5075 874 hone-

3106 893 3576 965 stissimorum
3655 897 4160 987 exemplorum.
4298 900 4622 972 Primum
4687 917 4919 974 autem
4987 905 5079 974 de

3106 995 3258 1064 eius
3300 995 3526 1086 patria
3568 993 3822 1065 dicam.
3919 994 4083 1067 Non
4130 1000 4430 1069 dubium
4476 1016 4579 1073 est
4640 1003 4718 1072 in
4761 1018 5072 1075 veterum

3107 1096 3704 1187 descriptionibus
3751 1097 3843 1165 ab
3888 1093 4094 1168 Albis
4143 1099 4351 1169 initio
4382 1098 4927 1174 Hermunduros
4969 1118 5079 1173 te·

3109 1196 3348 1265 nuisse
3378 1219 3706 1286 magnam
3747 1209 4015 1287 partem
4035 1246 4058 1279 ,
4106 1222 4285 1291 quae
4317 1223 4510 1271 nunc
4543 1201 4920 1296 Mysorum
4955 1218 5086 1287 est,

3110 1296 3367 1367 deinde
3409 1298 3500 1366 ad
3556 1293 3801 1366 Albim
3855 1319 4008 1366 eam
4050 1300 4452 1387 regionem,
4515 1284 4696 1394 quae
4740 1327 4938 1374 nunc
4979 1317 5084 1374 est

3109 1410 3313 1467 vetus
3341 1391 3670 1467 Marcbia
3699 1396 4022 1471 Senones
4072 1400 4310 1471 fuisse.

3315 1545 3486 1621 Post
3529 1546 3848 1619 Senones
3894 1547 4077 1619 circa
4139 1552 4388 1622 urbem
4458 1551 4834 1646 inclytam,
4863 1544 5084 1648 'quae

3113 1672 3306 1719 nunc
3345 1646 3929 1739 Brunsvigaoest,
3975 1651 4267 1723 fuerunt
4311 1648 4637 1723 Bructeri
4683 1657 4770 1724 ad
4818 1652 5077 1727 Harci-

3120 1750 3314 1819 niam
3343 1772 3607 1842 usque,
3658 1762 3818 1841 post
3843 1748 4230 1822 Bructeros
4263 1752 4448 1824 inter
4467 1749 4703 1824 Albim
4740 1769 4807 1825 et
4825 1754 5079 1827 Visur-

3120 1851 3266 1941 gim
3298 1847 3569 1943 Caycos
3601 1850 3815 1920 fuisse
3851 1846 4036 1926 nihil
4057 1853 4360 1923 dubium
4393 1867 4527 1937 est,
4576 1856 4698 1949 qui
4733 1881 4891 1925 cum
4917 1859 5078 1927 fue-

3115 1952 3267 2021 rint
3316 1950 3392 2018 in
3435 1948 3646 2037 Asia,
3710 1953 3801 2020 ab
3844 1947 4165 2024 Homero
4207 1955 4537 2025 celebrati
4579 1971 4763 2028 sunt.
4870 1957 5080 2029 Unde

3117 2050 3501 2143 progressi,
3552 2065 3633 2123 ut
3679 2051 3860 2121 aliae
3907 2067 4152 2142 gentes
4195 2056 4462 2126 multae
4502 2055 4689 2127 inter
4721 2054 4962 2128 Albim
5008 2072 5077 2129 et

3122 2151 3481 2243 Visurgim
3513 2154 4006 2226 consederunt.
4107 2151 4302 2224 Haec
4327 2180 4448 2225 ora
4484 2180 4674 2228 nunc
4702 2158 4890 2246 regio
4922 2156 5076 2228 Lu-

3116 2253 3578 2342 neburgensis
3603 2254 3885 2328 dicitur.
3931 2251 4209 2326 Ducum
4237 2281 4404 2326 vero
4434 2258 5071 2329 Brunsvicensium

3118 2366 3188 2426 et
3227 2351 3893 2444 Luneburgensium
3935 2353 4145 2448 stirps
4188 2369 4292 2427 est
4334 2360 4617 2439 eadem,
4666 2373 4821 2429 orta
4873 2385 4913 2428 a
4959 2359 5073 2429 fa-

3116 2453 3314 2523 milia
3351 2451 3665 2525 Guelfica
3690 2510 3711 2541 ,
3757 2455 3958 2526 cuius
3988 2469 4090 2526 est
4124 2459 4299 2527 adeo
4328 2471 4599 2529 vetusta
4628 2460 4966 2528 nobilitas
4994 2461 5076 2528 in

3119 2551 3547 2640 Germania,
3623 2570 3703 2627 ut
3768 2556 4173 2627 Ludovicus
4234 2555 4447 2643 Pius,
4515 2557 4756 2630 Caroli
4826 2557 5079 2649 Magni

3072 2649 3075 2727 ,J
3116 2656 3340 2739 filius,
3404 2679 3694 2725 uxorem
3744 2681 3827 2727 ex
3875 2679 3957 2729 ea
3997 2658 4264 2727 familia
4315 2661 4629 2743 duxerit,
4702 2671 4771 2728 et
4817 2683 5079 2730 monu-

3120 2769 3351 2826 menta
3375 2757 3465 2824 ab
3492 2780 3574 2825 eo
3594 2768 3910 2847 tempore
3931 2771 4098 2828 sunt
4122 2784 4268 2829 non
4298 2760 4538 2849 procul
4563 2761 4653 2831 ab
4668 2755 4976 2852 Alpibus
4999 2761 5079 2831 in

3117 2857 3383 2948 templo
3419 2856 3947 2948 Wingartensi.
4050 2855 4288 2932 Dedit
4315 2861 4503 2930 enim
4546 2855 4927 2932 Lotharius
4966 2884 5080 2932 sa-

3117 2957 3317 3047 piens
3369 2956 3758 3048 Imperator
3813 2958 4069 3042 filiam,
4145 2985 4358 3053 quam
4418 2956 4725 3032 habebat
4786 2962 5073 3033 unicam

3060 3061 3076 3071 ”
3114 3056 3426 3128 Henrico
3477 3055 3739 3129 Guelfo
3799 3057 3986 3129 Duci
4024 3057 4402 3145 Bavariae,
4470 3076 4539 3132 et
4583 3062 4903 3132 attribuit
4948 3084 5074 3153 ge-

3111 3182 3286 3248 nero
3313 3156 3663 3230 Ducatum
3699 3159 4069 3234 Saxoniae.
4159 3158 4298 3232 ’Ex
4343 3158 4459 3231 his
4503 3164 4893 3235 maioribus
4935 3188 5075 3234 no-

3002 3257 3007 3261 ’
3069 3282 3071 3287 ’
3113 3258 3514 3344 bilissimis,
3596 3258 3859 3331 Guell'o
3904 3275 3973 3333 et
4026 3261 4170 3332 filia
4215 3260 4540 3335 Lotharii
4588 3263 5080 3357 Imperatoris,

3110 3373 3269 3431 orta
3302 3373 3406 3432 est
3431 3361 3699 3432 familia
3732 3361 4019 3434 Ducum
4049 3363 4679 3438 Brunsvicensium
4729 3378 4797 3436 et
4826 3364 5074 3436 Lune-

3108 3462 3594 3553 burgensium.
3699 3460 3847 3534 Nec
3893 3489 4057 3536 vero
4108 3460 4323 3537 buius
4351 3481 4455 3541 est
4482 3466 4814 3558 temporis
4844 3459 5074 3537 histo·

3106 3563 3247 3632 rias
3294 3557 3556 3632 horum
3605 3563 4017 3654 Principum
4073 3566 4426 3655 longiores
4467 3565 4585 3638 bic
4631 3569 4962 3654 recitare,
5002 3582 5075 3640 et

3107 3665 3467 3756 quomodo
3532 3664 3870 3754 paulatim
3928 3659 4322 3734 haereditas
4375 3669 4597 3737 divisa
4659 3671 4776 3745 sit.
4876 3667 5073 3741 Illud

3102 3762 3662 3855 praeterire‘non
3699 3783 4013 3852 possum,
4068 3764 4159 3831 ab
4189 3763 4331 3833 illis
4357 3762 4682 3834 Lotbarii
4713 3792 5072 3841 successo-

3103 3865 3302 3935 ribus
3337 3884 3596 3953 genero
3628 3876 3697 3935 et
3724 3862 3871 3932 filio
3902 3861 4087 3932 filiae
4120 3886 4232 3933 res
4259 3859 4786 3935 honestissimas
4818 3881 4886 3947 et
4919 3871 5066 3938 uti-

3103 3967 3206 4035 les
3234 3966 3476 4054 generi
3507 3959 3819 4036 humano
3849 3974 4070 4054 gestas
4098 3987 4266 4040 esse.
4366 3963 4651 4057 Magnis
4693 3969 4883 4037 enim
4911 3969 5069 4040 bel-

3100 4067 3192 4137 lis
3243 4081 3730 4157 represserunt
3771 4066 4078 4153 vicinos,
4129 4067 4256 4161 qui
4301 4070 4625 4140 nondum
4657 4086 5067 4160 receperant

3102 4167 3500 4239 doctrinam
3529 4164 3922 4254 Ecclesiae,
3973 4181 4041 4239 et
4083 4167 4374 4240 domitis
4416 4170 4808 4243 doctrinam
4838 4171 5064 4243 tradi-

3101 4270 3382 4344 derunt.
3437 4335 3442 4339 .

3302 4416 3507 4488 Talia
3545 4414 3960 4511 Principum
4002 4418 4295 4490 consilia
4347 4433 4416 4491 et
4445 4421 4626 4493 facta
4675 4445 4837 4493 cum
4883 4423 5068 4514 legi-

3098 4542 3296 4605 mus,
3361 4541 3817 4609 agnoscamus
3859 4518 3995 4590 Dei
4052 4520 4470 4593 beneficium
4528 4521 4782 4610 fuisse,
4865 4527 5063 4619 quod

3100 4623 3273 4692 tales
3295 4619 3663 4710 Principes
3691 4618 4116 4692 Germaniae
4158 4624 4379 4694 dedit.
4481 4620 4806 4715 Ipsorum
4846 4627 5062 4696 etiam

3099 4723 3432 4794 virtutem
3463 4722 3868 4806 laudemus,
3914 4722 4039 4815 qui
4070 4746 4201 4815 pro
4240 4724 4393 4816 lege
4420 4737 4490 4795 et
4518 4748 4649 4816 pro
4687 4747 4928 4816 grege,
4977 4727 5060 4796 id

3100 4836 3240 4909 est,
3278 4837 3359 4892 ut
3401 4822 3492 4890 ad
3518 4819 3652 4892 Dei
3696 4823 4132 4913 agnitionem
4178 4822 4436 4896 multos
4463 4820 4787 4895 homines
4820 4828 5057 4899 addu-

1031 4937 1218 4995 recte
1258 4925 1607 4994 facturum
1665 4944 1849 5001 esse,
1913 4921 1976 4990 si
2023 4916 2241 4991 Ducis
2280 4917 2567 4994 Ernesti
2623 4916 2991 4994 historiam
3095 4936 3370 5009 cerent,
3424 4935 3491 4993 et
3517 4924 3879 4996 munirent
3908 4948 4149 5016 pacem
4182 4926 4547 5016 religione,
4596 4928 4893 5018 legibus,
4944 4931 5062 5002 iu-

1027 5025 1439 5109 recitarem,
1488 5046 1636 5093 non
1682 5046 1766 5092 eo
1809 5033 2118 5107 tautum,
2168 5026 2335 5117 quia
2382 5026 2533 5116 ipse
2562 5023 2898 5116 privatim
2926 5027 2991 5096 ei
3094 5025 3341 5110 diciis,
3391 5023 3801 5117 disciplina,
3843 5026 4028 5096 bella
4057 5040 4451 5115 gesserunt,
4502 5041 4571 5099 et
4605 5052 5052 5100 communem

978 5174 982 5178 -
1027 5127 1533 5218 gratitudinem
1569 5125 1830 5209 debeo,
1876 5148 2034 5197 cum
2067 5126 2283 5199 fuerit
2311 5150 2510 5199 meae
2537 5125 2806 5219 patriae
2839 5123 2990 5198 Do-
3089 5126 3455 5218 religionis
3483 5139 3552 5197 et
3569 5123 3998 5198 Germaniae
4030 5127 4608 5201 coniunctionem
4633 5131 4840 5202 tutati
4858 5142 5049 5213 sunt,

1014 5228 1292 5311 minus,
1342 5243 1411 5298 et
1454 5229 1740 5321 quidem
1786 5227 2131 5318 singulari
2190 5228 2688 5300 benevolentia
2745 5251 2983 5300 meum
3063 5253 3236 5300 anon
3268 5229 3744 5299 dilacerarunt
3776 5229 4073 5320 privatis
4099 5229 4636 5320 cupiditatibus.

4733 5229 4874 5300 Sed
4920 5252 5051 5298 ve—

1013 5342 1284 5424 patrem
1328 5328 1729 5416 complexus
1770 5331 2025 5411 fuerit,
2089 5329 2210 5396 sed
2275 5330 2488 5401 etiam
2552 5331 2720 5425 quia
2773 5331 2982 5402 nobis
3087 5345 3316 5403 terum
3346 5325 3711 5417 historias,
3761 5330 3890 5400 etsi
3938 5332 4161 5402 multa
4191 5326 4488 5404 honesta
4532 5328 4844 5420 exempla
4873 5352 5052 5400 con-

1007 5431 1345 5503 omnibus
1376 5428 1607 5497 danda
1646 5441 1749 5498 est
1785 5449 2036 5517 opera,
2086 5440 2167 5498 ut
2209 5428 2384 5499 sciat
2436 5430 2805 5518 posteritas
2847 5432 2982 5502 do·

1000 5535 1305 5607 ctrinam
1383 5526 1860 5601 Ecclesiarum
1929 5540 2334 5598 nostrarum
2403 5544 2751 5620 receptam
2829 5554 2978 5601 esse

997 5635 1431 5726 gravissimis
1484 5629 1769 5701 iudiciis
1812 5627 2207 5719 sapientum
2272 5641 2339 5699 ct
2369 5628 2728 5699 bonorum
2757 5630 2972 5700 Prin-

993 5738 1271 5832 cipum,
1321 5735 1510 5810 inter
1551 5754 1730 5830 quos
1758 5753 1920 5804 cum
1958 5727 2173 5803 fuerit
2188 5727 2349 5801 Dux
2379 5724 2751 5818 Ernestus,
2797 5754 2970 5823 pro-

3082 5432 3349 5514 tinent,
3414 5433 3686 5502 omitto.
3785 5429 3927 5502 Hic
3952 5427 4294 5504 Ernestus
4320 5431 4482 5506 Dux
4509 5429 5049 5504 Brunsvicensis

3080 5545 3148 5603 et
3172 5530 3751 5622 Luneburgensis
3777 5548 3987 5623 natus
4016 5550 4122 5607 est
4153 5559 4235 5605 ex
4265 5549 4460 5627 patre
4483 5529 4684 5605 Duce
4722 5528 5046 5604 Henrico

3078 5644 3149 5702 et
3204 5645 3429 5702 matre
3488 5632 3634 5704 filia
3679 5630 3968 5707 Ernesti
4012 5634 4228 5708 Ducis
4270 5634 4616 5710 Saxoniae
4659 5628 5049 5710 Electoris.

3077 5730 3166 5802 ln
3206 5744 3403 5823 patre
3447 5734 3792 5805 excellens
3835 5736 4201 5829 ingenium
4242 5737 4380 5811 fuit
4401 5791 4427 5826 ,
4467 5749 4551 5810 ut
4592 5735 4805 5807 multi
4829 5731 5050 5808 Prin-
