6025 6775
941 680 945 684 ,
982 611 1132 697 71‘2

2521 1380 3538 1477 ffunoNtcom

990 1681 1368 1783 Legerunt
1394 1682 1724 1756 historias
1774 1682 2109 1755 omnibus
2153 1683 2499 1755 aetatibus
2542 1686 2753 1756 etiam
2780 1679 2968 1802 Eth-

993 1797 1176 1883 nici‚
1221 1809 1289 1866 et
1327 1791 1490 1884 quia
1527 1785 1837 1875 cognitio
1883 1810 2012 1878 per
2053 1808 2197 1855 sese
2244 1787 2627 1897 expetitor,
2687 1799 2757 1856 et
2802 1810 2966 1878 quta

992 1898 1072 1965 in
1115 1893 1449 1985 exemplis
1481 1888 1906 1979 multiplices
1947 1888 2655 1956 commonefactiones
2700 1910 2964 1977 propo-

925 1981 928 1985 *
992 2012 1302 2079 nuntur,
1348 2007 1503 2064 tum
1544 1991 1632 2058 de
1658 1988 1968 2082 privatae
2000 1987 2186 2058 vitae
2219 1988 2507 2073 officiis,
2558 2001 2627 2088 et
2671 1991 2757 2057 de
2801 2011 2967 2056 cau-

995 2104 1091 2172 sis
1155 2095 1670 2175 calamitatum,
1735 2101 1887 2159 tum
1931 2111 2099 2159 vero
2149 2089 2240 2158 de
2285 2089 2599 2159 consiliis
2643 2089 2968 2181 publicae

993 2194 1589 2296 gubernationis„
1610 2205 1678 2260 et
1707 2191 1796 2260 de
1826 2191 2052 2260 causis
2090 2192 2473 2260 multarum
2509 2185 2966 2259 horribilium

990 2301 1463 2376 mutationum
1502 2294 1580 2361 in
1626 2292 1979 2382 imperiis,
2055 2291 2233 2362 sicut
2292 2292 2700 2380 gravissime
2750 2290 2966 2382 Poly-

994 2407 1158 2478 bius
1211 2398 1486 2492 inquit:
1566 2391 1924 2462 Historiae
1981 2392 2456 2481 cognitionem
2497 2416 2643 2461 esse
2686 2391 2969 2459 verissi-

992 2528 1184 2578 mam
1213 2497 1732 2571 institutionem
1772 2507 1839 2563 et
1867 2492 2473 2583 praeparationem
2520 2496 2610 2563 ad
2657 2493 2966 2562 actiones

995 2584 1354 2702 politicas,
1401 2610 1471 2668 et
1508 2597 1854 2666 illustrem
1899 2594 2312 2683 magistram·
2350 2594 2437 2663 ad
2480 2593 2969 2684 perferrendas

991 2714 1320 2784 fortunae
1348 2700 1557 2769 vices.
1659 2691 1818 2767 Etsi
1846 2707 2078 2765 autem
2111 2697 2197 2770 de
2229 2693 2511 2788 Polyhii
2556 2696 2744 2765 dicto
2776 2718 2968 2765 nunc

990 2833 1145 2880 non
1174 2806 1490 2895 disputo:
1541 2812 1777 2869 tamen
1808 2796 2258 2864 manifestum
2287 2809 2412 2875 est,
2455 2798 2768 2887 exempla
2798 2822 2991 2867 con·

990 2911 1312 2983 siliorum
1366 2904 1445 2969 in
1503 2896 2015 2992 gubernatione
2064 2896 2366 2966 multum
2406 2900 2757 2987 prodesse.
2874 2895 2973 2969 Ut

989 3013 1163 3085 urbs
1190 3004 1426 3079 Roma
1465 2998 1876 3095 praecipuas
1920 2998 2141 3088 leges,
2192 3012 2262 3068 et
2304 2998 2734 3084 iudiciorum
2774 2998 2972 3067 ordi-

989 3137 1155 3185 nem
1186 3103 1452 3196 accepit
1485 3126 1525 3173 a
1560 3101 1839 3171 civitate
1870 3095 2125 3171 Attica.
2228 3097 2453 3190 Saepe
2482 3101 2690 3172 etiam
2727 3101 2970 3189 singu-

987 3214 1169 3286 laria
1218 3206 1534 3296 exempla
1579 3202 1774 3273 illius
1819 3199 2285 3292 Reipublicae
2347 3201 2621 3272 imitata
2670 3214 2805 3285 est,
2886 3213 2967 3272 ut

992 3339 1154 3389 cum
1220 3329 1595 3382 usurarum
1665 3304 2079 3392 magnitudo
2146 3302 2475 3394 praebuit
2528 3304 2964 3373 occasionem

991 3411 1498 3490 seditionibus,
1549 3407 1924 3476 consilium
1957 3405 2244 3477 Solonis
2280 3417 2516 3473 secuta
2551 3418 2653 3474 est
2689 3407 2778 3475 de
2826 3425 2969 3476 σει-

995 3506 1357 3609 σαχθεία,
1406 3524 1474 3581 et
1498 3492 1767 3596 redegit
1809 3529 2056 3577 usuras
2104 3508 2191 3577 ad
2237 3505 2672 3580 centesimas.
2789 3505 2968 3576 Item

994 3642 1155 3692 eum
1205 3612 1571 3682 interfecto
1613 3606 1844 3692 lulio,
1902 3608 2139 3678 sanxit
2172 3606 2474 3679 Senatus
2522 3601 2966 3702 ἀμνηστίαν,

991 3734 1076 3792 ut
1115 3719 1375 3787 fecerat
1406 3705 1709 3782 Athenis
1735 3703 2253 3802 Thrasybulus.
2353 3704 2450 3778 Et
2489 3723 2570 3778 ut
2598 3708 2968 3806 Lysander

991 3821 1072 3891 in
1090 3814 1388 3888 Graecia
1414 3810 1780 3883 constituit
1804 3803 2262 3909 ὀλιγαρχίαν,
2305 3831 2384 3878 ac
2414 3809 2678 3901 populo
2705 3811 2968 3880 ademit
3015 3839 3017 3841 >

993 3939 1340 3993 summam
1388 3914 1869 3997 autoritatem,
1933 3929 2003 3983 et
2047 3911 2349 3981 removit
2394 3907 2777 3996 Oratores,
2830 3911 2967 4004 qui

991 4004 1340 4118 populum
1373 4014 1849 4087 concitabant:
1904 4013 2003 4082 sic
2033 4008 2307 4084 Romae
2334 4011 2533 4107 Sylla
2570 4011 2967 4082 debilitavit

989 4120 1439 4203 tribunitiam
1479 4127 1911 4210 potestatem.
2025 4112 2275 4185 Postea
2322 4111 2685 4205 Augustus
2734 4126 2963 4184 totum

992 4208 1106 4298 ius
1168 4219 1588 4295 tribunitiae
1648 4216 2010 4309 potestatis
2054 4217 2145 4285 ad
2194 4239 2268 4284 se
2310 4238 2535 4285 unum
2580 4214 2964 4294 transtulit,

989 4329 1155 4424 quia
1185 4321 1586 4418 saepissime
1613 4318 1903 4389 fuerunt
1924 4315 2237 4386 Tribuni
2271 4317 2477 4385 tubae
2512 4319 2962 4389 seditionum.

982 4407 1159 4502 ’Ideo
1201 4441 1436 4500 autem
1469 4419 1831 4509 Augustus
1861 4417 1950 4487 ad
1993 4439 2140 4511 sese
2183 4417 2580 4502 transtulit,
2629 4431 2708 4487 ut
2751 4417 2964 4485 etiam

992 4554 1152 4603 cum
1181 4553 1329 4598 non
1365 4538 1512 4595 erat
1541 4521 1846 4605 Consul,
1887 4519 1996 4589 ius
2026 4518 2359 4603 retineret
2388 4517 2823 4587 convocandi
2854 4538 2965 4584 se-

993 4644 1238 4712 natus,
1289 4617 1478 4719 quod
1513 4620 1856 4692 habuerat
1890 4633 2195 4711 potestas
2222 4616 2617 4690 tribunitia.
2709 4613 2808 4686 Et
2846 4639 2962 4684 re-

991 4729 1194 4822 gulae
1237 4728 1397 4795 illae
1439 4723 1736 4793 tutiores
1768 4734 1964 4791 sunt:
2015 4717 2152 4792 οὐκ
2188 4716 2493 4815 ἄγαθον
2523 4721 2964 4815 πολυκοιρα-
3020 4786 3023 4793 ,

988 4825 1136 4925 νίη.
1240 4825 1418 4898 Item
1436 4876 1459 4909 ,
1518 4818 2028 4913 sapientissime
2075 4819 2496 4889 constitutus
2540 4831 2645 4889 est
2685 4830 2993 4888 senatus·

986 4929 1394 5006 Electorum
1425 4925 1502 4995 in
1520 4920 1946 5006 Germania,
1999 4921 2123 5014 qui
2154 4920 2294 4989 iam
2325 4919 2532 4991 annis
2560 4918 2963 5013 quingentis

989 5054 1249 5106 nervus
1276 5028 1413 5101 fuit
1441 5023 1855 5098 Germanici
1885 5022 2185 5115 imperii.
2299 5019 2460 5095 Etsi
2492 5034 2727 5094 autem
2760 5033 2963 5091 auto-

987 5158 1099 5207 res
1126 5128 1344 5202 huius
1365 5128 1643 5198 consilii
1656 5126 1853 5199 Deus
1884 5124 2223 5216 singulari
2241 5126 2455 5195 modo
2481 5123 2690 5196 rexit:
2723 5135 2963 5193 tamen

989 5234 1306 5325 exempla
1331 5228 1570 5321 aliqua
1600 5228 2078 5298 considerasse
2106 5239 2801 5297 eos‘consentaneum
2837 5235 2962 5341 est.

984 5333 1083 5410 Et
1110 5357 1290 5427 pene
1314 5329 1618 5400 similem
1644 5339 2062 5415 potestatem
2089 5326 2167 5394 in
2194 5324 2718 5397 Lacedaemone
2747 5347 2962 5418 qum-

983 5463 1124 5533 que
1139 5424 1418 5527 Ephori
1449 5423 1878 5512 habuerunt,
1926 5441 2050 5498 aut
2077 5424 2284 5496 initio
2316 5438 2578 5517 septem
2594 5424 2961 5517 Principes

984 5543 1064 5611 in
1091 5534 1407 5609 Perside.
2763 5582 2766 5586 .
2897 5627 2916 5645 ⁶

1185 5635 1333 5708 Nec
1362 5644 1636 5720 tantum
1680 5627 1770 5699 ad
1802 5627 2272 5700 imitationem
2322 5628 2678 5699 honorum
2724 5649 2958 5699 const-

994 5739 1262 5810 liorum
1307 5736 1597 5828 prodest
1641 5726 1973 5818 historia,
2020 5745 2112 5825 ,ut
2158 5730 2463 5802 imitatio
2502 5743 2951 5821 strategema-

3070 1695 3265 1765 tum,
3312 1685 3431 1754 sed
3469 1686 3693 1757 multo
3724 1686 4082 1777 magis‘ad
4128 1661 4756 1779 praemonitionem
4804 1701 4881 1770 in
4926 1728 5048 1775 ca-

3071 1783 3319 1852 vendis
3353 1787 3580 1857 causis
3623 1782 4082 1859 horribilium
4133 1791 4602 1866 mutationum
4650 1814 4720 1871 et
4757 1804 5050 1873 calami-

3026 1938 3027 1944 ,
3068 1894 3332 1969 tatum,
3382 1909 3543 1957 cum
3573 1890 3812 1978 regula
3842 1890 4268 1960 universalis
4296 1893 4420 1963 sit:
4473 1892 4762 1971 Atrocia
4795 1905 5054 1976 delicta

3072 1985 3470 2075 puniuntur
3501 1991 3855 2060 atrocibus
3883 1992 4132 2081 poenis
4164 1993 4242 2061 in
4273 1988 4409 2064 hac
4436 1996 4602 2072 vita.
4713 1999 5054 2077 Recitant

3069 2081 3404 2158 historiae
3438 2092 3760 2160 omnium
3807 2105 4206 2183 temporum
4251 2098 4613 2189 exempla,
4674 2104 4761 2172 de
4803 2110 5053 2195 poenis

3026 2184 3703 2278 blasphemiarum,
3768 2195 4287 2284 periuriorum,
4352 2203 4768 2291 tyrannicae
4800 2210 5053 2277 crude-

3026 2286 3330 2373 litatis,
3404 2294 3872 2379 seditionum,
3938 2296 4446 2385 flagitiosarum
4493 2302 4915 2392 libidinum,
4982 2323 5055 2380 et

3069 2390 3521 2478 rapinarum,
3566 2419 3773 2487 ,quae
3832 2420 4096 2487 poenae
4147 2400 4542 2471 testimonia
4585 2421 4754 2477 sunt
4806 2409 5055 2501 provi?

3026 2559 3027 2562 ,
3070 2483 3352 2561 dentiae
3417 2508 3487 2563 et
3547 2496 3794 2565 iudicii
3850 2497 4154 2584 divini,
4193 2511 4264 2570 et
4304 2495 4558 2572 harum
4601 2507 5052 2597 regularum:

3015 2633 3027 2688 f
3069 2588 3233 2661 Non
3265 2587 3557 2665 habebit
3575 2593 3768 2666 Deus
3799 2599 4173 2685 insontem,
4204 2601 4600 2700 quicunque
4623 2631 4801 2680 vane
4831 2634 5055 2700 usur-7

3074 2706 3193 2784 pat
3236 2718 3493 2765 nomen
3539 2697 3712 2772 eius.
3830 2696 4039 2769 Item:
4122 2700 4272 2791 Qui
4320 2704 4629 2794 gladium
4678 2711 5054 2802 acceperit,

3070 2795 3304 2882 gladio
3339 2798 3619 2887 peribit.
3726 2795 3899 2868 Item
3936 2801 4023 2869 de
4055 2802 4520 2876 libidinibus:
4583 2804 4842 2879 Omnis
4887 2813 5055 2882 ani-

3071 2919 3226 2979 ma,
3306 2922 3484 2990 quae
3522 2900 3766 2970 fecerit
3806 2901 4373 2974 abominationes
4435 2902 4598 2994 has,
4673 2911 5053 2984 delebitur.

3073 2993 3282 3066 Item:
3340 2995 3497 3069 Veh
3530 3002 3649 3094 qui
3680 3002 3961 3094 spolias,
3992 3003 4157 3096 quia
4189 3006 4633 3095 spoliaberis.
4692 3005 4784 3083 Et
4816 3028 5050 3104 potest

3075 3122 3204 3168 ceu
3250 3123 3623 3171 commune
3671 3118 4158 3192 argumentum
4204 3107 4503 3181 inscribi
4553 3112 4882 3184 omnibus
4928 3112 5054 3185 hi-

3073 3199 3339 3269 storiis:
3393 3199 3658 3275 Discite
3693 3205 4041 3276 iusticiam
4084 3209 4375 3294 moniti,
4432 3222 4498 3281 et
4546 3236 4696 3285 non
4736 3230 5054 3295 temnere

3073 3297 3318 3376 Divos.
4687 3320 4705 3341 “

3278 3450 3677 3547 Deindede
3710 3462 3952 3532 multis
3984 3465 4451 3552 peculiaribus
4483 3471 4795 3558 negociis
4822 3467 5051 3547 histo-'-

3070 3556 3178 3625 ria
3211 3569 3474 3630 monet.
3554 3556 3778 3652 Saepe
3807 3565 4096 3634 fuerunt
4125 3565 4434 3639 infelicia
4465 3570 4791 3655 foedera,
4843 3600 5053 3667 prae-

3071 3657 3313 3727 sertim
3349 3657 3753 3745 dissimilia,
3819 3677 3889 3733 et
3935 3666 4098 3757 quia
4146 3667 4402 3738 fiducia
4442 3674 4895 3764 propriarum
4942 3679 5055 3749 vi-

3070 3758 3258 3828 rium
3286 3771 3390 3827 est
3415 3758 3730 3830 insolens
3755 3775 3823 3831 et
3849 3763 4119 3834 infelix.
4205 3765 4414 3838 Unde
4443 3775 4800 3864 sequitur,
4851 3783 5052 3871 quod
5111 3779 5115 3782 ’

3071 3859 3339 3928 dictum
3391 3873 3494 3928 est
3551 3883 3592 3929 a
3640 3857 4094 3953 Theognide:
4172 3863 4395 3964 ὕβρις
4448 3870 4577 3944 καὶ
4627 3872 5050 3976 Μάγνητας

3069 3952 3434 4049 ἀπώλεσε,
3478 3955 3604 4031 καὶ
3634 3966 4076 4059 Κολοφῶνα.
4179 3966 4276 4039 Et
4318 3976 4586 4047 accedit
4633 3972 4803 4065 hoc,
4850 3983 5053 4074 quod

2978 4110 2998 4132 .
3069 4083 3314 4130 causae
3346 4062 3723 4132 dissimiles
3766 4081 3973 4151 sunt,
4025 4069 4153 4138 ubi
4198 4074 4405 4145 multi
4455 4076 4825 4150 dissimiles
4868 4105 5053 4152 con·
5107 4108 5114 4112 ·

3068 4161 3294 4232 iuncti
3337 4175 3525 4232 sunt.
3628 4161 3762 4251 Ut,
3821 4163 4372 4246 Atheniensium
4419 4191 4485 4246 et
4530 4174 5049 4268 Corcyreorum

3065 4265 3317 4334 foedus
3364 4264 3684 4357 utrisque
3727 4267 4006 4338 exitiale
4049 4272 4221 4359 fuit,
4286 4287 4439 4345 cum
4482 4271 4697 4343 Attici
4745 4292 5051 4369 propter

3010 4390 3011 4393 ¹
3068 4365 3643 4434 coniunctionem
3691 4391 3850 4437 cum
3892 4366 4290 4467 CorcyreiS,
4358 4395 4564 4465 quam
4603 4373 4921 4449 fecerant
4961 4383 5054 4471 in

3068 4488 3274 4536 causa
3311 4465 3567 4552 dubia,
3616 4469 4003 4542 movissent
4046 4475 4305 4544 bellum
4337 4470 5053 4566 Peloponnesiacum.

3069 4564 3247 4634 Item
3274 4578 3514 4657 postea
3544 4585 3831 4659 propter
3870 4573 4114 4643 foedus
4145 4597 4303 4642 cum
4336 4570 4824 4650 Phocensibus
4856 4586 5055 4654 sedi-

3068 4665 3265 4737 tiosis
3295 4679 3733 4740 attraxerunt
3760 4695 3990 4762 regem
4020 4671 4587 4748 Macedonicum.
4676 4677 4774 4751 Et
4802 4686 5055 4773 regula

3068 4780 3174 4839 est
3230 4768 3319 4836 de
3374 4767 3848 4863 dissimilibus·
3874 4773 4275 4847 foederibus
4320 4781 4507 4870 apud
4549 4777 5058 4876 Thucydidem

3061 4857 3255 4941 'libro
3286 4868 3527 4940 tertio:
3571 4861 3696 4946 Ἐν
3724 4878 3835 4970 τῷ
3876 4868 4388 4952 &cazzanum
4427 4887 4732 4979 γνωμῆς
4772 4880 5055 4986 διαφο-

3065 4965 3192 5068 ραὶ
3246 4967 3488 5067 ἔργων
3540 4968 4082 5062 καθίστανται,
4158 4980 4233 5049 id
4296 4995 4433 5052 est:
4513 4979 5053 5061 Dissidentibus

3066 5072 3527 5165 opinionibus
3558 5089 3628 5148 et
3659 5076 4149 5150 voluntatibus
4177 5082 4357 5153 fiunt
4384 5083 4664 5157 diversa
4695 5111 4924 5180 opera.

3262 5212 3489 5292 Docet
3519 5221 3726 5310 item,
3776 5238 4053 5300 tantum
4086 5232 4475 5304 necessaria
4517 5236 4831 5309 facienda
4871 5263 5054 5330 esse,

3063 5347 3191 5393 nec
3217 5324 3605 5393 movendas
3651 5347 3800 5396 esse
3836 5351 3949 5398 res
3993 5354 4142 5400 non
4189 5337 4609 5409 necessarias
4653 5341 4865 5412 stulta
4909 5368 5053 5418 πο-

3061 5412 3686 5521 λυπραγμοσύνῃ,
3734 5452 3916 5522 quae
3950 5433 4181 5503 varias
4210 5427 4424 5507 habet
4452 5462 4709 5516 causas.
4814 5442 5054 5516 Inter-

3060 5527 3233 5595 dum
3289 5522 3669 5597 aemulatio
3724 5529 4043 5604 incendit
4097 5535 4410 5624 animos,
4474 5555 4590 5627 ut,
4654 5541 4933 5617 Marius
4981 5563 5055 5621 et

3058 5623 3437 5715 Pompeius
3503 5625 3689 5700 bella
3758 5631 3996 5704 civilia
4062 5652 4442 5709 moverunt
4501 5645 4880 5738 praecipue
4966 5674 5052 5720 ex

3059 5726 3552 5801 aemulatione.
3658 5730 4027 5806 Interdum
4067 5737 4338 5827 ingenii
4386 5745 4782 5832 pertinacia
4824 5762 5052 5823 attra-
