6025 6775
557 750 634 828 045
1006 745 1009 750 ’
1121 740 1149 816 1.
1194 733 1486 815 CHRONICON
1516 728 1765 811 CARlONlS.
1814 733 1941 812 PARS
1965 736 2018 814 11..
2491 746 2567 822 946

562 918 617 992 Ex
638 920 767 1011 praeda
790 911 967 999 hostium,
990 935 1064 983 non
1087 934 1128 979 ex
1149 910 1311 1028 lacrymis
1336 904 1539 1000 provincia·
1587 903 1653 972 sub
1679 903 1742 971 tali
1772 919 1935 994 portento
1968 909 2121 982 militare
2149 914 2275 989 noluit.
2340 915 2465 987 Postea
2495 918 2561 988 sub

564 1023 654 1093 lium
668 1018 807 1091 habeat.
1068 1085 1071 1090 ,
1586 997 1789 1072 Alexandro
1807 1031 1928 1077 rursus
1938 1008 2123 1084 Tribunus
2139 1016 2250 1088 factus
2267 1031 2364 1088 tanto
2379 1012 2561 1087 inhonore

666 1119 848 1211 Stipendia
872 1114 1053 1184 constituit
1074 1136 1147 1181 non
1182 1109 1297 1179 solum
1330 1108 1539 1178 docentibus
1585 1104 1671 1184 fuit,
1698 1119 1739 1176 ut
1754 1102 1954 1180 Alexander
1969 1135 2125 1184 sororem
2146 1116 2220 1188 filio
2244 1119 2354 1209 ipsius
2377 1117 2562 1207 coniugem

564 1225 683 1295 literas
706 1236 740 1291 et
762 1235 869 1300 artes,
894 1219 954 1284 sed
979 1214 1082 1284 etiam
1107 1212 1323 1280 discentibus
1342 1233 1537 1300 pauperum
1586 1206 1671 1276 dare
1693 1206 1862 1294 voluerit,
1905 1212 1974 1280 nisi
1997 1230 2109 1286 mater
2135 1221 2247 1288 soceri
2271 1219 2562 1290 crudelitatem·

565 1326 799 1413 ingenuorum
822 1317 913 1389 filiis.
968 1312 1008 1383 ln
1031 1313 1160 1402 templa
1182 1335 1306 1380 aurum
1330 1310 1454 1379 inferri
1478 1333 1539 1378 ve·
1585 1306 1708 1378 territa
1730 1307 1862 1380 fuisset.

565 1426 652 1508 tuit,
679 1422 829 1490 recitans
845 1416 958 1485 Persii
973 1413 1166 1492 versiculos
1182 1436 1222 1480 ex
1239 1425 1354 1505 satyra
1369 1412 1538 1480 secunda:
1688 1405 1780 1478 Cum
1806 1411 1996 1501 imperator
2018 1417 2258 1505 factusesset,
2289 1445 2362 1491 non
2387 1420 2502 1490 solum
2523 1417 2562 1487 in

614 1529 714 1593 Dicite
736 1527 911 1590 Pontifices:
939 1527 972 1584 in
988 1525 1109 1603 templis
1133 1520 1207 1604 quid
1228 1520 1304 1580 feeit
1319 1539 1436 1597 eurum,
1588 1507 1717 1576 milites
1735 1509 1773 1576 ln
1788 1512 1908 1582 cestris
1923 1517 2165 1588 crudelitatem
2183 1524 2354 1602 exercuit,
2379 1523 2440 1591 sed
2456 1534 2560 1612 eitam

613 1628 699 1710 Quin
716 1632 831 1710 superis
844 1630 939 1687 iustos
956 1644 1073 1703 mores,
1098 1635 1252 1705 castosque
1269 1622 1414 1688 dieamus.
1586 1603 1723 1678 Romae
1747 1611 1880 1684 delatos
1902 1613 2089 1687 Senatores
2118 1622 2187 1692 cito
2216 1624 2348 1694 multos
2376 1618 2563 1702 interfecit,

561 1721 816 1818 Expeditiones
846 1742 991 1812 magnas
1024 1721 1111 1789 duas
1144 1716 1305 1807 suscepit.
1355 1711 1541 1783 q’riorem
1588 1721 1623 1777 et
1647 1708 1769 1779 multis
1790 1712 1972 1784 facultates
1995 1721 2136 1811 eripuit.
2187 1723 2318 1792 Acalii
2337 1721 2416 1792 eum
2431 1720 2563 1815 Cyclo·

563 1850 685 1897 versus
703 1819 890 1894 Orientem
917 1833 1039 1891 contra
1065 1818 1198 1891 Persas.
1250 1815 1347 1886 Vicit
1372 1811 1542 1885 Artaxer·
1589 1833 1690 1900 pem,
1716 1809 1778 1878 alii
1793 1806 2018 1902 Busiridem,
2044 1823 2105 1890 alii
2120 1817 2275 1892 Antrum
2292 1820 2563 1918 proptersaevi·

564 1952 652 2013 xen,
676 1926 738 2019 qui
755 1937 856 1993 antea
879 1945 995 2012 regem
1011 1914 1224 1989 Parthorum
1242 1912 1465 1987 Artabanum
1483 1914 1542 1981 in·
1588 1911 1676 1979 ciam
1698 1910 1940 1983 nominarunt.
2209 1999 2212 2004 Ι

526 2023 532 2040 ’“
553 2031 764 2109 „terfecerat,
789 2038 822 2094 et
845 2017 1019 2093 aParthis
1042 2042 1189 2108 regnum
1214 2020 1258 2088 ad
1277 2017 1402 2088 Persas
1419 2037 1541 2086 rursus
1690 2008 1780 2082 Cum
1796 2012 1904 2100 igitur
1919 2014 1958 2081 in
1979 2012 2098 2086 Africa
2114 2038 2322 2110 procurator
2336 2025 2429 2109 fisci,
2457 2043 2562 2115 quem

494 2135 501 2150 '
565 2128 805 2200 transtulerat.
848 2119 971 2194 Altera
985 2121 1161 2213 expeditio
1178 2131 1336 2210 suscepta
1352 2131 1405 2188 est
1420 2138 1542 2185 versus
1589 2112 1656 2204 ipsi
1680 2135 1720 2180 eo
1747 2112 1911 2200 miserat,
1938 2130 2082 2207 propter
2112 2124 2337 2213 rapacitatem
2361 2126 2564 2196 interfectus

566 2224 816 2309 Occidentem,
856 2224 895 2291 in
929 2219 1177 2305 Germaniam,
1215 2219 1278 2288 ubi
1306 2243 1385 2289 cum
1410 2217 1542 2287 milites
1589 2227 1686 2297 esset,
1716 2215 1962 2309 exercitusqui
1982 2219 2032 2285 ibi
2050 2233 2135 2301 erat,
2156 2245 2274 2293 senem
2292 2226 2563 2298 nobilissimum,

566 2329 726 2419 asperius
742 2338 895 2415 regeret,
922 2323 1073 2393 venitin
1089 2322 1228 2404 odium,
1253 2333 1287 2389 et
1303 2319 1446 2413 quidem
1465 2344 1540 2387 ma·
1590 2328 1746 2384 materna
1774 2316 1910 2406 origine
1932 2343 1951 2387 a
1975 2317 2132 2390 Traiano
2154 2336 2290 2410 ortum,
2316 2319 2567 2403 Gordianum,

568 2428 634 2498 tris
650 2425 868 2496 Mammaeae
891 2436 1049 2493 accusata
1072 2436 1125 2491 est
1145 2420 1316 2505 avaricia,
1342 2444 1431 2512 quae
1445 2421 1543 2489 dice·
1591 2428 1734 2507 propter
1748 2415 1922 2487 iusticiam
1940 2420 2187 2510 imperatorem
2211 2426 2313 2507 fecit,
2337 2440 2567 2504 recusantem,

537 2529 544 2538 ⁴
569 2529 676 2597 batur
689 2527 842 2618 expilare
858 2523 1077 2615 provincias,
1103 2535 1136 2592 et
1160 2522 1332 2611 impedire
1346 2521 1542 2593 liberalita—
1589 2517 1671 2610 quia
1687 2518 1756 2585 iam
1775 2522 2019 2607 octogenarius
2035 2537 2119 2596 erat.
2165 2521 2254 2596 Erat
2268 2542 2383 2597 autem
2397 2538 2492 2598 tanta
2509 2524 2567 2593 iu·

564 2644 634 2699 tem
652 2627 717 2696 lilii
732 2650 812 2715 erga
835 2623 978 2693 milites.
1588 2619 1687 2687 sticia
1703 2631 1738 2688 et
1751 2622 1921 2690 modestia
1939 2622 2032 2706 eius,
2058 2637 2097 2691 ut
2114 2625 2302 2697 Africanae
2325 2629 2482 2698 civitates
2497 2623 2566 2694 sibi

664 2725 753 2798 Erat
769 2739 886 2795 autem
904 2725 1072 2793 barbarus
1090 2716 1211 2791 Thrax
1227 2717 1541 2794 interducesMo-
1589 2717 1791 2808 Scipionem
1817 2737 1875 2791 aut
1900 2719 2039 2790 Lelium
2066 2727 2243 2795 redditum
2268 2727 2435 2802 dicerent'.
2488 2720 2567 2816 Op-

566 2825 753 2910 xr'minus,
779 2827 941 2918 adquam
969 2823 1191 2893 deferebatur
1214 2824 1413 2915 imperium.
1463 2821 1543 2890 Hoc
1590 2818 1700 2909 pressi
1722 2833 1804 2888 sunt
1830 2835 1949 2890 tamen
1966 2819 2144 2893 Gordiani
2171 2830 2242 2898 duo
2266 2843 2364 2918 pater
2386 2828 2566 2898 etliliusa

569 2932 658 3000 duce
672 2928 803 2999 milites
817 2925 976 2996 seditiosi
985 2923 1444 3015 MogontiaeAlexandrum
1461 2947 1542 2991 cum
1589 2916 1794 3018 Capelliano
1816 2921 1903 2990 duce
1927 2920 2126 2994 Maximini.
2179 2925 2247 2996 Sed
2265 2926 2401 2999 Romae
2417 2925 2567 2999 Senatus

476 3013 492 3038 ²
567 3044 680 3099 matre
696 3026 895 3098 Mammaea
910 3027 1142 3096 trucidarunt.
1175 3024 1273 3098 Vixit
1288 3049 1401 3096 annos
1417 3023 1543 3114 viginti
1589 3043 1669 3090 emn
1685 3020 1856 3091 iudicavit
1871 3018 2028 3102 hostem,
2055 3039 2088 3094 et
2103 3025 2352 3115 imperatorem
2363 3028 2454 3100 'fecit
2471 3021 2566 3098 Gor·
2676 3039 2682 3050 '

566 3154 718 3214 novem,
743 3151 879 3197 menses
904 3141 990 3211 tres,
1017 3127 1091 3196 dies
1115 3140 1266 3217 septem3
1299 3139 1460 3196 mortuus
1485 3125 1543 3193 die
1590 3120 1735 3189 dianum
1750 3116 1933 3207 Tertium,
1956 3122 2133 3195 adiunctis
2146 3126 2566 3200 du'obusConsularibus:

565 3254 629 3299 suo
644 3230 773 3310 natali,
800 3230 862 3321 qui
878 3229 944 3299 fuit
960 3228 1035 3297 dies
1050 3228 1174 3300 mortis
1194 3223 1389 3297 Alexandri
1406 3226 1544 3315 Magni,
1590 3221 1752 3311 Pupieno
1776 3219 1934 3291 Maximo
1958 3223 2137 3297 Praefecto
2157 3230 2277 3316 urbis,
2319 3245 2354 3302 et
2368 3228 2465 3302 Celio
2481 3226 2567 3297 Bal-

564 3330 728 3401 videlicet
750 3330 810 3399 28.
828 3328 934 3401 lunii.
1590 3321 1689 3392 bino.
1744 3320 1963 3395 Maximinus
1985 3324 2097 3397 iratus
2112 3327 2258 3403 Senatui
2282 3345 2316 3403 et
2329 3329 2483 3404 Romam
2499 3330 2566 3398 du·

666 3431 763 3502 lnter
777 3432 887 3521 signa,
912 3454 1001 3525 quae
1019 3442 1168 3498 mortem
1183 3428 1258 3496 eius
1270 3437 1545 3518 praecesserunt,
1592 3438 1714 3493 cturus
1730 3425 1939 3505 exercitum,
1975 3426 2012 3494 in
2031 3429 2086 3498 via
2103 3431 2276 3502 retinetur
2293 3435 2335 3503 sd
2352 3430 2568 3526 Aquileiam,

554 3533 636 3604 -fuit
652 3527 721 3602 hoc
744 3557 902 3626 quoque:
933 3530 1069 3601 Mulier
1088 3528 1229 3598 fatidica
1245 3529 1282 3596 in
1298 3525 1416 3598 Gellia
1433 3550 1474 3595 ex
1489 3548 1545 3591 sa·
1593 3549 1682 3619 quae
1706 3548 1785 3593 eum
1809 3526 1966 3618 recipere
1989 3530 2163 3604 noluerat.
2213 3530 2317 3603 Hanc
2333 3557 2413 3604 curn
2428 3531 2568 3603 obside-

564 3634 748 3704 eerdotnm
763 3635 896 3704 familia
916 3629 1141 3727 quiDruidae
1156 3630 1445 3708 nominabantur,
1460 3649 1545 3719 pro-
1591 3639 1645 3695 ret
1668 3649 1748 3694 cram
1770 3626 1864 3712 filio,
1899 3630 2062 3721 etJames
2084 3631 2121 3700 in
2153 3633 2276 3704 castris
2299 3646 2406 3715 esset,
2439 3632 2568 3702 milites

564 3734 734 3803 lieiscenti
750 3733 787 3801 in
806 3732 1034 3853 *taniam
1052 3731 1159 3801 dixit:
1188 3726 1229 3802 V
1226 3725 1315 3816 ode,
1343 3751 1404 3798 nec
1425 3747 1545 3822 speres
1591 3726 1730 3816 cognita
1754 3727 1935 3798 voluntate
1956 3728 2126 3813 Senatus,
2160 3723 2277 3802 medio
2304 3735 2363 3805 die
2385 3734 2569 3827 quiescen-

566 3831 778 3903 0ictoriom:
818 3856 880 3904 nec
909 3828 1076 3927 confidas
1104 3829 1222 3902 militi
1252 3841 1325 3900 tuo.
1384 3827 1546 3899 Fuerunt
1592 3843 1668 3897 tum
1693 3828 1732 3896 in
1757 3831 1913 3899 tentorio
1935 3829 2173 3904 Maximinum
2207 3848 2342 3924 patrem
2377 3849 2412 3905 et
2441 3832 2569 3904 deinde

495 3964 504 3975 ’
563 3948 682 4007 autem
698 3929 875 4007 Druidae
892 3937 1087 4005 sacerdotes
1101 3935 1215 4022 gentis
1230 3931 1400 4014 Gallicae,
1427 3932 1544 3998 nomi·
1591 3929 1703 4000 lilium
1717 3930 1982 4001 interfecerunt.
2015 3929 2091 4001 Hos
2108 3957 2228 4004 versus
2243 3933 2280 4003 in
2295 3930 2434 4005 theatro
2450 3956 2567 4003 coram

453 4034 454 4037 ’
563 4036 656 4121 nati,
686 4051 728 4108 ut
749 4059 813 4128 ego
838 4037 1019 4121 existimo,
1051 4060 1069 4104 a
1097 4035 1282 4121 fidelitate,
1317 4032 1416 4127 quasi
1439 4033 1545 4117 dicas,
1593 4032 1669 4121 ipso
1701 4027 1836 4098 Graece
1863 4031 2008 4120 quidam
2045 4033 2223 4120 recitavit,
2264 4035 2462 4127 significans
2488 4055 2568 4102 eum

564 4138 775 4213 bltssttteett.
1592 4128 1811 4200 crudelitatis
1837 4152 1970 4220 poenas
1992 4131 2160 4204 daturum
2183 4159 2274 4221 esse,
2308 4134 2570 4228 quantumlibet

1592 4231 1783 4311 confideret
1796 4250 1860 4299 suo
1875 4232 2015 4302 robore.

620 4336 728 4409 Anno
744 4337 871 4411 mundi
888 4348 1013 4429 quater
1031 4337 1240 4422 millesimo,
1267 4334 1518 4406 ducentesimo.
1691 4335 1823 4418 Elephas
1838 4330 1957 4418 mandis
1978 4352 2042 4421 est,
2068 4354 2098 4404 et
2113 4342 2269 4423 occiditur,

618 4432 1144 4528 AnnoRomaenongentesimo
1159 4436 1394 4526 octuagesimo
1407 4448 1542 4507 octavo.
1691 4435 1759 4501 Leo
1776 4439 1864 4503 l'ortis
1880 4454 1943 4520 est,
1968 4456 1997 4505 et
2015 4444 2171 4523 occiditur,

492 4624 495 4631 Ι
616 4535 726 4611 Anno
738 4536 872 4613 Christi
886 4538 1127 4610 ducentesimo
1142 4539 1319 4609 tricesimo
1341 4550 1478 4608 octavo.
1686 4538 1793 4622 ·'figris
1806 4541 1894 4605 fortis
1910 4556 1969 4624 est,
1997 4556 2026 4605 et
2048 4547 2216 4623 occiditur..

686 4614 737 4719 ⁴
1023 4713 1032 4729 Ο
1092 4710 1100 4726 ,
1545 4690 1549 4699 .
1694 4640 1775 4705 Care
1789 4647 1920 4725 multos,
1945 4647 2123 4728 sisingulos
2137 4669 2201 4710 non
2214 4652 2312 4711 times.

900 4713 1201 4781 mmmmm·
1591 4733 1682 4808 Cum
1715 4752 1833 4809 eutem
1873 4737 2007 4811 Graece
2041 4743 2242 4836 loquentem
2276 4764 2349 4814 non
2392 4736 2571 4829 intellige·

666 4832 913 4909 Maximinus
941 4839 1055 4911 occiso
1085 4834 1289 4910 Alexandro
1319 4838 1393 4910 lilio
1424 4837 1542 4909 Mam·
1592 4853 1645 4910 ret
1660 4837 1901 4927 Maximinus,
1927 4854 1962 4911 et
1984 4842 2218 4935 interroganti
2242 4840 2495 4914 aliasententia
2512 4836 2568 4908 di·

566 4962 686 5011 maeae
709 4934 818 5011 natus
834 4938 873 5007 in
895 4934 1045 5012 Threcia
1070 4939 1193 5010 infimo
1212 4940 1310 5023 loco,
1346 4940 1459 5011 factus
1481 4953 1543 5026 est,
1591 4956 1741 5027 seretur,
1767 4942 1877 5012 evasit
1892 4941 2027 5013 Mimus
2043 4942 2119 5014 sine
2136 4944 2322 5038 supplicio.

566 5039 761 5134 imperator
775 5042 851 5110 sine
866 5039 1015 5111 Senatus
1028 5041 1229 5114 aratoritate.
1278 5038 1456 5130 Regnavit
1477 5066 1543 5112 an·

566 5164 634 5213 nos
662 5158 744 5214 tres.
804 5139 939 5213 Pilium
967 5138 1203 5215 Maximinum
1233 5139 1417 5215 Caesarem
1446 5143 1543 5215 feeit.
1643 5137 1752 5209 Anno
1785 5138 1911 5208 mnndi
1955 5141 2285 5233 queterrnillesimo,
2331 5141 2569 5215 ducentesimo

565 5240 657 5316 Cum
673 5242 798 5314 Pastor
809 5242 848 5312 in
868 5236 1020 5310 Thracia
1037 5241 1184 5327 fuisset,
1202 5240 1356 5319 Romam
1373 5242 1560 5323 venitSe-‚
1794 5240 1911 5311 tertio.

567 5346 641 5415 veri
666 5357 843 5434 tempore,
875 5343 939 5412 ubi
962 5354 1104 5433 propter
1126 5347 1236 5415 robur
1259 5343 1436 5436 corporis,
1461 5370 1542 5415 cum
1642 5338 1896 5416 AnnoRomae
1906 5344 2187 5432 nongentesimo,
2204 5346 2431 5437 nonagesimo
2443 5340 2570 5432 primo.

567 5470 674 5517 eursu
703 5447 811 5538 pedes
840 5456 1005 5536 aequaret
1033 5458 1229 5515 currentem
1254 5444 1373 5519 Severi
1398 5470 1542 5539 equum,
1640 5439 1888 5516 AnnoCbristi
1896 5446 2148 5531 ducentesimo,
2165 5441 2570 5539 quadragesimoprimo.

567 5561 727 5639 receptus
749 5562 799 5617 est
818 5549 914 5617 inter
934 5543 1096 5615 custodes
1114 5548 1271 5639 'corporis
1287 5546 1418 5620 Severi.
1468 5545 1542 5616 Pe·
2589 5558 2593 5567 “

569 5660 643 5717 stes
668 5652 734 5720 sub
754 5643 948 5719 Bassiano
969 5643 1154 5716 Tribunus
1173 5644 1335 5717 militnm·
1347 5651 1459 5720 faetus
1479 5663 1542 5723 est.

569 5745 646 5818 Sub
664 5747 828 5821 Macrino
853 5749 959 5820 rediit
982 5747 1019 5816 in
1045 5742 1217 5836 patriam,
1241 5760 1276 5817 et
1295 5749 1427 5821 ditatus
1440 5775 1542 5843 prae-
1687 5743 1916 5821 Gordianus
1929 5743 2080 5819 Tertius
2100 5745 2290 5818 interfectis
2305 5742 2512 5815 Maximinis
2527 5748 2571 5815 ed

567 5847 626 5920 die
647 5850 744 5925 emit.
793 5850 870 5923 Sub
890 5843 1297 5938 Heliogabalo'Romsm
1323 5851 1449 5940 rediit,
1478 5855 1539 5923 sed
1594 5846 1816 5946 Aquileiam,
1836 5865 1876 5925 ¹et
1891 5848 2028 5922 Romae
2045 5849 2167 5921 occisis
2182 5848 2221 5916 in
2236 5845 2410 5918 seditione
2425 5846 2573 5918 militari

1730 5638 1736 5651 ‘
1832 5606 2106 5682 Gordianus
2134 5615 2333 5683 Tertius.
