6025 6775
983 570 1091 650 06

1001 739 1140 830 No.
1177 736 1347 813 143.

1014 832 1355 870 w

1556 930 1711 1018 De
1755 930 1967 1039 lege
2020 918 2416 1009 Placuit.

1152 1114 1217 1170 la
1239 1111 1421 1191 select.
1449 1103 1697 1160 Declam.
1725 1099 1790 1153 T.
1809 1096 1994 1216 lla-⁵8.
2011 1092 2111 1145 150
2127 1105 2273 1162 sqq„
2305 1084 2538 1143 servent.
2563 1083 2635 1140 Τ.
2655 1084 2758 1142 tv·
2790 1103 2848 1159 p.
2865 1084 2987 1145 1⁸7.

1220 1190 1277 1235 et
1304 1172 1563 1232 maara.
1596 1170 1666 1227 T.
1683 1169 1752 1224 ll.
1788 1184 1845 1238 p-

1018 1339 1282 1414 otatio
1329 1333 1423 1407 de
1467 1333 1627 1428 leye
1649 1323 1990 1409 Placuit,
2040 1313 2214 1392 God.
2240 1314 2336 1389 de
2373 1309 2715 1387 Iudiciis.
2763 1309 2986 1387 1554.
3030 1262 3031 1266 Ἴ

1024 1486 1279 1574 Multa
1313 1506 1476 1565 sunt
1513 1483 1818 1557 illustria
1855 1476 2257 1554 testimonia
2299 1476 2388 1545 de
2416 1473 2607 1557 Deo,
2655 1470 2992 1564 impressa
3036 1523 3037 1534 ,

1025 1613 1352 1672 naturae:
1406 1602 1484 1660 ut
1508 1588 1687 1658 ordo
1719 1603 2098 1675 corporum
2125 1575 2403 1659 mundi,
2449 1574 2638 1662 leges
2669 1586 2989 1643 motuum
3047 1580 3048 1587 ’

1026 1696 1474 1775 coelestium,
1521 1709 1759 1758 annua
1802 1697 2028 1754 terrae
2073 1675 2542 1758 foecunditas,
2592 1674 2777 1743 vices
2813 1687 2995 1744 tem-

1028 1819 1321 1896 porum,
1368 1790 1845 1861 remediorum
1874 1781 2191 1853 varietas.
2275 1776 2415 1847 Sed
2445 1773 2767 1844 omnium
2799 1772 2993 1844 testi·

1024 1896 1435 1972 moniorum
1491 1891 1583 1959 de
1624 1885 1777 1958 Deo
1827 1882 2128 1951 maxime
2183 1876 2631 1968 perspicuum
2673 1887 2810 1957 est,
2875 1873 2995 1942 lux

1026 2000 1153 2072 illa
1184 1998 1262 2066 in
1287 1992 1642 2062 mentibus
1661 2039 1682 2071 ,
1732 2007 1911 2077 quae
1940 1995 2044 2051 est
2069 1977 2329 2048 noticia
2364 1976 2679 2052 immota,
2729 1973 2997 2043 discer-

1028 2120 1211 2172 nens
1241 2091 1531 2164 honesta
1557 2102 1626 2157 et
1653 2084 1925 2175 turpia,
1975 2080 2155 2150 iusta
2184 2089 2248 2146 et
2285 2075 2579 2145 iniusta:
2624 2096 2803 2165 quae
2833 2097 2993 2144 cum

1032 2198 1405 2271 nobiscum
1436 2200 1783 2265 nascatur,
1835 2197 1905 2253 et
1932 2181 2025 2249 sit
2049 2174 2535 2258 immutabilis,
2584 2196 2861 2243 necesse
2894 2186 2997 2244 est
3052 2228 3054 2235 s

1032 2322 1168 2373 nos
1209 2313 1616 2384 agnoscere,
1663 2286 1755 2355 ab
1783 2284 2128 2372 immenso
2171 2274 2417 2367 opifice
2463 2297 2617 2343 eam
2655 2274 2993 2364 singulari

1032 2397 1336 2474 consilio
1382 2387 1794 2463 hominibus
1844 2380 2129 2451 insitam
2177 2398 2356 2445 esse:
2423 2388 2492 2444 et
2531 2375 2808 2443 radium
2849 2398 2998 2445 esse

1035 2496 1423 2593 sapientiae
1456 2489 1774 2571 divinae,
1823 2481 2307 2552 ostendentem
2341 2488 2410 2545 et
2442 2473 2614 2567 quid
2661 2474 2753 2545 sit
2784 2474 3000 2560 Deus,

1034 2616 1110 2673 et
1138 2597 1365 2693 qualis
1394 2594 1512 2663 sit:
1567 2586 1894 2658 videlicet
1921 2581 2110 2676 quod
2138 2577 2231 2648 ait
2254 2575 2555 2668 sapiens,
2600 2597 2832 2660 verax,
2875 2577 2999 2646 be-

1033 2701 1337 2781 neficus,
1391 2694 1654 2775 iustus,
1720 2699 1791 2756 et
1841 2684 2024 2753 iusta
2065 2679 2352 2757 volens,
2416 2689 2689 2759 castus,
2754 2676 3001 2746 volens

1038 2824 1173 2874 nos
1214 2798 1351 2891 ipsi
1376 2792 1772 2865 conformes
1802 2806 1947 2855 esse
1969 2837 1990 2868 ‚
2040 2792 2107 2850 et
2144 2776 2446 2871 puniens
2472 2774 2754 2846 scelera.

1226 2913 1398 2985 'Has
1440 2906 1735 2982 noticias
1775 2902 1927 2972 vult
1964 2897 2156 2971 Deus
2198 2909 2267 2967 et
2297 2892 3002 2965 commonefactiones

1038 3026 1132 3094 de
1177 3039 1324 3090 sese
1371 3034 1554 3095 esse,
1602 3021 1672 3078 et
1704 3025 1988 3075 normas
2013 2998 2220 3068 vitae.
2320 2992 2467 3065 Nec
2510 2988 2722 3064 habet
2768 2989 3005 3063 homi-

1038 3144 1216 3194 num
1243 3128 1495 3185 natura
1518 3108 1894 3203 quicquam
1926 3093 2290 3195 pulchrius
2316 3090 2449 3164 hac
2474 3093 2835 3184 sapientia,
2879 3116 3002 3163 seu

1038 3219 1156 3296 his
1199 3216 1415 3288 radiis
1448 3210 1734 3280 divinae
1773 3204 1953 3275 lucis
2000 3201 2079 3269 in
2105 3219 2239 3267 nos
2277 3195 2570 3288 sparsis:
2622 3196 2712 3265 de
2743 3195 3002 3287 quibus
3060 3220 3063 3233 ¹*

1039 3337 1124 3398 ut
1162 3340 1363 3411 saepe
1396 3311 1815 3405 cogitemus,
1866 3304 2250 3373 admonent
2289 3319 2420 3365 nos
2450 3294 2862 3390 quotidiana
2892 3295 3004 3364 vi-

1034 3406 1155 3500 tae
1184 3415 1472 3511 negocia
1522 3426 1590 3482 et
1620 3404 1897 3481 adsidui
1927 3412 2346 3473 contractus.
2433 3395 2779 3468 Universa
2813 3395 3004 3467 enim

1036 3522 1422 3598 'hominum
1475 3511 1765 3583 societas
1818 3501 1931 3575 his
1989 3501 2252 3593 regulis
2307 3496 2768 3587 gubernatur.
2867 3495 3007 3568 Sed

1042 3649 1196 3699 non
1244 3631 1519 3691 tautum
1566 3622 1854 3703 propter
1893 3625 2270 3697 corporum
2303 3610 2705 3668 nostrorum
2741 3598 3010 3668 utilita-

1043 3743 1191 3799 tem
1247 3740 1449 3811 saepe
1500 3708 2011 3784 consideranda
2062 3718 2162 3774 est
2221 3695 2395 3772 haec
2442 3697 2817 3791 sapientia:
2887 3700 3009 3769 sed

1043 3826 1272 3900 multo
1335 3816 1595 3906 magis,
1664 3825 1746 3883 ut
1805 3824 2261 3900 agnoscamus
2319 3825 2469 3871 eam
2527 3798 3010 3871 testimonium

1046 3934 1198 4000 esse
1231 3924 1318 3993 de
1344 3916 1538 4001 Deo,
1591 3926 1662 3985 et
1703 3909 2191 3982 adsensionem
2222 3907 2310 3974 de
2354 3899 2802 3994 providentia
2840 3925 3012 3970 con-

1046 4031 1429 4099 firmemus.
1506 4015 1805 4104 Propter
1833 4005 2017 4078 hanc
2046 4004 2526 4097 gravissimam
2555 4023 2830 4071 causam
2862 4023 3012 4071 sae-

1046 4153 1138 4222 pe
1182 4124 1460 4197 animos
1521 4116 1895 4187 excitemus
1951 4109 2041 4180 ad
2094 4104 2589 4196 cogitationem
2636 4105 2724 4172 de
2778 4103 3009 4193 legum

1044 4228 1367 4304 fontibus
1398 4233 1464 4291 et
1491 4216 1738 4288 causis.

1218 4340 1375 4416 Etsi
1405 4329 1639 4410 autem
1670 4329 2023 4402 humanae
2054 4336 2323 4395 mentes
2354 4322 2783 4413 intelligunt,
2830 4318 3014 4394 hanc

1047 4446 1441 4519 naturalem
1475 4435 1834 4511 noticiam,
1886 4430 2403 4500 discernentem
2435 4419 2730 4494 honesta
2760 4436 2827 4492 et
2860 4438 3014 4494 tur.

1047 4551 1206 4640 pia,
1260 4565 1402 4613 esse
1443 4540 1725 4610 radium
1762 4532 2048 4604 divinae
2096 4524 2480 4618 sapientiae
2517 4523 2592 4591 in
2624 4546 2753 4592 nos
2785 4535 3014 4594 trans-

1046 4650 1316 4719 fusum:
1368 4657 1604 4712 tamen
1644 4650 1726 4706 ut
1766 4636 1842 4702 id
1887 4630 2158 4701 firmius
2195 4639 2693 4707 statueremus,
2742 4647 3017 4714 semper

1047 4744 1325 4822 addidit
1341 4739 1532 4812 Deus
1560 4757 1804 4804 vocem
1833 4754 2029 4801 suam
2060 4731 2137 4797 in
2152 4724 2497 4798 Ecclesia:
2539 4735 2608 4794 et
2635 4747 2793 4792 cum
2821 4725 3017 4811 alias,

1046 4861 1204 4921 tum
1247 4864 1415 4911 vero
1453 4840 1540 4907 de
1581 4855 1758 4922 rupe
1801 4829 2001 4901 Sinai
2043 4827 2412 4897 manifesta
2458 4847 2663 4905 voce,
2733 4848 2881 4894 non
2926 4829 3014 4895 ad

1045 4966 1350 5042 paucos,
1401 4940 1522 5009 sed
1558 4937 1646 5006 ad
1681 4953 2005 5020 magnam
2047 4923 2579 4997 multitudinem
2620 4919 3017 5011 hominum,

1051 5047 1277 5120 edidit
1312 5039 1482 5112 haec
1509 5038 1659 5132 ipsa
1688 5031 1919 5126 capita
1952 5032 2219 5117 legum,
2270 5051 2449 5121 quae
2484 5041 2688 5098 antea
2722 5028 3015 5118 scripse.

1051 5162 1162 5220 rat
1213 5148 1289 5216 in
1331 5142 1685 5211 mentibus
1727 5131 2136 5223 hominum:
2189 5142 2256 5199 et
2297 5144 2665 5222 postquam
2715 5153 2793 5201 ea
2844 5154 3017 5222 pro-

1047 5247 1542 5326 nunciaverat,
1601 5240 1714 5308 bis
1755 5235 2030 5329 scripsit
2083 5232 2160 5302 in
2201 5231 2460 5304 tabulis
2503 5230 2759 5316 saxeis,
2827 5246 2894 5300 et
2937 5243 3017 5301 ut

1047 5364 1316 5424 certum
1362 5357 1581 5425 esset,
1625 5335 1810 5407 hanc
1851 5360 2091 5406 vocem
2143 5333 2462 5405 divinam
2508 5352 2689 5400 esse:
2737 5333 3017 5404 addidit

1047 5466 1155 5524 tot
1180 5452 1361 5519 facta
1393 5457 1584 5514 extra
1617 5438 1943 5509 ordinem
1970 5448 2299 5519 naturae,
2347 5430 2789 5503 ostendentia
2818 5455 3017 5522 prae-

1050 5552 1349 5625 sentiam
1396 5542 1571 5628 Dei,
1615 5554 1685 5610 et
1726 5534 2166 5608 testificantia
2207 5529 2439 5604 Deum
2482 5552 2628 5602 esse
2663 5533 3017 5624 potentio-

1054 5674 1206 5725 rem
1238 5647 1373 5721 hoc
1400 5646 1651 5720 ordine
1681 5652 2000 5710 naturae.

2234 539 2557 625 unct.
2632 537 2782 618 nn
2836 516 3176 620 'LEGE
3251 539 3791 626 PLActn‘r.

2629 741 2731 788 an.
2763 720 2952 788 1554.
3026 725 3029 727 ’

4947 545 5050 622 96

3284 714 3453 787 Ideo
3482 712 3933 788 autemDeus
3960 715 4293 810 praefecit
4330 715 4772 810 magistratus
4803 722 5044 812 generi

3083 813 3395 889 humano
3412 870 3435 903 ,
3470 830 3554 887 ut
3580 811 3767 888 hane
3787 818 4011 910 ipsam
4039 842 4285 889 vocem
4311 819 4544 909 legum
4569 817 4900 913 Decalogi
4929 836 5045 894 s'o·

3083 932 3256 988 nent
3285 918 3361 988 in
3391 940 3644 1008 genere
3672 912 4021 994 humano:
4074 931 4145 989 et
4170 942 4289 989 eos
4315 922 4532 990 armis
4574 935 4645 991 et
4688 924 5047 1011 praesidiis

3083 1020 3454 1104 instruxit,
3503 1032 3586 1091 ut
3611 1032 4125 1111 contemptores
4156 1015 4881 1108 legum'coherceant,
4930 1036 5054 1095 aut

3086 1120 3521 1209 extinguant.
3627 1117 3943 1215 vultque
3983 1121 4433 1210 magistratus
4473 1120 4752 1202 fideles,
4820 1137 5057 1193 custo-

3091 1222 3216 1289 des
3276 1232 3346 1290 et
3403 1232 3900 1311 propagatores
3956 1225 4106 1290 esse
4150 1217 4363 1291 huius
4406 1233 4728 1290 aeternae
4769 1223 5054 1312 sapien·

3090 1322 3266 1405 tiae,
3316 1321 3697 1410 patefactae
3741 1316 4187 1393 hominibus:
4238 1334 4306 1391 et
4335 1321 4767 1390 severissime
4806 1317 5056 1411 prohi-

3091 1420 3290 1505 buit,
3333 1422 3685 1491 contraria
3722 1416 3891 1492 huic
3924 1422 4211 1494 divinae
4236 1420 4616 1511 sapientiae
4645 1420 5004 1492 constitui.

3295 1517 3436 1591 Sed
3492 1522 3888 1613 sapientum
3932 1524 4484 1614 gubernatorum
4542 1534 4811 1592 mentes
4863 1543 5049 1591 sem-

3095 1642 3222 1711 per
3256 1619 3450 1691 flexit
3478 1617 3670 1692 Deus
3705 1624 3791 1691 ad
3835 1623 4287 1693 illustrandas
4317 1623 4502 1711 leges
4530 1617 4863 1711 Decalogi
4884 1675 4904 1705 ,
4953 1620 5054 1690 sic

3093 1733 3174 1790 ut
3217 1720 3366 1810 ipsa
3401 1745 3545 1791 -vox
3591 1719 3924 1812 Decalogi
3964 1746 4213 1795 norma
4262 1724 4355 1793 sit
4399 1723 4689 1792 immota
4735 1723 5056 1790 omnium

3095 1821 3715 1903 constitutionum,
3780 1822 3860 1892 in
3927 1823 4187 1916 quibus
4254 1823 4701 1910 magistratus
4757 1822 5060 1890 circum-

3094 1921 3391 1991 stantiae
3452 1922 3751 1993 alicuius
3814 1923 4475 1995 determinationem
4551 1922 4843 1992 addunt.
4961 1918 5060 1991 Ut

3096 2044 3256 2091 cum
3296 2022 3407 2090 lex
3436 2020 3681 2093 divina
3712 2021 3982 2115 inquit:
4033 2021 4202 2092 Non
4231 2024 4502 2093 furtum
4529 2022 4740 2092 facies
4761 2074 4783 2106 ,
4827 2020 5060 2091 mani-

3096 2122 3266 2192 feste
3300 2121 3523 2192 sancit
3551 2121 4032 2195 dominiorum
4064 2122 4614 2193 distinctionem.

3302 2219 3441 2290 Hic
3496 2222 3938 2311 magistratus
3992 2223 4330 2294 discernit
4385 2224 4645 2312 gradus
4701 2220 5062 2290 dominio·

3099 2345 3296 2405 rum,
3386 2322 3728 2394 directum
3775 2324 4175 2394 dominium
4241 2335 4309 2393 et
4347 2324 4556 2409 utile:
4622 2335 4690 2393 et
4727 2322 5060 2401 ostendit,

3100 2423 3224 2517 qui
3249 2423 3545 2509 gradus,
3592 2425 3683 2494 ad
3715 2447 3892 2516 quos
3920 2424 4334 2514 pertineant.

3302 2519 3790 2594 Certissimum
3818 2537 3923 2596 est
3951 2523 4185 2613 igitur,
4231 2519 4415 2593 hanc
4440 2523 4835 2594 doctrinam
4863 2522 5062 2607 iuris,

3101 2624 3300 2694 cuius
3350 2624 3759 2713 propagatio
3813 2638 4057 2695 nostro
4117 2624 4357 2694 ordini
4404 2627 4886 2694 commendata
4933 2637 5063 2705 est,

3100 2748 3247 2794 esse
3288 2736 3359 2794 et
3397 2720 3728 2813 Decalogi
3774 2747 4014 2794 vocem
4069 2736 4140 2794 et
4184 2726 4577 2815 sapientum
4637 2724 5065 2812 gubernato-

3103 2848 3262 2894 rum
3289 2826 3683 2909 decretum,
3739 2824 3999 2918 quibus
4023 2821 4219 2894 Deus
4254 2825 4485 2895 voluit
4531 2846 4655 2916 per
4697 2824 5064 2912 magistra-

3104 2939 3218 2994 tus
3259 2924 3426 2994 addi
3473 2924 3868 3017 aliquarum
3911 2924 4593 2995 circumstantiarum
4638 2921 5065 2994 determina-

3102 3026 3362 3106 tiones,
3411 3024 3733 3095 collectas
3762 3049 3843 3094 ex
3876 3021 4265 3114 Decalogo,
4312 3024 4425 3094 vel
4455 3023 4741 3114 optimis
4770 3027 5067 3092 demon-

3105 3122 3598 3208 strationibus,
3647 3125 3760 3195 vel
3806 3124 4159 3215 probabili
4202 3124 4481 3195 ratione
4528 3146 4675 3194 non
4707 3136 5070 3213 pugnante

3104 3248 3266 3295 cum
3292 3220 3668 3313 Decalogo.
4865 3259 4870 3266 ·

3309 3322 3418 3394 Ac
3461 3347 3910 3420 nequaquam
3952 3323 4495 3397 existimandum
4548 3339 4688 3409 est,
4755 3318 4891 3393 hoc
4938 3346 5071 3392 no-

3106 3439 3333 3498 strum
3366 3423 3477 3494 ius
3507 3426 3621 3495 vel
3655 3426 4020 3521 tyrannica
4050 3427 4341 3498 arbitria
4371 3451 4557 3512 esse,
4604 3423 4917 3496 ut·multi
4951 3447 5071 3491 su-

3110 3526 3350 3618 perbi,
3408 3524 3534 3617 qui
3580 3526 3810 3613 legum
3849 3526 4128 3595 vincula
4175 3529 4515 3612 oderunt,
4564 3525 5070 3596 vociferantur:

3110 3628 3225 3696 vel
3266 3647 3413 3696 esse
3465 3626 3775 3713 argutias
3832 3646 3954 3693 seu
4015 3624 4456 3713 praestigias,
4526 3625 4947 3710 excogitatas
4993 3639 5074 3694 ut

3111 3727 3422 3797 serviant
3484 3724 3991 3817 cupiditatibus
4053 3720 4521 3811 litigantium,
4582 3734 4666 3791 ut
4729 3722 4941 3789 multi
4993 3722 5071 3793 in

3113 3828 3324 3918 vulgo
3356 3826 3775 3919 loquuntur.
3850 3823 3988 3897 Sed
4019 3847 4096 3893 re
4123 3846 4288 3893 vera
4318 3818 4454 3892 hoc
4480 3835 4800 3893 nostrum
4831 3820 4943 3889 ius
4969 3833 5072 3890 est

3112 3953 3249 3999 vox
3275 3923 3606 4017 Decalogi
3623 3976 3648 4012 ,
3692 3940 3765 3999 et
3807 3949 3891 3994 ex
3917 3924 4267 4014 Decalogo
4299 3935 4649 3995 extructae
4676 3921 5075 3993 conclusio·-

3115 4052 3280 4113 nes,
3349 4027 3538 4097 bona
3593 4027 4088 4121 consequentia
4152 4049 4283 4117 per
4336 4025 4807 4115 magistratus:
4894 4043 5074 4115 quos

3113 4127 3306 4201 Deus
3350 4128 3726 4199 autoritate
3767 4142 3835 4199 et
3878 4126 4219 4217 sapientia
4266 4125 4604 4210 armavit,
4666 4139 4745 4195 ut
4787 4136 5076 4214 propter

3116 4228 3721 4301 confirmationem
3763 4229 4040 4316 generis
4077 4221 4374 4297 humani
4430 4249 4555 4317 per
4607 4248 4725 4296 eos
4779 4223 5075 4314 imperia

3116 4328 3732 4413 constituerentur,
3784 4341 3853 4398 et
3880 4328 4376 4398 defenderetur
4400 4325 4690 4418 politica
4719 4325 5031 4398 societas.

3322 4428 3568 4522 ltaque
3601 4443 3890 4521 propter
3914 4424 4145 4499 Deum
4174 4429 4574 4499 veneranda
4604 4439 4705 4496 est
4735 4425 5077 4515 sapientia

3117 4532 3325 4601 iuris:
3376 4532 3541 4624 quia
3574 4529 4017 4600 verissimum
4048 4542 4151 4600 est
4192 4542 4259 4599 et
4294 4529 4481 4620 ipsas
4512 4527 4736 4617 leges,
4787 4541 4854 4608 et
4894 4527 5080 4617 poli-

3118 4633 3334 4705 ticum
3387 4631 3712 4702 ordinem
3771 4653 3986 4723 opera
4027 4651 4175 4699 esse
4217 4628 4597 4720 sapientiae
4642 4641 4707 4698 et
4763 4627 5080 4697 iusticiae

3117 4732 3289 4812 Dei,
3336 4745 3407 4802 et
3450 4731 3855 4806 testimonia
3893 4730 4383 4824 providentiae
4420 4729 4509 4799 de
4532 4724 4690 4799 Deo
4719 4728 4796 4798 in
4827 4751 5079 4818 genere

3119 4828 3453 4904 humano.

3319 4928 3418 5003 Et
3450 4931 3541 5003 sit
3587 4931 3909 5004 omnium
3951 4931 4210 5002 animis
4251 4930 4465 5001 infixa
4512 4955 4646 5002 vox
4691 4929 5080 5022 sapientiae

3118 5031 3443 5117 divinae,
3494 5056 3675 5124 quae
3716 5035 3904 5123 apud
3951 5031 4402 5105 Salomonem
4451 5031 4715 5125 inquit:
4783 5028 4920 5100 Per
4973 5056 5085 5101 me

3115 5130 3347 5223 Reges
3372 5147 3692 5222 regnant,
3740 5146 3808 5203 et
3824 5131 4188 5225 Principes
4217 5132 4397 5201 iusta
4426 5135 4836 5202 decernunt.
4937 5128 5084 5202 Ex-

3116 5235 3434 5329 perimur
3462 5234 3540 5303 in
3569 5228 3702 5304 hac
3732 5234 4071 5325 pravitate
4104 5246 4395 5303 naturae
4426 5227 4809 5317 humanae,
4855 5233 5081 5302 odisse

3119 5358 3273 5404 eam
3315 5336 3537 5426 leges,
3594 5348 3930 5430 tanquam
3973 5356 4365 5418 carcerem,
4430 5347 4500 5404 et
4540 5333 4754 5403 malle
4793 5332 5083 5403 concedi

3122 5435 3474 5509 infinitam
3522 5436 3881 5509 licentiam
3928 5435 4223 5508 ludendi
4275 5433 4587 5506 vanitate
4642 5432 5086 5524 opinionum,

3121 5549 3189 5605 et
3236 5539 3563 5629 explendi
3596 5561 3806 5629 vagas
3854 5536 4290 5629 cupiditates.
4392 5534 4598 5606 Hanc
4626 5546 4916 5604 naturae
4954 5558 5089 5605 no·-

3124 5648 3305 5707 strae
3336 5638 3816 5713 infirmitatem
3867 5636 4026 5710 vult
4066 5660 4198 5710 nos
4228 5634 4417 5708 Deus
4444 5657 4848 5728 agnoscere:
4899 5649 4969 5705 et
5002 5649 5083 5706 ut
