6025 6775
488 712 584 794 1075
718 704 928 783 SCRIPTA
956 703 1033 779 PH.
1059 700 1176 775 MEL.
1204 699 1270 775 AD
1295 699 1426 773 HlST.
1451 696 1595 773 PROF.
1624 697 1692 770 ET
1716 671 1912 774 PHlLDS.
1938 698 2256 780 SPECTANTIA.
2401 708 2503 783 1076

486 910 612 979 magna
638 893 737 974 parte
760 876 866 948 Asiae
888 875 1112 945 retinuerunt
1136 875 1276 945 circiter
1299 873 1472 968 quadrin-
1524 871 1641 942 verbis
1663 871 1832 961 excerptis
1856 895 1897 940 ex
1920 867 2116 945 Alcorano:
2141 871 2199 948 ὅτι
2222 872 2290 948 otiu
2305 869 2401 971 ἦλθε
2429 873 2498 949 διὰ

489 1004 611 1083 gentos
635 1004 768 1060 annos,
795 983 908 1047 donec
932 1001 991 1045 rex
1015 975 1262 1052 Saracenicus,
1299 977 1361 1068 qui
1385 973 1473 1043 Per·
1522 965 1736 1062 θαυμάτων
1756 967 1849 1042 ἀλλὰ
1871 967 1936 1044 διὰ
1958 970 2091 1070 ξίφους
2109 973 2244 1050 δοῦναι
2266 972 2332 1049 τὸν
2360 973 2501 1071 νόμον,

490 1096 576 1164 siam
595 1085 729 1164 tenuit,
756 1095 878 1150 contra
897 1076 1153 1170 Babylonicum
1165 1077 1303 1146 Turcos
1320 1077 1473 1164 attraxit,
1523 1070 1587 1144 καὶ
1611 1075 1688 1152 τοῖς
1709 1068 1760 1164 μὴ
1783 1071 2015 1165 πειθομένοις
2036 1074 2143 1174 αὐτῷ
2165 1071 2333 1159 θάνατος
2353 1077 2454 1150 ἔσται
2473 1074 2501 1168 ἢ

489 1192 551 1287 qui
568 1186 736 1280 paulatim
754 1195 892 1271 accepta
908 1180 981 1267 lege
993 1175 1230 1248 Mohometica
1248 1188 1474 1247 excusserunt
1523 1169 1721 1266 τεμωρίαῆ
1740 1167 1880 1268 φόρους
1899 1170 2041 1247 δοῦναι.

490 1319 532 1363 ex
562 1311 673 1378 regno
708 1283 849 1353 Persico
882 1304 997 1366 regem
1033 1279 1280 1350 Saracenicum
1317 1294 1474 1368 tempore
1627 1271 1786 1344 Ordinat
1802 1275 1910 1363 igitur
1925 1278 2091 1349 militares
2114 1282 2266 1371 gradus,
2291 1279 2504 1350 etattribuit

490 1387 718 1468 Constantini
733 1377 978 1466 Monomaclri,
995 1404 1054 1449 seu
1072 1377 1228 1450 Conradi
1244 1378 1386 1462 Franci,
1400 1402 1474 1445 non
1526 1377 1677 1448 ducibus
1696 1392 1730 1446 et
1757 1376 1932 1446 militibus
1954 1390 2046 1447 certa
2068 1381 2241 1470 stipendia
2260 1405 2302 1451 ex
2319 1379 2504 1471 pensioni·

491 1494 606 1565 multo
629 1503 711 1559 aute
737 1483 895 1555 Gotlridi
925 1482 1183 1573 expeditionem
1211 1493 1404 1572 susceptam
1430 1480 1472 1547 ad
1526 1481 1592 1549 bus
1615 1479 1786 1568 publicis,
1810 1500 1899 1570 quas
1921 1501 1996 1547 non
2019 1479 2101 1548 licet
2122 1483 2164 1549 ad
2179 1483 2267 1552 alios
2282 1504 2371 1552 usus
2387 1496 2506 1552 trans-

491 1592 741 1666 Palacstinam.
793 1583 914 1655 Aede
940 1583 1233 1651 'l'urciseoloco
1259 1580 1473 1672 pluradice-
1525 1579 1627 1649 serre.
1679 1578 1819 1647 Deinde
1844 1579 2047 1666 seditiosos,
2073 1581 2263 1650 desertores
2285 1595 2320 1652 et
2342 1597 2506 1652 taxantes

494 1720 593 1767 mus.
616 1715 704 1785 quos
727 1686 833 1757 etiam
857 1685 1033 1754 veteribus
1053 1683 1273 1773 temporibus
1289 1707 1353 1752 nec
1370 1683 1474 1771 igno·
1526 1683 1662 1772 aliquid
1688 1682 1726 1748 in
1744 1678 1923 1749 Alcorano
1947 1680 2047 1752 iubet
2068 1681 2240 1764 interfici,
2263 1696 2305 1752 ut
2318 1685 2458 1771 legitur
2469 1685 2505 1752 iu

494 1816 564 1870 tam
591 1819 655 1862 nec
670 1792 829 1879 exiguam
847 1799 984 1874 gentem
1001 1785 1107 1852 fuisse
1124 1798 1268 1873 apparet
1290 1809 1330 1852 ex
1345 1781 1477 1866 Plinio,
1527 1783 1711 1873 excerptis:
1728 1783 1758 1852 ei
1775 1776 1831 1860 τὶς
1844 1773 1956 1878 λόγον
1971 1777 2128 1874 ἀπορίας
2142 1782 2235 1854 εἴποι
2247 1783 2297 1862 εἰς
2309 1778 2355 1854 τὸ
2370 1777 2506 1878 recipiar

495 1900 557 1994 qui
573 1896 710 1965 Turcos
732 1889 893 1958 nominat
917 1900 1082 1976 tanquam
1108 1886 1242 1954 vicinos
1266 1883 1476 1978 Tyssagetis,
1526 1879 1721 1977 παρευθὺς
1736 1881 1899 1977 θανάτῳ
1914 1879 2128 1976 τελευτήσει.

496 2017 530 2071 et
544 2013 627 2066 sunt
651 1995 744 2083 apud
761 1989 984 2058 Herodotum
1010 1989 1048 2054 in
1073 1985 1318 2072 Melpomene,
1344 1984 1475 2078 Tyssa-
1629 1981 1678 2052 Ut
1699 1999 1814 2054 autem
1837 1998 1873 2054 ct
1897 1985 2081 2054 illecebras
2103 1985 2228 2069 addat,
2254 1987 2415 2055 concedit
2440 2011 2503 2058 πυ-

497 2101 584 2190 getis
599 2095 709 2164 vicini
721 2094 865 2184 ῑῦρκαι,
892 2091 987 2181 quod
1005 2101 1056 2157 est
1071 2102 1131 2157 aut
1146 2086 1285 2157 Turcae
1303 2100 1363 2155 aut
1383 2085 1475 2158 lura.
1529 2078 1739 2181 λυγαμίαν,
1772 2097 1808 2152 et
1826 2085 1912 2154 sinit
1936 2087 2011 2155 lieri
2033 2085 2186 2156 divortia
2204 2088 2343 2177 privato
2357 2087 2507 2158 arbitrio

601 2196 888 2267 Consentaneum
913 2203 963 2258 est
989 2205 1104 2258 autem
1127 2203 1264 2278 gentem
1288 2188 1477 2257 Turcicam
1529 2187 1605 2254 sine
1629 2183 1828 2274 cognitione
1843 2183 2021 2268 lodicum,
2049 2202 2083 2256 et
2099 2188 2176 2257 sine
2192 2189 2374 2260 manifesta
2393 2211 2511 2265 causa,

500 2296 688 2389 significari
713 2290 1011 2385 appellationibus
1035 2283 1119 2383 Gog
1142 2305 1176 2359 et
1192 2283 1360 2382 Magog,
1389 2308 1478 2381 quos
1531 2285 1669 2355 Deinde
1694 2301 1733 2356 ut
1756 2286 1803 2354 sit
1815 2287 1950 2355 occasio
1965 2289 2233 2374 beneficentiae,
2257 2315 2344 2384 quae
2361 2293 2511 2380 prodest

500 2396 670 2471 Ezechiel
685 2396 735 2466 ait
758 2408 896 2483 gentem
907 2392 1217 2482 septentrionalem
1232 2414 1306 2461 esse
1323 2389 1410 2480 Cap.
1431 2388 1477 2459 18
1531 2391 1575 2456 ad
1592 2388 1838 2470 concordiam,
1864 2412 1938 2456 non
1955 2391 2070 2458 solum
2084 2391 2182 2460 iubet
2203 2390 2322 2480 largiri
2338 2392 2513 2482 pauperi·

501 2517 535 2573 ct
554 2499 614 2573 19.
1533 2492 1618 2572 bus,
1644 2490 1704 2558 sed
1727 2489 1831 2558 etiam
1857 2514 1921 2579 pro
1945 2491 2083 2561 delictis
2096 2492 2236 2562 ordinat
2253 2493 2402 2562 mulctas
2420 2495 2512 2562 dan·

603 2598 762 2692 Apparet
790 2610 823 2666 et
846 2593 1032 2664 Danielem
1065 2595 1109 2662 de
1134 2592 1342 2663 Saracenico
1371 2612 1479 2678 regno
1533 2594 1595 2659 das
1632 2591 1856 2680 pauperibus.
1923 2589 1976 2660 lta
2008 2592 2250 2662 remissionem
2283 2607 2512 2686 peccatorum

503 2703 620 2797 loqui,
653 2723 733 2770 cum
758 2697 926 2786 praedicit
943 2710 1087 2788 quartae
1105 2690 1330 2764 monarchiae
1351 2692 1481 2761 distro-
1505 2739 1510 2808 Ι
1532 2693 1696 2761 translcrt
1717 2690 1754 2758 iu
1780 2692 2068 2762 satisfactionem:
2101 2708 2135 2766 et
2161 2696 2191 2764 si
2217 2695 2296 2788 quis
2328 2695 2410 2765 lecit
2434 2709 2512 2766 stu·

504 2807 676 2881 ctionem,
722 2812 908 2891 postquam
933 2800 1002 2866 tale
1027 2820 1174 2885 regnum
1196 2807 1384 2863 venturum
1409 2813 1483 2861 esse
1534 2817 1635 2885 prum
1651 2807 1713 2863 aut
1727 2792 1957 2874 adulterium,
1984 2807 2045 2863 aut
2061 2794 2310 2880 iuravitfalso,
2334 2796 2437 2865 dives
2452 2818 2511 2865 ve·

505 2906 640 2998 iuquit,
663 2903 757 2994 quod
776 2914 810 2970 et
833 2923 961 2968 novam
977 2899 1173 2967 doctrinam
1188 2895 1480 2966 contumeliosam
1533 2895 1613 2964 stiat
1626 2896 1745 2963 decem
1763 2895 1907 2987 inopes,
1932 2909 1994 2965 aut
2008 2897 2155 2965 redimat
2178 2896 2294 2986 precio
2318 2897 2512 2986 captivum.

507 3018 632 3078 contra
646 3002 759 3073 Deum
785 3000 1014 3091 propagabit,
1040 3014 1074 3068 et
1095 2998 1188 3067 bella
1205 3012 1301 3087 geret
1316 2999 1483 3063 adversus
1535 2996 1643 3084 lnops
1660 2996 1785 3065 vestiat
1799 2998 1889 3065 duos
1906 3020 2085 3088 pauperes.
2136 2993 2339 3066 Homicidia
2362 3013 2396 3067 et
2414 3000 2510 3069 turta

508 3109 669 3180 Sanctus.
722 3105 763 3172 ld
788 3104 969 3193 perspicue
995 3099 1158 3190 congruit
1180 3102 1224 3166 ad
1249 3118 1396 3185 regnum
1418 3095 1484 3165 sa·
1534 3098 1639 3189 punit
1657 3097 1746 3167 sicut
1758 3097 1814 3166 lex
1829 3096 1935 3169 Mosi.
1988 3099 2040 3169 lta
2061 3100 2331 3189 duopraeeepta
2347 3099 2512 3170 utilitatis

508 3207 730 3287 racenicum,
765 3204 896 3294 inquo
925 3204 1085 3272 doctrina
1116 3220 1273 3287 expresse
1306 3196 1483 3265 contraria
1535 3220 1638 3267 causa
1665 3211 1847 3292 utcunque
1877 3200 2022 3268 retinet:
2049 3196 2133 3270 Non
2153 3199 2310 3283 occides,
2341 3214 2393 3271 et:
2430 3199 2511 3272 Non

509 3307 705 3398 Evangelio
723 3305 892 3388 traditur,
919 3327 1008 3398 quae
1021 3317 1062 3373 ut
1076 3300 1240 3372 invitaret
1263 3300 1400 3366 animos
1415 3297 1484 3364 rni-
1534 3300 1668 3370 lurtum
1690 3299 1805 3371 facies.

507 3415 646 3493 litatus,
670 3421 782 3479 astute
800 3407 893 3475 laxat
909 3406 947 3473 in
963 3403 1107 3498 privatis
1124 3401 1282 3471 moribus
1296 3400 1485 3483 licentiam,
1637 3397 1775 3470 Deinde
1797 3415 1837 3470 ut
1867 3401 2130 3473 distinctionem
2159 3426 2243 3474 suae
2272 3403 2514 3475 multitudiuis

509 3529 542 3583 et
565 3515 604 3579 in
627 3512 768 3599 publica
792 3508 1050 3578 consociatione
1080 3501 1365 3585 beneficentiam,
1398 3525 1484 3570 con·
1536 3527 1556 3571 a
1580 3502 1725 3572 caeteris
1747 3503 1910 3591 gentibus
1933 3506 2082 3588 laceret,
2123 3517 2159 3574 et
2185 3506 2305 3598 eliqua
2330 3504 2515 3595 religionis

510 3611 664 3680 cordiam
681 3625 714 3678 et
731 3612 836 3677 decus
853 3609 1003 3678 militiae
1018 3606 1212 3676 confirmat.
1236 3600 1284 3673 Et
1299 3602 1380 3698 quia
1397 3602 1486 3672 scie·
1537 3603 1669 3695 species
1691 3617 1799 3688 esset,
1838 3605 2055 3676 ceremonias
2083 3606 2241 3691 addidit,
2282 3608 2344 3676 sed
2374 3628 2516 3697 paucas,

509 3713 572 3780 bat
588 3707 732 3776 dissidia
750 3709 838 3775 oriri
853 3710 897 3775 de
912 3708 1115 3776 difficilibus
1128 3706 1308 3791 articulis,
1334 3703 1484 3797 quinon
1537 3704 1619 3797 quia
1642 3704 1746 3774 turba
1765 3705 1929 3777 militaris
1948 3730 2023 3777 non
2044 3708 2182 3801 patitur
2203 3708 2314 3779 multa
2336 3709 2422 3778 talia
2438 3707 2517 3778 vin-

511 3810 715 3881 iudicantur
735 3807 892 3884 ratione,
917 3806 1070 3876 removit
1092 3807 1292 3877 doctrinam
1312 3809 1356 3874 de
1372 3804 1487 3874 tribus
1538 3806 1627 3876 cula.
1719 3814 1725 3823 “

510 3909 676 3984 Personis
696 3908 912 3991 divinitatis,
935 3923 968 3979 et
994 3909 1177 3979 contendit
1192 3920 1329 3976 tanturn
1343 3905 1485 3973 unicam
1636 3903 1803 3978 Retinuit
1836 3909 2160 3997 circumcisionem,
2204 3922 2245 3983 ut
2292 3908 2523 3978 confirmaret

510 4035 695 4107 personam
712 4035 785 4081 esse
800 4008 929 4083 Deum.
964 4008 1077 4100 Negat
1093 4010 1130 4077 in
1147 4003 1290 4079 Christo
1307 4009 1396 4077 duas
1412 4027 1485 4074 esse
1538 4009 1799 4098 persuasionem
1815 4012 1981 4100 deregno
1996 4014 2172 4103 promisso
2188 4007 2372 4103 posteritati
2389 4003 2522 4082 Sarae,

509 4131 663 4187 naturas·
1541 4107 1698 4177 instituit
1720 4111 1815 4178 diem
1837 4113 1989 4191 festum,
2015 4114 2080 4207 qui
2101 4113 2200 4183 nobis
2221 4122 2270 4178 est
2290 4120 2412 4176 sextus
2439 4109 2520 4177 dies

611 4214 707 4284 Haec
730 4212 831 4281 avide
859 4211 1079 4301 accipiebant
1103 4206 1242 4289 ludaei,
1281 4220 1315 4276 et
1342 4206 1487 4295 plurimi
1542 4207 1801 4279 hebdomadae:
1849 4212 1949 4283 iubet
1985 4214 2145 4307 quotidie
2172 4210 2241 4279 dici
2269 4208 2519 4298 precationem

511 4318 573 4411 qui
590 4313 850 4386 Samosatenica
871 4312 1028 4399 contagia
1047 4310 1172 4378 inillis
1197 4307 1282 4378 loeis
1299 4302 1487 4393 habebant,
1539 4312 1743 4405 quinquies:
1768 4315 1931 4385 concedit
1952 4316 2047 4386 vesci
2061 4313 2214 4385 omniurn
2234 4311 2520 4404 quadrupedum,

510 4422 602 4492 sicut
624 4431 658 4487 et
678 4429 842 4486 narratur
859 4416 895 4482 iu
915 4408 1101 4480 Alcorano
1115 4410 1301 4479 scribendo
1316 4401 1486 4502 Sergium
1539 4414 1724 4483 volucrum
1742 4428 1776 4485 et
1791 4414 1938 4501 piscium
1955 4418 2135 4496 carnibus,
2161 4424 2305 4503 excepta
2317 4410 2425 4481 suilla
2441 4434 2520 4479 car.

511 4513 744 4595 monachum,
786 4532 819 4586 et
850 4517 938 4586 alios
961 4516 1132 4608 quosdam
1153 4506 1348 4579 haereticos
1372 4525 1406 4581 et
1427 4508 1489 4579 lu·
1539 4537 1604 4583 ne:
1647 4516 1871 4585 servantibus
1890 4513 1985 4611 'hanc
2005 4518 2113 4606 legem
2139 4512 2317 4608 promittit
2349 4511 2520 4581 victorias

510 4629 617 4695 daeos
639 4615 818 4688 adhibitos
843 4641 937 4701 esse,
964 4640 1115 4707 quorum
1142 4610 1397 4682 deliberatione
1422 4636 1487 4702 po·
1540 4629 1574 4684 et
1594 4638 1677 4705 opes
1702 4616 1738 4683 iu
1763 4612 1828 4685 bac
1854 4618 1945 4703 vita,
1971 4632 2005 4688 et
2024 4632 2103 4708 post
2118 4612 2213 4685 banc
2228 4616 2336 4683 vitam
2352 4612 2393 4681 in
2408 4610 2520 4682 Para-

511 4724 648 4816 pularia
673 4723 834 4809 dogmata
858 4719 965 4787 electa
992 4718 1084 4799 sint,
1105 4729 1139 4785 et
1157 4736 1212 4783 res
1231 4713 1386 4782 ostendit
1401 4709 1488 4782 haec
1540 4718 1636 4799 diso,
1662 4731 1702 4786 ut
1717 4719 1791 4806 ipse
1806 4721 1965 4789 nominat
1981 4717 2128 4789 delicias
2142 4734 2178 4789 et
2192 4715 2319 4806 gaudia
2335 4714 2416 4783 sine
2435 4714 2520 4793 line,

511 4825 584 4893 duo
606 4835 716 4893 astute
740 4820 886 4889 confusa
910 4842 1001 4901 esse,
1033 4810 1354 4886 enthusiasmorum
1378 4815 1488 4884 simu·
1540 4842 1580 4886 ac
1602 4831 1698 4886 certo
1720 4819 1842 4888 beatos
1862 4824 1937 4890 lore
1949 4822 2103 4889 affirmat
2118 4842 2240 4891 omnes
2257 4814 2398 4886 sortiter
2414 4838 2520 4907 prae-

512 4924 679 5006 lationes,
704 4935 737 4991 et
757 4924 919 5010 dogmata
938 4916 1142 5010 popularia,
1168 4915 1257 4985 sicut
1272 4915 1310 4983 lit
1328 4916 1372 4983 ab
1389 4913 1488 4986 Ana·
1539 4920 1666 4988 liantes
1681 4921 1718 4987 in
1737 4920 1822 4990 acie.

510 5025 683 5112 baptistis.
1470 5041 1478 5059 ·
1642 5018 1717 5089 Has
1740 5022 1834 5111 leges
1856 5046 1936 5092 curn
1953 5022 2059 5092 turba
2075 5020 2240 5090 militaris
2253 5018 2411 5088 libenter
2428 5018 2520 5087 acci·

616 5123 755 5195 Deinde
795 5120 927 5195 taxavit
968 5115 1195 5191 Mahometus
1235 5115 1488 5211 Evangelium,
1541 5136 1659 5214 peret,
1691 5124 1759 5192 cito
1781 5123 1892 5194 crevit
1920 5123 2131 5207 multitudo,
2168 5136 2202 5193 et
2235 5119 2409 5189 victoriae
2438 5119 2524 5207 legis

511 5225 608 5321 quod
629 5220 817 5313 prohibeat
847 5224 1058 5307 vindictam,
1089 5234 1123 5291 et
1145 5244 1219 5289 non
1244 5232 1345 5310 cogat
1368 5222 1486 5309 gladio
1540 5225 1763 5295 autoritatem
1786 5238 1968 5293 auxerunt.
2029 5220 2096 5293 Est
2114 5237 2232 5292 autem
2253 5222 2369 5291 forma
2393 5244 2525 5312 prope·

511 5325 663 5422 populos
685 5326 730 5391 ad
754 5325 1005 5396 obedientiam.
1059 5320 1107 5392 Ut
1129 5322 1235 5409 igitur
1258 5322 1370 5410 legem
1388 5345 1486 5392 suam
1541 5327 1683 5393 rrrodum
1704 5324 1897 5395 Laconicae
1913 5326 2058 5405 similis,
2086 5323 2272 5417 praecipue
2291 5323 2336 5390 ad
2355 5322 2526 5393 militiam

510 5441 663 5501 armaret
686 5419 930 5503 Mahometus,
956 5424 1041 5493 dicit
1065 5419 1252 5511 imperium
1275 5446 1357 5490 suae
1381 5423 1488 5511 genti,
1539 5424 1683 5497 directa.

510 5531 593 5625 quia
610 5528 657 5599 sit
673 5536 752 5597 orta
767 5547 786 5591 a
803 5522 908 5605 Sara,
933 5524 1144 5612 promissum
1163 5546 1253 5607 esse,
1280 5537 1314 5592 et
1328 5524 1363 5591 id
1380 5526 1488 5593 armis
1641 5524 1868 5614 Scripserunt
1882 5527 2113 5597 refutationes
2129 5524 2270 5609 Graeci,
2297 5548 2392 5618 quas
2410 5526 2530 5621 inspi-

512 5630 755 5719 occupandum
773 5645 864 5707 esse,
888 5635 921 5692 et
937 5624 1109 5713 cogendas
1130 5648 1202 5693 esse
1219 5648 1343 5693 omnes
1357 5639 1487 5711 gentes,
1541 5649 1620 5695 cere
1635 5625 1723 5694 utile
1739 5640 1809 5712 est,
1835 5628 1871 5697 in
1887 5630 2018 5720 quibus
2032 5623 2100 5697 boc
2116 5642 2209 5697 recte
2222 5626 2375 5702 dicitur.

511 5742 551 5799 ut
565 5744 626 5799 aut
641 5730 707 5817 legi
724 5721 985 5798 Malrometicae
1001 5724 1187 5805 obediant,
1210 5738 1271 5793 aut
1285 5725 1406 5792 vivant
1422 5750 1486 5814 op-
1641 5724 1783 5797 Nullam
1801 5732 1998 5799 doctrinam
2015 5731 2061 5799 de
2076 5725 2153 5799 Deo
2174 5727 2418 5821 posteriorem
2434 5727 2534 5825 Apo·

511 5830 621 5919 pressi
643 5830 822 5903 servitute.
874 5823 970 5897 Haec
996 5825 1090 5896 enim
1113 5828 1220 5897 verba
1251 5824 1418 5911 leguntur
1447 5827 1484 5893 in
1541 5824 1658 5913 stolis,
1684 5832 1815 5923 quihus
1833 5831 1926 5901 lilius
1943 5830 2009 5901 Dei
2025 5829 2281 5913 resuscitatione
2297 5846 2535 5907 mortuorum
