6025 6775
1048 670 1077 748 1.
1127 662 1420 744 CHRONlCON
1446 644 1693 741 camonis.
1743 655 1870 733 PARS
1897 655 1945 733 ll.

495 683 590 775 1021
2406 674 2503 748 1022

595 847 733 920 Indicta
759 843 817 919 'est
837 844 1003 941 Synodus
1032 844 1140 913 altera
1163 836 1298 932 Ephesi
1321 836 1478 917 infoelix,
1530 853 1627 916 sum,
1653 843 1693 903 ut
1722 830 1866 900 reducat
1896 827 2044 901 ludaeos
2075 832 2115 902 in
2138 839 2285 926 patriam
2314 867 2377 935 per
2398 868 2506 920 mare.

495 956 533 1020 in
558 975 627 1045 qua
650 949 783 1020 iudices
804 949 948 1019 armatis
968 945 1141 1015 militibus
1157 942 1245 1032 septi
1259 943 1420 1022 fuerunt,
1444 950 1479 1008 et
1530 929 1686 1019 Vagatur
1700 930 1836 1019 integro
1850 953 1943 1000 anno
1958 955 2023 1022 per
2036 930 2189 1018 Cretam,
2215 940 2396 1017 etludaeis
2410 949 2506 1019 diem

495 1054 700 1123 confirmata
723 1063 775 1120 est
797 1045 967 1142 Eutychis
991 1044 1114 1137 opinio
1135 1043 1286 1111 factione
1301 1034 1479 1108 Dioscuri
1529 1032 1720 1104 constituit.
1758 1030 1879 1119 Fingit
1895 1032 2070 1118 vaticinia,
2098 1036 2232 1126 colligit
2248 1049 2445 1134 pecuniam,
2471 1064 2505 1121 et

494 1152 661 1242 Episcopi
677 1148 919 1220 Alexandrini.
971 1145 1162 1216 Flavianus
1173 1140 1371 1231 Episcopus
1381 1137 1477 1210 Con·
1528 1132 1670 1200 landem
1694 1133 1752 1202 die
1777 1132 1967 1202 consillum
1996 1134 2139 1207 adducit
2166 1141 2431 1215 multitudinem
2461 1153 2506 1221 ad

495 1252 829 1342 stantinopolitanus
856 1261 949 1318 recte
975 1245 1128 1315 sentiens
1151 1242 1306 1312 calcibus
1328 1265 1369 1310 ex
1391 1264 1476 1309 con·
1527 1232 1645 1316 lilius,
1671 1233 1734 1303 ubi
1747 1234 1846 1304 iubet
1861 1232 1994 1323 primos
2007 1235 2148 1307 desilire
2162 1239 2201 1307 in
2215 1265 2328 1327 mare,
2356 1270 2506 1337 quorum

494 1375 592 1422 sessu
613 1353 794 1442 expulsus,
820 1363 854 1419 et
874 1349 992 1417 triduo
1015 1359 1094 1436 post
1109 1355 1268 1412 mortuus
1285 1355 1354 1427 est,
1379 1364 1476 1409 mor·
1527 1334 1640 1427 aliqui
1658 1358 1736 1404 cum
1759 1334 1991 1420 desiliisscnt,
2016 1337 2205 1426 perierunt.
2256 1339 2344 1413 Mox
2366 1347 2507 1418 adeum

494 1468 595 1523 tuum
626 1453 730 1522 etiam
753 1448 944 1519 Dioscorus
967 1446 1117 1537 pedibus
1139 1442 1296 1514 calcavit.
1354 1437 1420 1511 Est
1442 1454 1476 1510 et
1528 1435 1645 1503 lotum
1669 1436 1778 1505 vicini
1801 1450 1927 1505 nautae
1951 1453 2159 1526 properant,
2194 1453 2228 1511 et
2254 1444 2392 1539 aliquos
2418 1450 2508 1518 reci-

494 1546 741 1635 Theodorus,
766 1554 865 1620 cuius
880 1561 999 1619 extant
1014 1546 1154 1638 scripta,
1180 1545 1342 1634 adempta
1357 1541 1476 1629 digni·
1528 1534 1648 1624 piunt,
1673 1551 1706 1605 et
1722 1539 1766 1605 ad
1778 1537 2043 1607 multitudinem
2066 1542 2324 1629 vociferantur,
2350 1570 2396 1615 ne
2415 1550 2508 1618 desi.

493 1668 555 1722 tas.
606 1649 836 1743 Denique'ita
851 1661 925 1717 acta
940 1662 1024 1720 sunt
1037 1647 1177 1729 omnia,
1201 1658 1243 1715 ut
1258 1640 1343 1712 haec
1359 1642 1474 1735 Syno-
1528 1633 1626 1702 liant.
1679 1634 1730 1705 lta
1749 1638 1940 1709 multitudo
1962 1653 2096 1710 servata
2121 1655 2189 1727 est,
2219 1656 2252 1713 et
2277 1644 2446 1737 impostor
2470 1671 2508 1722 se

494 1755 561 1823 dus
582 1752 628 1822 sit
642 1750 803 1831 infamis,
831 1763 865 1820 ct
879 1750 1066 1824 nominuta
1081 1748 1126 1817 sit
1142 1739 1334 1842 ληστρικὴ,
1360 1743 1398 1812 id
1414 1756 1476 1828 est,
1527 1734 1707 1808 subduxit.
1758 1735 1854 1806 Haec
1883 1740 1948 1809 luit
1982 1742 2116 1810 occasio
2148 1744 2289 1824 multis,
2324 1761 2364 1816 ut
2384 1750 2507 1822 relicto

492 1854 672 1923 latronum
689 1873 892 1925 concursus,
1149 1908 1151 1913 ,
1529 1833 1707 1916 ludaismo
1721 1837 2015 1928 amplecterentur
2027 1838 2377 1922 doctrinamChristi.
2415 1847 2506 1921 Cum

596 1950 723 2023 Monet
744 1951 851 2041 igitur
874 1949 1090 2044 exemplum,
1116 1961 1155 2017 ut
1175 1946 1214 2014 in
1238 1944 1474 2015 convocandis
1528 1949 1644 2004 antem
1660 1937 1809 2026 singulis
1824 1939 1996 2009 aetatibus
2008 1942 2120 2034 aliqui
2138 1945 2222 2015 tales
2238 1947 2310 2018 sint
2325 1943 2508 2022 Cretenses

493 2050 648 2145 Synodis
682 2049 923 2143 circumspecti
962 2048 1034 2119 sint
1070 2047 1266 2140 principes,
1310 2059 1344 2115 et
1378 2045 1472 2137 qnod
1526 2034 1671 2122 Mosae,
1704 2039 1767 2131 qui
1794 2039 1882 2108 ialso
1912 2052 2093 2130 praetextu
2122 2046 2304 2135 religionis
2333 2052 2507 2124 tumultus

494 2147 700 2220 Theodosio
717 2153 851 2245 alioqui
865 2153 966 2222 hono
982 2148 1135 2241 principi
1155 2143 1242 2217 haec
1262 2158 1338 2215 acra
1352 2158 1473 2214 notam
1527 2137 1689 2218 excitant,
1717 2141 2007 2213 commonefaciat
2022 2142 2167 2215 lectores
2184 2141 2269 2218 hacc
2282 2144 2441 2237 historia,
2467 2167 2507 2224 ut

493 2264 734 2342 asperserunt,
765 2253 873 2322 simus
895 2272 1068 2319 memores
1091 2244 1266 2317 humanae
1283 2246 1473 2316 infirmita·

493 2351 556 2434 tis,
589 2354 632 2419 de
655 2374 725 2442 qua
749 2352 973 2423 dictumest:
1006 2347 1089 2417 Non
1110 2361 1162 2418 est
1186 2348 1297 2417 iustus
1311 2347 1349 2415 in
1367 2360 1472 2431 terra,

1525 2238 1597 2310 sint
1617 2263 1790 2310 memores
1811 2241 1911 2310 dicti:
1938 2239 2092 2313 Probate
2114 2246 2276 2336 spiritus,
2302 2274 2346 2318 an
2370 2277 2411 2323 ex
2425 2251 2503 2324 Deo

1524 2338 1608 2414 sint.
1658 2336 1707 2410 Et
1727 2343 1856 2430 cogites
1878 2342 1967 2411 illud
1991 2340 2214 2434 Epicharmi:
2238 2353 2333 2443 νῆφε
2354 2349 2416 2422 καὶ
2438 2352 2504 2444 με’-

495 2450 555 2542 qui
571 2473 649 2519 cnm
665 2452 873 2534 bonnsecir,
899 2447 1089 2517 nonetiam
1107 2461 1234 2540 peccet.
1274 2447 1378 2520 Item:
1402 2441 1473 2538 μό-
1522 2462 1645 2533 μνησο
1659 2438 1826 2515 ἀπιστεῖν
1842 2441 1971 2537 ἄρθρα
1986 2449 2106 2516 ταῦτα
2121 2453 2282 2543 φρενῶν,

493 2574 563 2621 νου
579 2547 672 2623 θέον
686 2549 796 2650 γέρας
812 2546 927 2621 τέλεια
945 2544 1066 2642 ἀρετὴ.
1104 2547 1230 2618 Postea
1248 2544 1472 2618 Theodosios

492 2673 681 2738 agnoscens
704 2673 880 2734 errorem,
913 2650 1115 2740 obiurgavit
1146 2648 1348 2737 coniugem,
1382 2673 1471 2745 quae

492 2752 662 2820 simulans
684 2763 825 2835 votum,
850 2751 1005 2842 prosecta
1030 2763 1081 2821 est
1104 2737 1365 2843 Ierosblymam.
1421 2749 1470 2820 lta

492 2864 573 2941 post
594 2864 725 2940 septem
750 2872 863 2920 annos
887 2846 1076 2921 Pulcheria
1103 2852 1143 2920 in
1167 2851 1281 2921 aulam
1309 2866 1470 2923 revocata

493 2964 563 3034 est,
591 2974 655 3020 nec
675 2951 737 3020 diu
759 2964 839 3043 post
854 2946 1078 3022 Theodosius
1103 2952 1209 3035 vixit,
1235 2952 1334 3023 cuius
1358 2966 1471 3022 morte

494 3066 528 3121 ct
544 3052 675 3121 Attilae
697 3052 800 3121 bellis
824 3052 994 3144 impedita
1012 3066 1065 3124 est
1086 3052 1241 3143 sognltio
1267 3068 1472 3124 controver-

493 3152 565 3219 siae
578 3147 750 3245 Eutychis
772 3175 883 3246 usque
904 3156 948 3223 ad
971 3154 1116 3224 tertium
1137 3178 1271 3224 annum
1287 3152 1471 3226 Martiani.
1549 3219 1552 3223 .

494 3248 596 3339 Quae
609 3252 741 3323 fuerint
754 3253 958 3344 praestigiae
973 3249 1162 3348 Eutychis,
1187 3268 1273 3327 tunc
1290 3279 1472 3348 exponam,

493 3375 573 3423 eum
589 3355 631 3424 de
647 3348 928 3426 Chalcedonensi
943 3351 1088 3448 Synodo
1105 3356 1254 3427 dicetur.

748 3575 816 3646 De
842 3576 1060 3646 Cretense·
1083 3577 1213 3646 Mose·

595 3719 636 3790 ln
652 3722 871 3813 temporibus
883 3714 1088 3791 Theodosii
1101 3734 1193 3792 extat
1206 3719 1363 3791 narratio
1379 3721 1472 3812 apud

494 3823 673 3893 Socratem
705 3818 914 3895 historicum
950 3824 994 3892 de
1026 3819 1184 3895 Cretensi
1214 3820 1335 3903 Mose,
1367 3845 1472 3915 quam

492 3936 637 4013 propter
682 3924 863 4016 scriptoris
906 3924 1111 4013 gravitatem
1153 3923 1255 3992 nolui
1300 3924 1473 3993 omittere.

491 4021 598 4094 Posse
617 4024 711 4093 enim
725 4026 881 4093 accidere
901 4025 1009 4093 miras
1031 4024 1261 4114 imposturas,
1288 4024 1392 4094 etiam
1406 4048 1474 4092 no-

495 4137 563 4193 stra
579 4139 671 4196 aetas
687 4125 778 4195 vidit
791 4124 829 4192 in
847 4125 1006 4214 exemplo
1023 4123 1314 4209 Monastericnsi,
1342 4125 1404 4195 ubi
1420 4125 1474 4192 fa-

494 4223 602 4293 natici
622 4221 785 4295 homines
809 4225 1019 4295 simularunt
1047 4221 1324 4309 enthusiasmos,
1350 4239 1384 4295 et
1407 4249 1473 4294 no-

494 4346 578 4391 vum
592 4347 738 4413 regnum
756 4324 967 4395 constituere
982 4339 1190 4416 coeperunt:
1217 4326 1316 4396 Sicut
1339 4337 1373 4393 et
1386 4325 1472 4394 olim

495 4423 534 4489 in
551 4424 681 4513 oppido
700 4420 871 4518 Phrygiae
889 4421 1026 4516 Pepuza
1048 4426 1192 4496 fanatici
1207 4420 1369 4494 homines
1387 4449 1473 4495 con-

496 4537 703 4606 currerunt,
729 4538 762 4594 et
783 4547 944 4616 magnam
969 4525 1155 4617 pecuniam
1178 4539 1359 4616 praetextu
1376 4527 1473 4602 ¹vati-

496 4624 669 4693 ciniorum
693 4623 925 4713 collegerunt,
956 4630 1068 4699 donee
1096 4628 1238 4696 tandem
1261 4623 1472 4697 Μωιίαηιιε

494 4747 617 4794 eorum
638 4724 803 4812 magister
824 4726 891 4796 sibi
912 4729 1037 4822 laqueo
1067 4728 1175 4797 vitam
1197 4728 1330 4814 finivit,
1355 4743 1389 4799 et
1403 4729 1472 4822 ,atii

494 4825 574 4894 aliis
593 4824 730 4897 casibus
745 4824 933 4916 perierunt.

596 4937 700 5009 Talia
725 4938 881 5029 exempla
896 4943 1092 5013 meminisse
1106 4942 1194 5013 utile
1214 4956 1285 5030 est,
1310 4967 1355 5014 ne
1370 4967 1473 5036 prac-

495 5038 736 5128 stigiaturibus
756 5040 976 5131 inexplorato
996 5044 1176 5115 doctrinae
1198 5067 1324 5133 genere
1351 5048 1472 5115 creda·

495 5154 570 5224 tur,
601 5153 635 5211 et
660 5154 700 5211 ut
724 5141 880 5232 precatio
905 5142 951 5211 sit
970 5146 1164 5230 ardentior,
1196 5158 1234 5215 ut
1258 5143 1353 5216 Deus
1376 5159 1472 5237 regat

494 5254 646 5324 mentes,
672 5264 717 5310 ne
732 5242 868 5335 laqueis
883 5239 1027 5312 Diaboli
1041 5245 1284 5338 implicentur,
1308 5246 1399 5316 sicut
1415 5247 1472 5316 vi·

495 5343 612 5411 dimus
630 5342 701 5432 ipsi
721 5344 922 5432 ingeniosos
945 5338 1105 5415 homines
1128 5342 1348 5419 horribiliter
1371 5369 1471 5416 cver-

495 5464 551 5512 sos
580 5465 653 5513 esse
682 5443 723 5513 in
746 5444 919 5518 seditione
951 5443 1182 5535 agricolarum
1215 5463 1248 5521 et
1280 5449 1367 5520 urbe
1388 5447 1472 5520 Mo-

494 5545 715 5616 nasteriensi.

595 5659 754 5736 Historia
782 5689 865 5736 vero
894 5662 1074 5737 Cretensis
1101 5654 1187 5733 haec
1216 5683 1282 5740 est:
1316 5668 1472 5759 Quidam

493 5763 667 5853 impostor
690 5766 871 5860 simulavit
893 5788 930 5840 se
953 5786 1027 5838 esse
1047 5763 1195 5871 Mosen,
1222 5771 1318 5841 coelo
1343 5773 1472 5844 ‹lemis-

1575 2642 1682 2713 Anno
1709 2644 1835 2714 mundi
1859 2657 1982 2739 quater
1999 2645 2186 2719 millesimo
2201 2653 2506 2744 quadringentesi-

1726 2769 1786 2813 mo
1802 2747 1938 2816 decimo
1958 2760 2066 2816 sexto.

1575 2840 1683 2912 Anno
1700 2842 1838 2915 Romae
1852 2846 2040 2915 millesimo
2058 2849 2297 2920 ducentesimo
2314 2869 2449 2945 quarto.

1576 2943 1683 3013 Anno
1707 2939 1840 3016 Christi
1864 2948 2183 3041 quadringetesimo
2215 2953 2505 3048 quinquagesimo

1732 3060 1871 3140 quarto.

1845 3204 2187 3277 Martianus.

1627 3340 1855 3421 Martianus
1875 3347 2081 3423 Theodosio
2105 3358 2260 3427 secundo
2282 3356 2321 3428 in
2346 3354 2507 3433 Orientis

1526 3450 1676 3539 imperio
1697 3454 1878 3537 successit,
1903 3478 1982 3523 cum
2004 3455 2126 3527 luisset
2149 3471 2251 3529 antea
2266 3460 2392 3530 ductor
2407 3486 2506 3534 exer·

1526 3551 1617 3620 citus
1632 3546 1827 3621 Theodosii
1842 3555 1988 3624 secundi
2006 3555 2045 3625 in
2059 3554 2178 3628 Africa
2198 3573 2320 3630 contra
2336 3560 2508 3633 Genseri·

1527 3674 1626 3736 cum,
1651 3665 1684 3722 et
1703 3653 1832 3723 deinde
1857 3655 1894 3723 in
1915 3655 2018 3750 Syria
2045 3672 2165 3729 contra
2191 3658 2333 3747 Persas,
2358 3687 2432 3734 non
2448 3688 2506 3735 so-

1525 3753 1601 3820 lum
1625 3766 1769 3843 propter
1788 3756 1953 3825 militiam
1972 3758 2185 3828 antecellens
2209 3763 2413 3848 autoritate,
2444 3768 2504 3835 sed

1527 3854 1631 3923 etiarn
1653 3867 1797 3946 propter
1820 3857 1995 3928 iusticiam
2014 3871 2046 3927 ct
2060 3860 2236 3950 pietatem.
2289 3860 2379 3933 Cum
2397 3865 2506 3954 igitur

1525 3977 1651 4043 magua
1665 3971 1752 4025 esset
1768 3959 1937 4026 autoritas
1953 3952 2162 4025 Pulcheriac
2183 3961 2314 4029 sororis
2330 3959 2505 4035 Tbebdo-

1525 4055 1568 4124 sii
1588 4055 1754 4137 secundi,
1779 4049 1870 4140 ¹haee
1889 4054 2108 4124 Mattianum
2138 4057 2207 4126 iam
2234 4060 2427 4147 ingressum
2451 4089 2506 4135 se-

1525 4167 1663 4225 nectam
1683 4165 1827 4244 proptcr
1849 4153 2015 4224 virtutem
2040 4159 2085 4225 ad
2106 4158 2307 4248 coniugium
2324 4164 2415 4232 etad
2436 4165 2505 4234 im-

1526 4255 1663 4347 perium
1678 4254 1860 4340 invitavit,
1885 4256 1944 4323 sed
1963 4251 2030 4325 hoc
2047 4271 2168 4346 pacto,
2193 4283 2238 4329 nc
2262 4285 2338 4330 eam
2354 4256 2505 4355 attinge-

1525 4368 1596 4440 ret,
1623 4356 1705 4449 quia
1728 4355 1797 4425 iam
1818 4357 2065 4446 grandiuscula
2089 4356 2260 4429 moritura
2283 4377 2370 4433 esset
2392 4365 2502 4455 virgo.

1525 4452 1658 4528 Tenuit
1688 4456 1876 4548 imperium
1901 4456 2100 4529 Martianus
2127 4482 2221 4529 anno
2242 4485 2300 4530 sex
2317 4477 2350 4533 et
2366 4488 2506 4537 menses

1524 4582 1594 4633 sex.
1643 4554 1691 4628 Et
1711 4571 1752 4629 ut
1773 4555 1950 4628 Ecclesiae
1973 4558 2167 4629 discordias
2192 4563 2348 4648 sedaret,
2372 4566 2505 4639 feritet

1525 4684 1604 4729 cum
1613 4657 1727 4729 Persis
1742 4675 1777 4730 et
1792 4682 1870 4729 cum
1880 4656 2052 4729 Vandalis
2067 4661 2105 4728 in
2115 4661 2235 4730 Africa
2249 4688 2380 4754 pacem.
2410 4665 2503 4738 Nam

1524 4761 1575 4830 ibi
1591 4761 1678 4830 olim
1693 4760 1851 4853 captivus
1867 4761 2074 4853 promiserat
2091 4758 2300 4850 Genserico,
2327 4788 2363 4833 se
2381 4767 2410 4836 si
2430 4765 2504 4836 lm·

1524 4875 1667 4953 perator
1688 4862 1808 4952 lieret,
1842 4885 1917 4931 non
1946 4863 2127 4933 illaturum
2158 4863 2290 4933 bellum
2321 4864 2502 4940 Vandalis.

1524 4962 1735 5034 Gensericus
1750 4964 1844 5032 enim
1859 4964 2100 5054 contemplans
2114 4963 2287 5053 captivos,
2314 4966 2448 5039 viderat
2469 4968 2502 5039 ei

1524 5063 1713 5155 dormienti
1729 5063 1767 5130 in
1784 5087 1919 5150 campo,
1940 5079 1973 5133 et
1989 5067 2027 5134 in
2042 5076 2139 5134 aestu
2151 5065 2305 5157 aquilam
2322 5079 2503 5160 tegereca-

1523 5180 1605 5259 put,
1630 5167 1675 5232 ne
1699 5163 1807 5231 radiis
1826 5162 1921 5233 Solis
1945 5165 2152 5235 laederetur.
2203 5161 2281 5236 Hoc
2303 5171 2500 5260 spectaculo

1523 5268 1713 5336 delectatus
1736 5264 1869 5337 dimisit
1891 5289 1991 5349 eum,
2016 5265 2501 5361 praesagiensimpcratorem

1523 5369 1616 5452 lore,
1642 5380 1676 5436 et
1691 5378 1813 5456 pactus
1829 5379 1894 5451 est,
1920 5389 1967 5435 ne
1980 5364 2152 5438 Vandalis
2168 5369 2303 5439 bellum
2319 5370 2473 5438 inferret.
2499 5454 2502 5460 Ι

1624 5467 1732 5537 Anno
1755 5469 1909 5537 secundo
1928 5464 2099 5539 Martiani
2123 5466 2235 5540 Attila
2257 5470 2369 5538 vietus
2382 5471 2501 5547 ⁴estad

1524 5568 1693 5638 Tolosam
1717 5590 1843 5659 magno
1866 5569 2022 5661 praelio,
2045 5582 2087 5640 ut
2101 5592 2207 5662 supra
2222 5569 2401 5657 diximus..
2438 5565 2501 5640 In·
2609 5581 2611 5585 ’

1525 5672 1569 5739 de
1592 5691 1766 5759 egressus,
1801 5693 1881 5740 cum
1913 5671 2005 5739 vires
2028 5670 2067 5738 in
2087 5668 2273 5741 Pannonia
2297 5686 2501 5765 reparasset,

1524 5769 1662 5842 ltaliam
1691 5770 1821 5883 invasit
1849 5783 1950 5942 cpptp
1979 5770 2163 5865 Aquileia,
2194 5766 2442 5842 Mediolanum
2466 5785 2502 5846 et
