6025 6775
986 704 1133 774 909

984 898 1187 957 rum,
1262 884 1344 942 ut
1406 884 1647 960 postea
1714 869 2028 938 deleatur
2098 879 2242 937 tota
2300 863 2550 957 politia
2601 855 2944 935 Mosaica.

983 971 1183 1042 Haec
1229 972 1613 1065 praedictio
1662 967 2023 1061 perspicue
2063 968 2320 1037 refutat
2349 966 2607 1035 multos
2643 961 2948 1031 ludaeo-

985 1098 1150 1143 rum
1197 1096 1493 1143 errores.
1591 1070 1866 1158 Negant
1905 1081 2156 1139 natum
2206 1090 2353 1137 esse
2387 1063 2766 1148 Messiam,
2815 1085 2946 1132 ne-

987 1186 1152 1262 gant
1183 1196 1547 1265 passurum
1577 1193 1743 1254 esse,
1787 1169 2123 1258 ignorant
2150 1166 2547 1238 doctrinam
2578 1165 2666 1234 de
2695 1164 2947 1233 remis-

985 1275 1208 1355 sione,
1243 1289 1311 1358 et
1341 1276 1428 1342 de
1461 1270 1732 1340 iusticia
1767 1294 1977 1364 quam
2008 1270 2227 1338 donat
2241 1265 2559 1351 Messias,
2586 1265 2945 1335 somniant

987 1374 1540 1444 instauraturum
1621 1393 1770 1440 esse
1847 1370 2172 1461 politiam
2239 1365 2655 1438 Mosaicam.
2786 1363 2944 1434 Hae

983 1470 1458 1564 blasphemiae
1512 1494 1757 1541 omnes
1817 1472 2267 1539 resumantur
2325 1465 2732 1538 testimonio
2789 1466 2944 1536 Da-

983 1575 1223 1659 nielis,
1276 1575 1468 1667 quod
1505 1585 1690 1640 extat
1739 1570 1817 1638 in
1851 1594 2011 1662 cap.
2039 1569 2111 1644 9.
2143 1566 2255 1638 his
2289 1568 2557 1638 verbis:

1185 1720 1646 1814 Septuaginta
1676 1714 2157 1789 hebdomades
2183 1717 2590 1807 praefinitae
2623 1728 2788 1785 sunt
2820 1738 2933 1784 sn-
2984 1766 2985 1772 η

1086 1848 1214 1915 per
1245 1824 1587 1916 populum
1615 1834 1818 1891 tuum
1844 1873 1865 1903 ,
1913 1833 1999 1889 ‘et
2033 1842 2244 1909 super
2273 1817 2523 1887 urbem
2557 1816 2939 1885 sanctuarii

1084 1925 1215 2008 tui,
1253 1938 1331 1995 ut
1360 1923 1650 1991 finiatur
1682 1921 2211 2011 praevaricatio,
2236 1932 2305 1987 et
2335 1918 2748 2006 obsignetur
2776 1940 2937 2007 pec-

1085 2039 1344 2109 catum,
1396 2037 1465 2092 et
1494 2023 1613 2091 fiat
1644 2021 2056 2112 propiciatio
2089 2043 2218 2110 pro
2251 2018 2650 2112 iniquitate,
2693 2030 2763 2087 et
2809 2017 2940 2085 ad-

1089 2128 1393 2195 ducatur
1420 2123 1691 2192 iustieia
1712 2121 2156 2210 sempiterna,
2189 2132 2259 2188 et
2288 2118 2728 2210 compleatur
2755 2118 2934 2187 visio

1091 2240 1160 2296 et
1189 2219 1613 2315 Prophetia,
1664 2235 1729 2291 et
1753 2234 2060 2311 ungatur
2089 2220 2389 2291 Sanctus
2440 2233 2868 2290 sanctorum.

1193 2326 1385 2393 Scito
1433 2323 1691 2410 igitur,
1750 2334 1819 2390 et
1864 2320 2262 2408 intelligito.
2366 2320 2483 2389 Ab
2532 2320 2719 2391 exitu
2786 2341 2936 2388 ser-

1086 2424 1345 2507 moniS,
1374 2435 1457 2493 ut
1484 2423 1724 2491 redeat
1761 2421 2088 2511 populus,
2129 2434 2197 2490 et
2223 2420 2624 2491 aedificetur
2654 2417 2932 2490 Ierusa-

1086 2525 1225 2592 lem
1271 2546 1491 2616 usque
1543 2524 1631 2592 ad
1676 2516 2041 2591 Christum
2080 2518 2422 2605 Ducem,
2456 2515 2934 2591 hebdomades

1083 2640 1385 2715 septem,
1447 2635 1517 2691 et
1552 2618 2024 2692 hebdomades
2067 2622 2422 2709 sexaginta
2452 2623 2659 2692 'duae
2699 2636 2929 2695 erunt.

1083 2721 1183 2794 Et
1251 2722 1731 2807 habitabitur,
1811 2735 1879 2792 et
1935 2723 2494 2794 aedificabuntur
2541 2724 2809 2815 plateae
2864 2735 2935 2793 et

1023 2854 1028 2857 ·
1084 2827 1276 2895 muri
1321 2826 1398 2892 in
1445 2823 1765 2913 angustia
1802 2836 2221 2915 temporum.

1187 2924 1284 2996 Et
1312 2938 1472 3016 post
1500 2920 1975 2994 hebdomades
2006 2925 2359 3014 sexaginta
2389 2937 2460 2996 et
2489 2925 2666 2996 duas
2696 2924 2936 2994 excin-
2990 2953 2992 2957 ¹

1085 3027 1294 3097 detur
1320 3021 1666 3098 Christus.
1736 3022 1863 3096 ‚Et
1894 3050 2043 3095 non
2078 3027 2212 3095 erit
2241 3026 2306 3094 ei
2336 3027 2641 3118 populus
2667 3039 2736 3095 et
2770 3045 2936 3094 san-

1088 3128 1460 3199 ctuarium.
1562 3122 1661 3196 Et
1702 3127 2004 3198 vastabit
2050 3127 2393 3217 populum
2436 3128 2580 3196 dux
2622 3126 2935 3196 veniens·

1087 3221 1182 3295 Et
1207 3228 1365 3295 finis
1397 3228 1544 3297 eius
1567 3228 1643 3294 in
1674 3227 2158 3299 inundatione.
2211 3225 2308 3299 Et
2333 3241 2491 3319 post
2521 3228 2736 3296 finem
2764 3226 2937 3297 belli

1088 3324 1378 3399 definita
1419 3328 1781 3398 desolatio.

1187 3424 1284 3500 Et
1324 3430 1769 3500 confirmabit
1810 3438 2300 3498 testamentum
2361 3427 2602 3498 multis
2663 3423 2936 3496 hebdo-

1089 3530 1295 3597 made
1341 3548 1506 3601 nna.
1611 3527 1710 3600 Et
1752 3531 1826 3597 in
1880 3529 2178 3597 dimidio
2216 3525 2678 3596 hebdomadis
2713 3549 2937 3596 cessa·

1088 3630 1275 3699 bunt
1304 3625 1536 3698 hostia
1566 3643 1636 3701 et
1678 3629 2122 3703 sacrificium.
2223 3626 2319 3698 Et
2348 3651 2560 3718 super
2589 3628 2770 3695 alam
2804 3627 2937 3694 erit

1090 3729 1526 3798 abominatio
1559 3731 1962 3803 desolatrix.
2052 3725 2146 3802 Et
2189 3753 2410 3821 usque
2439 3731 2525 3798 ad
2561 3729 2769 3796 finem
2802 3728 2938 3797 du-

1087 3829 1272 3898 rabit
1299 3828 1666 3920 praefinita
1702 3831 2067 3901 desolatio.

984 3977 1329 4073 Expresse
1385 3978 1661 4072 inquit:
1751 3977 1921 4048 Post
1987 3975 2460 4051 hebdomades
2538 3991 2801 4069 septem
2870 3991 2939 4047 et

989 4084 1340 4173 sexaginta
1399 4081 1614 4162 duas,
1679 4079 1755 4148 id
1797 4093 1933 4165 est,
2011 4095 2171 4173 post
2214 4077 2688 4152 hebdomades
2743 4101 2941 4147 sexa·

987 4183 1175 4269 ginta
1208 4207 1464 4254 novem
1495 4203 1865 4273 passurum
1896 4203 2043 4251 esse
2073 4175 2473 4254 Messium.
2549 4177 2646 4250 Et
2676 4179 2937 4267 insigni

988 4285 1206 4351 verbo
1235 4307 1404 4353 usus
1436 4297 1559 4369 est,
1601 4275 1874 4351 Karath
1899 4284 2090 4374 quod
2122 4283 2466 4371 significat
2494 4279 2890 4348 excindere.

1195 4380 1688 4472 intelligantur
1731 4391 1967 4451 autem
2014 4403 2379 4449 armorum
2435 4377 2939 4463 hebdomades,

1002 4495 1086 4551 ut
1132 4478 1427 4549 Levitici
1473 4483 1801 4553 vicesimo
1847 4480 2097 4574 quinto
2154 4483 2377 4571 capite
2434 4481 2543 4550 lex
2600 4479 2940 4571 loquitur.

1000 4581 1147 4651 Nec
1173 4582 1260 4649 de
1283 4579 1488 4651 initio
1513 4576 1768 4655 horum
1790 4605 2140 4653 annorum
2161 4582 2432 4673 prolixe
2464 4581 2864 4672 disputabo.

1202 4677 1360 4750 Etsi
1415 4677 1641 4773 Cyrus
1691 4696 2121 4755 concesserat
2174 4681 2452 4754 Iudaeis
2509 4682 2814 4752 reditum
2861 4680 2937 4748 in

999 4782 1326 4875 patriam,
1351 4793 1586 4851 tamen
1619 4784 1899 4856 absente
1929 4809 2014 4856 eo
2044 4807 2156 4855 res
2183 4784 2519 4875 impedita
2554 4797 2676 4854 est.
2747 4781 2938 4869 Quia

998 4882 1377 4977 Cambyses
1446 4904 1740 4951 movens
1799 4884 2066 4958 bellum
2122 4888 2457 4956 adversus
2520 4883 2942 4976 Aegyptios,

1003 4983 1232 5053 voluit
1264 4981 1562 5052 Iudaeos
1601 5005 1762 5051 cum
1807 4984 2166 5081 Aegyptiis
2208 4985 2566 5073 coniungi.
2664 4983 2941 5054 Rursus

1003 5097 1238 5155 autern
1279 5097 1434 5173 post
1474 5105 1698 5152 annos
1731 5085 2189 5176 quadraginta
2209 5110 2369 5173 sex,
2421 5106 2580 5156 cnm
2613 5106 2801 5153 anno
2835 5105 2944 5152 se-

1005 5185 1240 5256 cundo
1269 5182 1697 5273 Longimani
1739 5187 2094 5255 decretum
2139 5204 2356 5275 esset,
2402 5200 2482 5257 ut
2504 5184 2787 5256 Iudaeis
2827 5207 2945 5253 re-

1003 5287 1196 5358 ditus
1243 5287 1748 5357 concederetur
1766 5338 1788 5371 ,
1852 5286 2234 5357 aedificatio
2275 5287 2524 5382 templi
2567 5299 2635 5357 et
2676 5284 2947 5357 reditus

1007 5400 1519 5478 processerunt.
1619 5384 1804 5456 Nam
1835 5407 2025 5455 anno
2052 5383 2475 5478 Longimani
2506 5399 2725 5472 sexto,
2770 5399 2947 5457 tem-

1003 5488 1205 5581 plum
1245 5489 1676 5580 completum
1709 5502 1831 5560 est.
1928 5483 2040 5558 Eo
2073 5498 2381 5579 tempore
2408 5513 2537 5584 per
2559 5483 2949 5581 Prophetas
2993 5542 2995 5547 .

1009 5584 1422 5661 Zachariam
1486 5604 1557 5661 et
1598 5590 2001 5680 Haggaeum
2060 5588 2447 5679 promissus
2504 5603 2609 5661 est
2660 5589 2950 5662 reditus.

1007 5691 1117 5758 Ac
1146 5691 1402 5761 rectius
1436 5706 1539 5764 est
1566 5714 1841 5763 sumere
1868 5689 2156 5761 initium
2204 5683 2729 5761 hebdomadum
2765 5714 2806 5761 a
2841 5691 2953 5759 di-

1007 5789 1181 5860 vino
1228 5812 1588 5880 sermone,
1657 5793 1994 5884 ‘videlicet
2031 5784 2486 5884 prophetico,
2563 5812 2606 5858 a
2645 5793 2952 5862 secundo

2122 695 2185 773 1.
2263 685 2847 768 ennomcou
2899 683 3397 764 cAmoms,
3502 689 3756 766 PARS
3806 653 4026 766 ηιξ

4868 706 5021 778 910

3053 881 3244 927 anno
3287 857 3749 949 Longimani,
3826 877 3948 934 aut
3993 888 4031 933 a
4092 879 4307 942 sexto.
4411 868 4598 943 Sunt
4640 886 4871 944 autem
4921 879 5013 947 ab

3050 982 3238 1028 anno
3271 957 3695 1049 Longimani
3729 968 4036 1034 secundo
4057 1019 4076 1050 ,
4144 966 4334 1038 iuxta
4372 968 4880 1044 Metasthenem
4912 982 5003 1047 ad

3048 1060 3339 1143 initium,
3367 1058 3789 1147 Alexandri,
3818 1078 4122 1135 'centum
4174 1072 4632 1160 quadraginta
4678 1090 5001 1166 quatuor.

3050 1155 3166 1230 Ab
3205 1160 3411 1229 initio
3443 1162 3868 1249 Alexandri,
3933 1181 4092 1257 post
4119 1165 4324 1237 Darii
4352 1185 4653 1242 mortem
4683 1174 4873 1245 iuxta
4909 1178 4997 1245 li-

3045 1262 3214 1331 bros
3247 1259 3795 1333 Macabaeorum
3846 1278 3913 1335 et
3955 1265 4372 1358 Iosephum,
4425 1287 4592 1343 sunt
4646 1277 4818 1343 anui
4855 1290 4996 1346 tre-

3048 1361 3234 1431 centi
3266 1356 3335 1433 et
3366 1364 3606 1433 decem
3642 1386 3865 1456 usque
3894 1370 3981 1436 ad
4016 1365 4376 1440 Christum
4410 1386 4679 1446 natum.
4784 1378 4993 1448 Adde

3047 1462 3334 1550 triginta
3379 1485 3603 1533 annos
3647 1488 3687 1533 a
3731 1460 4016 1537 Christo
4063 1484 4228 1541 nato
4276 1495 4500 1565 usque
4549 1476 4639 1543 ad
4683 1477 4831 1545 eius
4865 1480 4993 1547 ba-

3046 1562 3407 1653 ptismum.
3520 1561 3757 1635 Erunt
3826 1566 4044 1654 igitur
4100 1593 4137 1638 a
4204 1577 4514 1642 secundo
4565 1572 4992 1665 Longimani
5101 1634 5110 1643 .

3043 1686 3233 1733 anno
3275 1684 3502 1754 usquo
3546 1666 3636 1732 ad
3682 1665 4107 1756 baptismum
4136 1667 4440 1758 Christi,
4491 1678 4990 1767 quadringenti

3044 1762 3397 1852 octoginta
3442 1777 3770 1854 quatuor.
3871 1766 4054 1839 Sunt
4100 1783 4334 1840 autem
4379 1768 4855 1847 hebdomades
4880 1803 4991 1848 se-

3042 1864 3321 1953 xaginta
3350 1886 3630 1944 novem,
3666 1864 3836 1932 anni
3869 1871 4363 1958 quadringenti
4395 1877 4788 1963 octuaginta
4820 1881 4985 1950 duo.

3041 1962 3318 2035 Deinde
3345 1963 3422 2032 in
3457 1964 3752 2033 dimidio
3786 1970 4141 2058 sequentis
4167 1967 4627 2047 hebdomadis
4642 1970 4989 2048 Christus

3039 2066 3496 2136 concionatus
3528 2076 3594 2133 et
3624 2087 3864 2156 passus
3897 2080 4021 2137 est.
4066 2067 4214 2139 Nec
4241 2095 4493 2160 magna
4525 2076 4991 2168 discrepantia

3039 2167 3176 2237 erit
3216 2165 3860 2256 computationum,
3908 2168 3967 2236 si
4012 2170 4343 2240 certiores
4379 2168 4704 2247 historias
4737 2202 4991 2273 sequa-

3038 2291 3240 2351 mur,
3292 2267 3563 2336 etiamsi
3597 2267 3882 2356 exiguae
3910 2268 4352 2342 differentiae
4379 2291 4769 2363 occurrent,
4823 2281 4991 2372 quia

3035 2369 3394 2456 inregum
3446 2367 3651 2436 annis
3680 2368 4036 2439 interdum
4068 2393 4233 2461 pars
4268 2374 4440 2441 anni
4470 2377 4747 2446 duobus
4783 2382 4991 2450 attri-

3034 2469 3301 2543 buitur.
3398 2465 3594 2538 Haec
3619 2492 3967 2538 annorum
3985 2466 4308 2541 Danielis
4336 2479 4792 2565 congruentia
4828 2504 4989 2550 cum

3037 2584 3350 2658 tempore
3394 2569 3740 2639 adventus
3783 2566 4050 2639 Christi
4095 2573 4232 2664 piis
4289 2588 4485 2663 grata
4543 2577 4669 2662 sit,
4735 2583 4990 2651 deinde

3036 2670 3387 2741 excidium
3418 2670 3616 2738 urbis
3647 2668 4024 2739 Ierusalem
4056 2675 4421 2764 perspicue
4450 2689 4761 2765 testatur,
4794 2680 4990 2750 Mes-

3037 2771 3212 2841 siam
3252 2763 3645 2839 exhibitum
3696 2792 3883 2854 esse,
3965 2794 4121 2839 cum
4171 2769 4489 2844 'exhiberi
4547 2800 4709 2846 eum
4757 2777 4988 2850 adhuc

3037 2882 3265 2942 stante
3306 2868 3554 2959 politia
3588 2866 3872 2939 ludaica
3911 2874 4344 2962 oportuerit,
4393 2876 4470 2943 in
4515 2901 4651 2968 qua
4682 2903 4841 2949 cum
4881 2904 4990 2949 es-

3038 2984 3140 3040 set
3188 2965 3517 3039 inchoata
3551 2966 3921 3058 Evangelii
3969 2972 4436 3060 praedicatio,
4482 2991 4722 3066 postea
4755 2979 4986 3051 deleto

3037 3065 3176 3142 hoc
3210 3070 3474 3161 populo
3507 3065 3821 3139 Ecclesia
3852 3072 4208 3161 colligitur
4236 3098 4320 3144 ex
4348 3076 4698 3165 gentibus.

3240 3168 3379 3239 Hic
3421 3169 4013 3240 considerandum
4055 3186 4192 3256 est,
4237 3188 4309 3245 et
4353 3199 4532 3270 quae
4560 3177 4705 3256 sint
4733 3178 4988 3248 discri-

3039 3272 3232 3341 mina
3276 3271 3759 3339 doctrinarum
3802 3270 3975 3360 legis
4034 3286 4104 3344 et
4150 3270 4560 3366 Evangelii,
4641 3279 4832 3373 quod
4900 3281 4993 3350 sit

3039 3372 3422 3443 discrimen
3476 3395 3686 3441 verae
3726 3369 4079 3443 Ecclesiae
4135 3398 4176 3445 a
4228 3377 4477 3467 politia
4527 3375 4851 3460 Iudaica,
4920 3395 4991 3452 et

3040 3475 3398 3566 quomodo
3440 3468 3754 3542 Ecclesia
3813 3473 3978 3544 inde
4034 3499 4259 3570 usque
4316 3479 4407 3548 ab
4446 3479 4666 3572 ,initio
4713 3480 4987 3572 generis

3025 3570 3335 3664 ‘humani
3367 3572 3658 3643 collecta
3696 3572 3809 3645 sit.

3240 3673 3457 3745 Anno
3489 3669 3758 3744 Christi
3793 3675 4144 3747 tricesimo
4180 3679 4454 3770 quinto,
4504 3701 4691 3749 anno
4712 3676 4988 3750 Tib‘erii

3039 3775 3311 3846 decimo
3355 3798 3587 3860 nono,
3631 3767 3927 3845 Paulus
3966 3778 4104 3848 iter
4139 3779 4403 3848 faciens
4442 3781 4531 3848 ad
4562 3781 4991 3860 Damascum

3040 3899 3416 3948 conversus
3443 3889 3545 3946 est
3575 3877 3664 3944 ad
3691 3877 4120 3964 agnitionem
4151 3873 4460 3968 Christi,
4497 3902 4655 3949 cum
4686 3882 4825 3950 iam
4857 3904 4992 3950 an-

3041 4000 3176 4047 nus
3238 3991 3396 4067 post
3448 3970 3718 4045 Christi
3780 3977 4362 4047 resurrectionem
4430 3994 4707 4049 exactus
4776 3996 4985 4054 asset.

3040 4077 3532 4149 Commoratus
3562 4073 3834 4164 aliquot
3856 4075 4109 4144 diebus
4135 4075 4212 4144 in
4232 4078 4409 4147 urbe
4424 4075 4791 4162 Damasco,
4826 4105 4989 4151 cum

3041 4177 3439 4247 ostenderet
3467 4197 3664 4243 suam
3691 4174 4198 4259 consessionem
4226 4178 4473 4247 Iudaei
4502 4176 4733 4251 hostes
4748 4179 4990 4251 Evan-

2994 4304 2997 4337 :
3040 4277 3209 4368 gelii
3257 4287 3665 4345 struxerunt
3707 4274 3772 4344 ei
3816 4275 4133 4350 insidias.
4236 4275 4597 4349 Demissus
4646 4283 4863 4370 igitur
4905 4306 4987 4352 ex

2994 4409 2997 4419 ·
3041 4402 3247 4446 muro
3284 4378 3364 4446 in
3389 4370 3663 4446 calatho
3694 4377 4010 4449 discessit
4039 4378 4114 4446 in
4145 4374 4508 4460 Arabiam,
4538 4395 4606 4452 et
4635 4382 4738 4452 ibi
4769 4384 4989 4452 trien-

3040 4481 3163 4549 nio
3223 4477 3487 4550 docuit.
3602 4474 3851 4547 Postea
3909 4478 4104 4549 venit
4161 4476 4707 4573 lerosolymam,
4774 4498 4842 4555 et
4885 4484 4989 4553 ibi

3042 4579 3444 4673 quindecim
3491 4577 3639 4647 dies
3686 4579 3877 4667 apud
3917 4578 4207 4652 Petrum
4248 4581 4529 4652 mansit.
4628 4581 4770 4653 Hic
4813 4608 4989 4652 con-

3041 4702 3315 4772 gressus
3338 4678 3533 4749 Petri
3562 4690 3629 4750 et
3655 4676 3899 4764 Pauli,
3945 4680 4168 4750 factus
4198 4679 4684 4777 lerosolymae,
4736 4684 4991 4756 incidit

3042 4794 3165 4852 aut
3206 4781 3281 4849 in
3325 4780 3659 4851 ultimum
3698 4803 3968 4850 annum
4002 4779 4320 4862 Tiberii,
4371 4782 4598 4854 autin
4626 4781 4988 4875 Caligulae

3042 4882 3271 4968 initia,
3297 4881 3622 4950 videlicet
3649 4881 3725 4948 in
3756 4904 4022 4950 annum
4038 4878 4305 4951 Christi
4337 4883 4769 4955 tricesimum
4796 4898 4990 4957 octa-

3043 5007 3237 5056 vum.
3303 4979 3579 5050 Deinde
3605 4977 3871 5049 Paulus
3900 4975 4227 5050 Tarsum
4260 4985 4607 5071 profectus
4636 4999 4759 5070 est,
4796 4989 4988 5056 unde

3042 5083 3261 5154 rediit
3301 5081 3379 5148 in
3408 5078 3685 5172 Syriam
3724 5095 4061 5168 regnante
4093 5078 4430 5170 Claudio,
4476 5107 4638 5171 ,cum
4669 5084 4990 5157 Herodes

3047 5176 3364 5273 Agrippa
3397 5173 3775 5271 phthiriasi
3816 5194 4139 5260 mortuus
4183 5196 4401 5271 esset,
4441 5197 4511 5255 et
4548 5185 4628 5253 in
4670 5177 4988 5257 Seleucia

3049 5298 3122 5356 et
3161 5286 3239 5353 in
3280 5278 3518 5377 Cypro
3560 5279 3825 5355 docuit.
3926 5280 4112 5354 Sunt
4141 5297 4390 5375 ,autem
4435 5285 4609 5356 anni
4649 5288 4740 5357 ab
4783 5286 4987 5356 initio

3048 5382 3408 5475 Caligulae
3458 5404 3681 5476 usque
3744 5384 3835 5452 ad
3896 5396 4199 5456 mortem
4265 5382 4573 5457 Herodis
4636 5383 4990 5477 Agrippae

3049 5499 3209 5558 octo
3227 5540 3249 5573 ,
3298 5483 3620 5555 videlicet
3644 5505 3867 5578 nsque
3889 5484 3976 5558 ad
4007 5508 4276 5558 annum
4307 5483 4575 5558 Christi
4604 5490 4995 5578 quadrage-

3053 5589 3310 5658 simum
3365 5598 3674 5671 sextum,
3744 5585 3870 5679 qui
3930 5599 4033 5659 est
4071 5611 4302 5658 annus
4345 5585 4625 5658 Claudii
4682 5599 4995 5678 quartus.

3054 5687 3366 5761 Tamdiu
3408 5685 3675 5760 Paulus
3728 5686 3808 5755 in
3867 5710 3993 5758 ora
4053 5688 4289 5758 vicina
4332 5685 4558 5756 Tarso
4627 5685 4705 5753 in
4743 5683 4994 5758 Cilicia

3055 5791 3320 5865 docuit·

3781 5956 3790 5967 ,
3822 5884 3922 5962 58
3937 5891 3977 5940 ¹⁸⁸
