6025 6775
487 677 537 765 89
745 761 750 776 ,
1036 680 1218 767 unet.
1249 683 1325 762 DE
1360 679 1606 764 HIERON.
1642 679 1921 767 SCHURFF.
2395 696 2397 700 ’
2448 701 2503 776 90

487 859 806 952 obtemperandum
823 867 891 942 est,
916 866 950 927 et
964 854 1034 948 ipsi
1047 880 1127 929 cnm
1141 860 1186 928 ad
1201 852 1293 928 hauc
1309 856 1403 929 luris
1417 857 1468 930 ei·
1518 867 1669 942 nerunt,
1694 855 1857 929 eximiam
1878 856 1987 929 fuisse
2005 859 2214 953 sapientiam
2235 874 2269 935 et
2291 864 2500 955 gravitatem

485 965 572 1033 vilis
586 961 782 1033 doctrinam
796 957 1037 1028 adiunxissent
1051 959 1157 1036 aliam
1170 959 1376 1056 sapientiam
1391 983 1470 1029 ma·
1517 959 1556 1026 in
1570 954 1724 1041 Craffto,
1750 958 1812 1050 qui
1827 982 1908 1030 eum
1917 958 2059 1031 Ulmam
2076 977 2219 1034 meatus
2237 978 2344 1051 esset,
2368 964 2502 1040 Hiero·

487 1065 627 1148 iurem,
651 1062 776 1130 scilicet
793 1059 870 1140 ,reri
886 1057 955 1128 Dei
977 1059 1192 1149 agnitionem
1214 1071 1248 1131 et
1271 1059 1469 1130 invocatio·
1516 1079 1663 1152 nymum
1688 1068 1789 1149 pater
1806 1058 1845 1128 in
1865 1057 2090 1133 Academiam
2105 1063 2369 1154 Tubingensem
2389 1069 2501 1152 misit,

490 1185 592 1242 nem,
616 1163 740 1230 alacres
759 1181 800 1226 es
816 1153 925 1256 buius
941 1158 1034 1231 vitae
1047 1160 1226 1231 aerumnis
1241 1163 1285 1230 ad
1308 1160 1467 1231 coelestis
1516 1159 1554 1226 in
1578 1180 1649 1251 qua
1670 1158 1799 1248 etipse
1821 1159 1885 1229 din
1904 1161 2054 1247 viserat,
2095 1178 2129 1236 et
2158 1189 2239 1235 cum
2260 1164 2435 1238 Nauclero
2463 1184 2499 1242 et

493 1259 662 1333 Ecclesiae
690 1259 891 1329 societatem
922 1259 1175 1347 discesserunt,
1209 1261 1315 1330 dulor
1343 1262 1467 1330 mode·
1515 1253 1801 1329 Summenhardo
1817 1255 2002 1349 Theologu
2019 1264 2221 1336 dulcissima
2240 1267 2392 1338 amicitia
2410 1292 2509 1338 eon-³

490 1363 616 1431 raudus
644 1373 714 1444 est,
751 1360 923 1430 memoria
952 1372 1069 1430 tarsun
1099 1385 1181 1431 cum
1209 1360 1466 1451 significatione
1514 1358 1656 1431 iunctus
1681 1373 1766 1431 erat.
1820 1356 1874 1430 lbi
1892 1357 2166 1434 Iurisconsultus
2188 1367 2324 1437 audivit
2339 1363 2499 1459 Ebinge·

485 1473 672 1552 perpetuae
693 1460 919 1549 gratitudinis
939 1460 1124 1531 retinenda
1148 1474 1212 1536 est.
1263 1459 1349 1531 ldeo
1368 1484 1466 1531 nunc
1513 1482 1612 1546 rum,
1638 1459 1701 1553 qui
1716 1460 1780 1531 din
1793 1475 1913 1551 postea
1929 1461 2036 1547 vixit,
2060 1477 2094 1534 et
2108 1464 2325 1537 lectorluris
2341 1449 2410 1538 fui't
2427 1493 2494 1539 an·

482 1560 638 1631 breviter
657 1557 842 1647 historiam
864 1561 934 1629 viri
951 1561 1137 1631 clarissimi
1150 1561 1317 1633 Doctoris
1332 1560 1465 1643 Hiero·
1512 1583 1578 1631 nos
1600 1574 1671 1631 tres
1692 1573 1725 1631 et
1755 1562 2033 1656 quinquaginta,
2071 1587 2175 1655 quem
2203 1579 2237 1637 et
2266 1567 2341 1657 ipse
2361 1568 2495 1641 Ductor

481 1655 756 1755 nymi-Schurlfii
770 1661 945 1747 recitabo,
971 1685 1061 1755 quae
1074 1663 1187 1733 multa
1204 1664 1361 1753 exempla
1377 1685 1463 1732 eun·
1511 1659 1753 1756 Hieronymus
1766 1662 1932 1732 narrabat
1945 1662 2133 1732 minimum
2150 1662 2434 1758 labyrinthorum
2453 1671 2493 1738 in

480 1762 589 1846 tinet,
615 1786 768 1854 quorum
793 1762 1026 1833 consideratio
1052 1775 1088 1834 et
1109 1763 1258 1834 excitare
1280 1765 1325 1832 ad
1349 1762 1464 1833 virto-
1511 1762 1672 1831 docendo
1687 1764 1825 1833 adferre
1841 1762 1997 1847 solitum,
2017 1777 2050 1832 et
2064 1764 2181 1833 fontes
2195 1763 2285 1835 laris
2299 1767 2494 1839 rectissime

480 1875 550 1932 tem
572 1862 711 1955 aliquos
733 1859 877 1954 poterit,
909 1875 944 1934 et
963 1864 1074 1935 multa
1097 1864 1142 1934 de
1161 1864 1287 1936 studiis
1306 1885 1462 1937 monere.
1511 1862 1714 1932 ostendisse.
1773 1863 1831 1933 lbi
1861 1876 1895 1934 et
1916 1859 2107 1934 Ductorem
2127 1861 2320 1956 Lupffdich
2341 1868 2500 1955 audivit,

478 1960 559 2033 Huc
582 1963 737 2032 olficium
759 1986 825 2034 nus
846 1964 989 2058 quidem
1012 1965 1199 2058 praecipue
1225 1966 1259 2035 ei
1280 1966 1462 2047 debemus,
1510 1961 1612 2030 cuius
1631 1961 1913 2053 perspicuitatem
1938 1963 1975 2032 in
1997 1965 2157 2035 docendo
2179 1965 2284 2035 etiam
2308 1968 2492 2059 probabat.

479 2062 542 2156 qui
566 2063 700 2133 luimus
720 2064 831 2157 ipsius
851 2067 1050 2152 auditores,
1074 2078 1109 2137 et
1131 2090 1211 2137 vere
1231 2061 1301 2136 hoc
1320 2063 1462 2156 praedi-
1510 2059 1626 2133 Simul
1638 2075 1755 2133 autem
1769 2057 1992 2154 Theologum
2004 2061 2329 2136 Summenhardum
2345 2069 2498 2155 audivit,-

481 2187 559 2247 care
581 2187 784 2256 possumus,
813 2166 1006 2258 plurimum
1027 2168 1132 2238 nobis
1154 2169 1306 2237 formam
1329 2164 1462 2235 doctri·
1509 2185 1614 2254 quem
1630 2161 1843 2235 etaliiluris
1856 2164 2006 2233 studiosi
2022 2165 2234 2252 audiebant,
2259 2168 2342 2260 quia
2357 2170 2491 2238 doctri-

479 2287 566 2351 nae,
591 2290 660 2359 qua
679 2289 762 2336 usus
776 2280 847 2353 est,
869 2281 904 2339 et
925 2267 1000 2339 eius
1021 2269 1061 2338 in
1089 2267 1280 2339 iudicando
1302 2266 1460 2356 prudeu·
1509 2286 1590 2332 nam
1616 2260 1795 2335 Ecclesiae
1824 2265 1988 2333 evolvere
2012 2288 2053 2333 ex
2080 2267 2276 2356 praestigiis
2306 2268 2489 2338 inutilium

479 2366 564 2436 tiam
581 2381 613 2436 et
629 2368 1078 2461 rectitudinem-profuisse.
1143 2378 1145 2382 ’
1506 2363 1784 2455 disputationum
1812 2377 1847 2435 et
1869 2388 1911 2435 ex
1931 2363 2171 2457 superstitiosa
2197 2367 2493 2460 interpretatione

581 2462 715 2538 Ordiar
737 2483 855 2540 autem
877 2492 899 2539 a
919 2470 1047 2561 patria.
1103 2467 1148 2535 Iu
1164 2463 1336 2536 Helvetiis
1357 2477 1458 2537 vetus
1504 2465 1737 2538 traditionum
1759 2460 1996 2537 humanarum
2018 2468 2232 2556 conabatur,
2257 2481 2293 2539 et
2315 2466 2492 2541 Gersonis

478 2566 610 2637 familia
632 2582 681 2639 est
696 2564 975 2653 Schursfiorum,
1000 2581 1035 2637 ct
1057 2590 1138 2637 curn
1158 2567 1226 2638 alia
1248 2579 1333 2640 sunt
1354 2581 1457 2638 vetu·
1504 2567 1663 2639 imitator
1677 2581 1764 2643 erat.
2496 2621 2499 2627 -

475 2668 574 2739 statis
589 2670 808 2755 testimonia,
828 2684 904 2740 tum
921 2663 989 2737 hoc
1004 2691 1162 2761 quoqne,
1186 2671 1283 2761 quod
1306 2670 1345 2738 in
1361 2666 1457 2764 Syn·
1603 2666 1696 2740 Com
1737 2680 1855 2738 autem
1892 2668 2152 2740 illustrissimus
2189 2663 2272 2739 Dux
2313 2666 2495 2740 saxoniae·

476 2771 545 2839 odo
575 2767 840 2841 Constantiensi
869 2769 938 2839 luit
969 2769 1106 2841 Ductor
1134 2765 1332 2842 Schurllius
1363 2769 1456 2838 inter
1503 2764 1648 2838 Elector
1662 2766 1866 2840 Fridericus
1885 2771 2095 2842 decrevisset
2111 2767 2339 2840 Academiam
2362 2770 2399 2839 in
2419 2766 2490 2841 huc

473 2871 625 2942 delectos
642 2868 875 2940 Germanicae
897 2870 1052 2941 nationis
1071 2872 1115 2941 ad
1139 2872 1345 2963 praecipuas
1365 2869 1455 2939 deli·
1503 2868 1635 2955 oppidu
1653 2871 1884 2951 constituere,
1907 2885 1943 2942 et
1964 2872 2197 2942 laudarentur
2214 2872 2329 2941 studia
2345 2872 2493 2941 Acade·v

471 2972 674 3042 horationes
687 2985 730 3054 ut
744 2974 919 3064 catalogus
931 2972 1185 3066 praestantium
1202 2973 1372 3051 virorum,
1391 2968 1455 3062 qui
1503 2965 1596 3034 miae
1612 2964 1871 3054 Tuhingensis,
1895 2970 2011 3040 voluit
2024 2966 2116 3041 hane
2130 2993 2227 3039 suam
2243 2966 2398 3040 scholam
2414 2969 2487 3042 Co·

472 3071 511 3139 in
535 3095 574 3141 ea
598 3069 743 3164 Synodo
765 3074 931 3160 luerunt,
955 3076 1121 3149 ostendit.
1169 3072 1274 3144 Pater
1297 3071 1454 3142 medicus
1502 3065 1638 3136 louiam
1657 3087 1730 3134 esse
1753 3058 1879 3132 harum
1901 3070 2074 3147 duarum,
2107 3068 2265 3160 Lipsieae
2286 3084 2322 3140 et
2342 3070 2487 3141 Tobia-

473 3171 562 3238 viait
578 3172 739 3252 inurbe,
764 3177 820 3241 cui
836 3172 1334 3246 numenestaSanctoGallo.
1370 3170 1454 3240 Ma·
1501 3167 1628 3256 gensis.
1683 3161 1737 3235 Ac
1756 3162 1924 3231 mandata
1944 3163 2044 3231 dedit
2057 3164 2258 3254 Staupicio,
2289 3183 2330 3236 ut
2351 3191 2391 3235 ea
2408 3168 2488 3240 Tu-

474 3279 529 3334 ter
544 3262 690 3335 honesta
705 3283 864 3339 matrona
879 3271 1191 3354 luitBibracensis,
1215 3284 1363 3359 cognata
1376 3269 1453 3338 viro
1503 3267 1612 3353 binga
1630 3266 1777 3333 lectores
1793 3261 1931 3354 aliquot
1946 3259 2038 3330 luris
2061 3274 2095 3331 et
2118 3263 2300 3334 doctrinae
2320 3266 2485 3336 ccclesia-

475 3364 658 3436 escellenti
674 3367 847 3457 sapientia
860 3381 895 3439 et
910 3368 1042 3440 virtute
1051 3366 1224 3457 Gregorio
1236 3368 1455 3459 Lamparter,
1503 3366 1609 3436 sticae
1623 3377 1658 3435 et
1676 3356 1921 3456 philosophiae
1936 3362 2137 3434 adduceret.
2169 3360 2239 3436 Hic
2253 3365 2363 3455 igitur
2374 3365 2487 3438 luris-
2586 3426 2588 3431 .

471 3466 680 3535 cancellario
696 3466 806 3537 Ducis
816 3468 1133 3559 Wirtehergensis.
1173 3465 1244 3537 Hic
1258 3466 1453 3559 Gregorius
1503 3464 1682 3536 consultos
1696 3465 1786 3533 duos
1802 3460 2078 3555 Wolffgangum
2098 3479 2129 3536 et
2146 3464 2364 3538 Vollsndum
2385 3471 2486 3558 inge-

469 3559 659 3635 Doctorem
675 3565 934 3661 Hieronymum
950 3581 1096 3656 propter
1112 3567 1321 3635 memoriam
1335 3580 1449 3655 pater·
1500 3566 1642 3633 niosum
1673 3563 1814 3647 virou,
1830 3558 1832 3562 ’
1851 3563 1914 3656 qui
1942 3578 1977 3636 et
2005 3566 2235 3638 cancellarius
2263 3581 2384 3658 postea
2414 3570 2486 3642 tuis

468 3688 537 3733 nae
558 3667 731 3737 amicitiae
756 3681 790 3736 et
815 3666 1036 3753 cognationis
1056 3663 1330 3735 familiarissime
1352 3687 1450 3735 com·
1499 3660 1610 3734 Ducis
1623 3660 1950 3753 Wirtebergeosis,
1976 3666 2137 3737 adduxit.

468 3765 590 3854 plexus
618 3779 668 3836 est
697 3765 735 3833 in
759 3778 936 3835 conventu
962 3762 1249 3849 Wormaciensi,
1289 3788 1370 3835 cum
1396 3764 1450 3835 ibi
1602 3761 1772 3833 Vollandi
1800 3761 1983 3854 ingenium
2011 3767 2279 3855 magnifaciebat
2301 3766 2485 3865 Hierony-

470 3863 663 3955 Gregurius
685 3879 774 3937 esset
795 3867 889 3936 inter
911 3865 1132 3934 consiliarios
1154 3862 1274 3935 Caroli
1296 3862 1450 3955 Impera·
1496 3885 1598 3953 mus,
1626 3863 1707 3934 ideo
1721 3865 1890 3936 invitatus
1905 3868 1952 3937 ab
1974 3890 2016 3936 eu
2041 3889 2158 3938 comes
2178 3868 2246 3941 luit
2269 3865 2377 3941 huius
2400 3872 2483 3940 lon-

469 3967 557 4036 toris
571 3967 798 4057 praecipuos,
820 3970 916 4037 anno
930 3965 1131 4048 millesimo,
1156 3964 1450 4057 quingentesimo,
1499 3964 1632 4058 ginqne
1651 3965 1893 4055 profectionis.
1943 3964 2100 4038 Adducti
2115 3970 2321 4040 suntetalii
2335 3972 2485 4042 lectores

467 4067 634 4138 vicesimo
649 4068 785 4159 primo,
807 4067 964 4138 ubi'cum
980 4062 1273 4155 aliisPrincipum
1288 4064 1450 4154 negotiis,
1498 4060 1749 4156 philosophici,
1762 4063 2012 4154 stgtsmundue
2023 4068 2270 4164 etDionysius,
2285 4063 2347 4165 qui
2361 4089 2483 4163 postea

469 4179 544 4240 turn
569 4194 653 4239 vero
678 4168 783 4238 etiam
808 4172 853 4236 de
872 4165 1120 4237 controversiis
1143 4160 1319 4235 Ecclesiae
1347 4172 1449 4257 saepe
1500 4166 1684 4234 consenuit
1699 4165 1737 4232 in
1750 4166 2235 4260 monasterioHirsaugiensi.
2273 4170 2345 4244 Sed
2362 4175 2407 4243 dc
2422 4167 2485 4241 his

469 4293 548 4340 cum
581 4294 625 4341 eo
648 4267 784 4339 Ductor
803 4266 1045 4362 Hieronymus
1073 4266 1269 4337 collocutus
1300 4278 1368 4353 est,
1413 4278 1450 4349 et
1499 4287 1596 4334 nunc
1611 4289 1685 4333 non
1701 4266 1828 4335 dicam.
2469 4319 2473 4327 .

468 4371 756 4441 commemoravit
773 4370 823 4454 ei,
848 4383 961 4440 motas
978 4392 1052 4439 esse
1066 4367 1323 4437 controversias
1339 4389 1359 4437 a
1377 4366 1447 4437 [u-
1600 4361 1906 4446 DuxFridericus,
1928 4367 2011 4464 quia
2025 4369 2158 4441 sciehat
2173 4371 2212 4440 in
2224 4370 2482 4459 gubernatione

467 4467 580 4557 thero,
606 4496 680 4542 non
695 4471 829 4561 privata
840 4470 914 4541 ulla
930 4470 1133 4562 cupiditate,
1154 4470 1215 4538 sed
1230 4480 1270 4538 ut
1285 4468 1446 4540 doctrina
1497 4489 1590 4560 opus
1610 4487 1684 4536 esse
1707 4466 1909 4557 cognitione
1928 4467 2037 4555 luris,
2061 4470 2137 4540 eius
2158 4470 2341 4541 doctrinae
2362 4472 2480 4542 studia

465 4574 658 4644 necessaria
683 4572 941 4657 illustraretur,
977 4584 1012 4640 et
1033 4570 1194 4659 exposuit
1215 4567 1291 4637 seni
1314 4570 1448 4639 doctri-
1498 4567 1649 4636 maxime
1664 4567 1814 4638 excitare
1830 4568 2014 4660 cupiebat,
2039 4584 2074 4642 et
2093 4594 2173 4641 enm
2196 4585 2311 4642 essem
2331 4572 2480 4643 lectores

465 4697 548 4744 nam
578 4676 622 4745 de
653 4672 870 4766 poenitentia
896 4685 931 4743 et
959 4670 1109 4761 gratuita
1145 4669 1445 4754 reconciliatione,
1497 4667 1647 4753 cruditi,
1668 4680 1703 4738 et
1725 4668 1928 4739 auditorum
1949 4671 2138 4742 mediocris
2159 4673 2377 4765 frequentis,
2402 4672 2480 4764 ipse

466 4800 571 4868 quam
596 4777 657 4845 ille
678 4773 1049 4845 commemorationem
1076 4771 1255 4841 confessus
1276 4782 1345 4855 est,
1375 4770 1446 4843 sibi
1496 4793 1576 4838 cum
1600 4770 1709 4839 lratre
1730 4767 1908 4840 interdum
1929 4772 2097 4842 lectiones
2125 4772 2303 4860 audiebat.
2363 4770 2480 4845 Erant

467 4877 729 4959 grartamiuisse.
780 4871 828 4946 Et
845 4888 919 4946 erat
931 4875 961 4943 is
978 4892 1062 4945 tunc
1082 4869 1290 4948 Mercurius
1307 4873 1444 4941 cancel·
1496 4869 1606 4959 igitur
1629 4863 1688 4940 hic
1708 4873 1755 4940 ea⁴
1772 4872 1888 4942 studia
1913 4873 2136 4959 ardentiora,
2170 4887 2204 4945 ct
2226 4871 2480 4968 Hieronymus,

471 4971 558 5041 lario
575 4975 799 5067 imperatoris
811 4975 1117 5046 familiarissimus.
1496 4995 1700 5063 quanquam
1725 4973 1866 5042 auditur
1890 4986 1982 5054 erat,
2022 4987 2140 5044 tamen
2165 4974 2249 5067 quia
2272 4964 2416 5065 ingenio
2443 4988 2479 5046 et

570 5071 678 5143 Natus
707 5093 804 5170 patre
832 5075 965 5148 Ioanne
994 5071 1171 5146 Schurffio
1207 5073 1363 5156 medico,
1401 5075 1446 5159 let
1495 5072 1699 5162 cognitione
1721 5068 1813 5141 luris
1833 5073 2217 5146 caeteris'andituribus
2236 5076 2480 5162 antecellebat,

465 5184 580 5243 matre
594 5169 797 5248 Bibracensi
818 5177 855 5249 in
872 5178 1003 5270 oppido
1018 5175 1055 5248 S.
1073 5170 1189 5259 Galli,
1215 5196 1295 5242 cum
1314 5170 1444 5263 Gram-
1495 5195 1570 5240 nun
1594 5183 1731 5241 tantum
1756 5171 2008 5260 electoribus,
2032 5177 2093 5243 sed
2117 5175 2224 5245 etiam
2243 5176 2289 5246 ¹ab
2311 5176 2355 5249 iis
2378 5178 2480 5262 viris,

463 5274 617 5346 maticeu
637 5273 676 5341 in
691 5279 800 5364 patria
815 5279 1011 5358 didicisset,
1035 5274 1212 5346 Basileam
1233 5273 1445 5358 miserescat,
1496 5296 1648 5364 quorum
1665 5271 1703 5340 in
1719 5272 1801 5342 auls
1822 5275 2009 5365 praecipua
2031 5288 2108 5364 erat
2124 5276 2312 5364 autoritas,
2351 5278 2476 5367 dilige·
2547 5350 2554 5359 ,

462 5376 525 5448 ubi
539 5373 777 5461 Dialecticen,
799 5381 879 5472 quia
894 5379 1065 5450 excellens
1081 5376 1120 5445 in
1135 5400 1176 5446 eo
1190 5374 1325 5465 ingenii
1340 5373 1445 5444 recti·
1494 5374 1612 5446 batur.
1661 5375 1785 5468 ltaque
1796 5396 1876 5444 cum
1892 5399 1965 5444 non
1981 5375 2132 5468 amplius
2149 5401 2245 5453 anno
2263 5374 2323 5449 hic
2343 5378 2477 5462 luisset,

463 5481 551 5548 tudo
578 5490 670 5563 erat,
704 5477 864 5547 celeriter
886 5479 1058 5570 percepit,
1092 5492 1127 5549 et
1150 5489 1267 5547 motus
1289 5475 1444 5546 admira·
1495 5486 1640 5543 ornatus
1668 5486 1720 5544 est
1743 5477 1853 5566 gradu
1875 5475 2059 5563 Ductoris,
2100 5491 2136 5550 et
2159 5481 2272 5550 amico
2299 5477 2476 5548 Vollsndo

461 5579 558 5651 tione
568 5578 775 5669 sapientiae,
802 5574 1444 5650 etvirtutisDoc'torisCrafftiUlmen-
1495 5575 1658 5645 redeunti
1681 5576 1718 5644 in
1739 5579 1889 5667 patriam
1913 5577 1951 5646 in
1972 5603 2118 5651 munere
2138 5578 2280 5670 legendi
2301 5576 2476 5647 successit.

463 5681 527 5765 sis,
552 5681 680 5750 omissa
695 5694 843 5772 paterna
860 5692 954 5764 arte,
979 5676 1070 5751 luris
1083 5681 1264 5750 doctrinae
1286 5682 1323 5747 se
1342 5679 1444 5748 dedi·
1493 5673 1541 5746 Et
1560 5699 1639 5747 cum
1657 5676 1695 5746 in
1713 5677 1925 5749 lectionibus
1942 5679 2099 5751 lucerent
2114 5681 2167 5749 vis
2183 5675 2317 5765 ingenii
2337 5689 2372 5747 et
2391 5700 2476 5747 eru·

462 5781 527 5852 dit.
578 5779 688 5852 Multi
706 5782 802 5857 enim
821 5777 939 5853 adhuc
954 5776 1112 5853 Basileae
1128 5794 1162 5854 et
1178 5778 1442 5854 Ulmaememi-
1494 5779 1603 5867 ditio,
1627 5779 1810 5874 aliquanto
1831 5792 1911 5873 post
1924 5777 2005 5851 Dux
2020 5777 2220 5850 Fridericus
2241 5795 2322 5844 eum
2339 5778 2484 5851 delibe-'
