6025 6775
488 626 562 703 sto
734 615 946 698 SCRIPTA
971 617 1050 690 PH.
1077 614 1194 689 lllEL.
1223 610 1291 689 AD
1311 614 1440 692 tttsr.
1466 611 1613 690 PROF.
1638 613 1708 691 ΕΤ
1732 619 1926 728 PHlLOS.
1953 558 2274 706 SPECTANTIA.
2431 639 2510 711 876

489 791 680 871 Antiocho.
732 792 786 864 lta
802 787 971 883 paulatim
985 809 1107 876 regum
1123 786 1277 877 potentia
1293 787 1470 858 diminuta
1520 785 1693 873 militum,
1717 790 1781 881 qui
1803 804 1837 861 et
1857 796 2032 882 praedixit
2055 814 2245 871 venturam
2272 804 2436 896 eclipsin,
2471 825 2505 879 et

490 897 561 987 est,
588 901 700 967 donec
716 914 860 987 prorsus
872 889 1141 978 stirpes-eorum
1152 886 1284 956 deletae
1297 902 1391 960 sunt.
1521 886 1641 958 docuit
1658 902 1751 959 certo
1767 892 1894 961 ordine
1917 910 2079 967 motuum
2096 903 2299 973 coelestium
2323 907 2505 977 obscurari

593 996 782 1087 Philippus
803 1004 921 1061 autem
944 988 1070 1057 dolens
1082 984 1328 1058 Romanorum
1345 1002 1471 1079 poten·
1521 985 1664 1071 lunam,
1688 990 1925 1062 incurrentem
1949 995 1988 1063 in
2011 1000 2177 1069 umbram
2194 1017 2325 1085 terrae,
2351 1030 2502 1078 necrem

493 1105 579 1173 tiam
603 1117 774 1173 crescere,
813 1104 855 1160 ut
887 1110 1010 1159 rursus
1038 1087 1174 1156 bellum
1201 1088 1321 1157 moliri
1346 1102 1472 1177 posset,
1523 1085 1562 1154 in
1593 1100 1722 1156 natura
1750 1090 1947 1161 ordinatam
1977 1109 2018 1165 ut
2047 1103 2254 1188 prodigium
2282 1111 2505 1177 metuendam

494 1202 597 1273 annis
619 1197 756 1288 aliquot
777 1192 816 1260 in
838 1213 921 1282 pace
941 1188 1059 1260 munit
1079 1186 1203 1267 urbes,
1240 1189 1376 1278 colligit
1396 1211 1472 1258 ma·
1523 1208 1610 1260 esse.
1650 1185 1784 1258 Seneca
1801 1192 1940 1276 scribit,
1965 1198 2086 1265 eodem
2103 1213 2264 1290 tempore
2279 1223 2505 1297 conspectum

492 1323 579 1390 gnos
607 1318 750 1367 acervos
780 1289 952 1363 frumenti
981 1302 1016 1360 et
1044 1288 1231 1380 pecuniae,
1273 1303 1309 1359 et
1336 1288 1473 1358 vicinos
1524 1308 1597 1355 esse
1612 1282 1814 1369 Cometam,
1840 1292 1897 1359 cui
1914 1294 2083 1365 tribuitur
2099 1323 2230 1368 nomen
2247 1300 2362 1380 Hirci.
2415 1305 2505 1378 Cum

494 1399 668 1477 Thraces,
692 1394 851 1464 Paeonas
866 1403 900 1461 et
915 1390 1005 1459 alios
1022 1389 1192 1459 barbaros
1207 1389 1277 1459 sibi
1300 1389 1474 1479 adiungit,
1524 1400 1642 1457 autem
1657 1412 1739 1457 mox
1753 1412 1828 1458 non
1849 1391 1964 1461 solum
1987 1395 2066 1462 finis
2087 1400 2185 1487 regni
2201 1399 2427 1477 Macedonici
2451 1431 2507 1475 se-

492 1524 532 1570 ac
548 1498 702 1568 ostendit
717 1519 754 1564 se
769 1494 903 1563 bellum
917 1491 958 1559 in
974 1489 1382 1561 ltaliamtranslaturum
1399 1513 1473 1559 esse
1524 1501 1657 1580 quotus
1680 1489 1744 1575 sit,
1777 1492 1965 1561 sedetiam
1987 1491 2184 1566 Antiochus
2206 1501 2242 1567 in
2268 1501 2397 1575 ludaea
2419 1503 2507 1575 hor.

491 1598 683 1671 Annibalis
703 1594 883 1685 exemplo,
911 1604 945 1662 et
964 1590 1205 1679 ingressurum
1221 1588 1357 1659 ltaliam
1381 1591 1474 1660 circa
1524 1590 1672 1656 rendam
1694 1591 1879 1660 saeviciam
1902 1596 2113 1679 exercuerit,
2148 1616 2288 1689 apparet
2309 1607 2405 1694 signa
2428 1630 2505 1675 non

491 1700 661 1781 Adriam,
700 1718 809 1788 quare
839 1706 873 1761 ct
895 1713 1011 1780 regem
1033 1688 1215 1783 Illyricum
1241 1691 1413 1762 Gentium
1439 1705 1474 1762 et
1523 1689 1631 1757 fuisse
1646 1689 1780 1763 inania.

491 1801 608 1872 Celtas
624 1797 759 1865 vicinos
775 1790 957 1863 Adriatico
982 1792 1026 1859 ad
1051 1791 1250 1860 societatem
1275 1792 1364 1862 tanti
1388 1793 1472 1861 belli
1624 1787 1703 1861 Rex
1726 1784 1882 1860 Perseus
1910 1816 1952 1861 ex
1983 1795 2065 1883 fuga
2097 1810 2266 1868 retractus
2295 1818 2364 1886 est,
2402 1809 2506 1873 etad

492 1900 633 1970 invitat.
656 1940 659 1945 ·
685 1896 758 1967 Sed
779 1889 864 1963 haec
885 1893 1059 1981 adparans
1082 1891 1255 1974 moritur,
1288 1915 1369 1962 cum
1391 1894 1472 1984 qui·
1523 1882 1727 1981 Aemylium
1745 1894 1918 1964 adductus
1942 1918 2022 1962 curn
2044 1898 2184 1967 duobus
2206 1901 2304 1987 filiis,
2335 1899 2507 1995 Philippo

492 2005 573 2070 dem
589 1998 703 2066 lilium
717 1992 939 2064 Demetrium
959 1989 1186 2061 excellentem
1210 1990 1341 2062 virtute
1366 1992 1474 2062 resci-
1525 2001 1559 2056 et
1582 1988 1797 2061 Alexandro.
1866 1990 1916 2060 Hi
1946 2008 2066 2084 postea
2092 2022 2173 2067 cum
2198 2005 2296 2090 pa'tre
2317 2001 2442 2072 Perseo
2466 2006 2507 2071 in

491 2102 598 2171 visset
613 2123 632 2171 a
646 2098 755 2164 fratre
771 2093 898 2163 Perseo
914 2092 1003 2161 falso
1026 2103 1224 2161 accusatum
1252 2106 1286 2161 et
1307 2094 1392 2161 dolo
1415 2093 1474 2161 in·
1524 2086 1705 2181 triumpho
1730 2105 1812 2162 ante
1832 2101 1977 2162 currum
1998 2096 2096 2166 ducti
2120 2113 2216 2170 sunt.
2284 2100 2445 2195 Cumque
2466 2105 2505 2171 in

492 2203 674 2272 terfectum
690 2219 775 2266 esse.
816 2190 907 2264 Cum
926 2192 1022 2262 enim
1033 2191 1237 2262 Demetrius
1250 2194 1475 2264 antecelleret
1525 2211 1698 2258 carcerem
1723 2193 1820 2263 ducti
1845 2208 1976 2274 essent,
2007 2197 2210 2286 impetravit
2233 2197 2434 2296 Aemylius,
2466 2219 2509 2273 ut

493 2304 646 2382 virtute,
672 2311 705 2367 et
721 2294 843 2387 opinio
866 2304 954 2362 esset
966 2290 1134 2362 Perseum
1156 2315 1230 2359 non
1255 2317 1327 2362 esse
1349 2306 1472 2364 natum
1525 2289 1612 2358 alibi
1628 2291 1666 2358 in
1682 2291 1760 2361 loco
1776 2292 1896 2362 minus
1917 2308 2006 2363 tetro
2028 2319 2048 2363 a
2070 2299 2173 2368 certis
2195 2301 2371 2372 militibus
2390 2318 2509 2373 custo-

495 2428 536 2472 ex
554 2414 651 2494 patre
666 2394 853 2487 Philippo,
878 2391 1025 2462 insidias
1039 2392 1223 2461 Demetrio
1244 2394 1372 2464 struxit
1386 2392 1473 2463 Per·
1524 2390 1698 2462 ditentur.
1763 2392 1914 2462 Perseus
1943 2406 1976 2463 et
2002 2395 2095 2465 lilius
2119 2395 2306 2491 Philippus
2337 2428 2413 2471 non
2442 2405 2508 2473 diu

495 2525 592 2582 scus,
616 2511 776 2567 metuens
793 2518 873 2565 eum
891 2493 930 2562 in
946 2514 1055 2581 regno
1070 2515 1305 2562 successorem
1325 2495 1414 2566 fore.
1525 2493 1729 2581 superstites
1751 2494 1907 2566 fuerunt.
1959 2494 2158 2567 Alexander
2182 2503 2295 2571 scriba
2313 2502 2508 2593 Magistra-

594 2597 738 2671 lllortuo
765 2609 864 2687 patre
892 2590 1012 2662 Furiis
1032 2592 1219 2663 ultricibus
1241 2618 1322 2664 eum
1346 2595 1473 2685 impel-
1525 2603 1627 2660 tuum
1642 2589 1893 2663 Romanorum
1905 2594 2018 2663 iactus
2035 2610 2097 2671 est.

494 2702 651 2771 lentibus
674 2712 713 2767 ut
733 2718 865 2787 poenas
886 2692 1070 2785 parricidii
1092 2694 1208 2778 daret,
1248 2710 1282 2766 et
1308 2695 1473 2767 incitatus
1624 2687 1680 2761 Ex
1702 2695 1806 2783 regiis
1829 2688 2020 2775 thesauris,
2047 2700 2108 2789 qui
2125 2700 2269 2774 fuerunt
2283 2705 2507 2795 amplissimi,

494 2806 540 2874 ab
554 2799 744 2890 improbis,
770 2792 1225 2879 hellumRomanisinlert,
1252 2793 1472 2867 Thessaliam
1525 2792 1622 2863 dedit
1648 2792 1832 2887 Aemylius
1862 2794 2037 2883 stipendia
2063 2801 2247 2873 militibus.
2312 2803 2505 2898 Reliquam

494 2918 528 2974 et
552 2903 667 2971 vicina
694 2899 771 2968 loca
793 2908 924 2979 vastat,
962 2895 1103 2966 duobus
1131 2896 1272 2984 praeliis
1291 2896 1474 2969 Romanos
1524 2894 1709 2983 pecuniam
1731 2895 1771 2963 in
1793 2894 1966 2964 aerarium
1986 2896 2110 2968 inferri
2132 2904 2279 2973 curavit.
2333 2904 2505 2976 Macedo-

494 3003 626 3087 vincit‚
652 3014 686 3070 et
700 3000 790 3069 laeta
808 2998 841 3067 ei
855 2995 956 3064 initia
973 2995 1063 3066 tanti
1077 2996 1163 3065 belli
1180 2998 1344 3084 suerunt,
1377 3002 1473 3091 quod
1525 2994 1604 3063 niae
1618 2995 1747 3066 deditis
1763 2995 1911 3066 urbibus
1933 2997 2107 3068 tributum
2131 3001 2318 3093 imposuit,
2350 3006 2499 3078 dimidio

494 3130 513 3174 a
533 3104 661 3173 Perseo
685 3112 822 3170 motum
833 3096 1010 3189 scribitur
1030 3119 1124 3165 anno
1147 3098 1192 3166 ab
1216 3099 1304 3167 urbe
1330 3099 1472 3168 condita
1525 3095 1643 3164 minus
1666 3120 1771 3188 quam
1794 3095 1936 3184 regibus
1958 3098 2144 3185 dederant,
2177 3105 2340 3175 videlicet
2361 3120 2503 3178 centum

496 3201 776 3298 quingentesimo
811 3198 1045 3287 octuagesimo
1087 3198 1252 3267 secundo.
1325 3194 1472 3268 Vixerat
1523 3194 1672 3278 talenta,
1719 3197 1757 3263 id
1786 3210 1855 3281 est,
1890 3199 2068 3285 sexaginta
2095 3203 2207 3272 millia
2237 3219 2503 3282 coronatorum.

495 3318 612 3376 autem
634 3298 824 3393 Philippus
852 3310 932 3392 post
959 3297 1113 3369 reditum
1138 3296 1214 3365 Titi
1238 3295 1406 3365 Flaminii
1430 3322 1470 3366 ex
1524 3291 1577 3362 lta
1611 3292 1776 3365 Romana
1808 3292 2015 3366 monarchia
2049 3301 2152 3371 initio
2186 3306 2346 3398 tyrannis
2378 3309 2505 3381 deletis

496 3406 645 3476 Graecia
667 3404 808 3473 circiter
831 3401 959 3490 viginti
979 3422 1102 3474 annos.
1161 3394 1313 3467 Duravit
1335 3399 1470 3468 bellum
1522 3393 1615 3484 leges
1633 3408 1668 3465 et
1684 3396 1857 3467 iusticiam
1881 3397 2044 3486 gentibus
2066 3405 2238 3490 restituit,
2265 3421 2299 3478 et
2315 3410 2506 3500 expilatio-

494 3505 613 3575 Persei
627 3527 738 3573 annos
753 3517 916 3595 quatuor.
934 3570 937 3577 ,
1523 3519 1586 3565 nes
1602 3497 1781 3566 moderata
1797 3511 1859 3571 est.

596 3604 704 3674 Anno
720 3603 794 3672 eius
809 3604 892 3673 belli
907 3601 1052 3696 quarto,'
1066 3599 1227 3685 videlicet
1242 3622 1336 3668 anno
1351 3622 1372 3669 a
1385 3624 1470 3671 con·
1623 3592 1678 3665 Ex
1707 3592 1880 3670 thesauris
1909 3601 2013 3690 regiis
2038 3600 2222 3698 Aemylius
2247 3607 2361 3678 libros
2389 3616 2503 3704 regios

494 3707 567 3778 dita
589 3705 678 3773 urbe
699 3703 952 3796 quingetesimo
973 3703 1208 3788 octuagesimo
1235 3714 1350 3783 sexto,
1390 3725 1469 3771 cum
1522 3696 1622 3766 iussit
1644 3698 1725 3766 liliis
1747 3700 1819 3769 suis
1840 3701 1996 3773 attribui.
2055 3702 2152 3774 Vixit
2174 3720 2254 3796 post
2278 3705 2370 3782 hanc
2392 3716 2504 3785 victo-

494 3806 673 3901 prioribus
695 3805 800 3881 ,annis
823 3802 980 3876 Romani
1002 3802 1172 3868 exercitus
1201 3800 1387 3892 aliquoties
1411 3802 1470 3869 in·
1521 3797 1611 3865 riam
1626 3821 1738 3867 annos
1754 3801 1892 3885 decem,
1917 3825 2017 3873 carus
2033 3802 2182 3875 Senatui
2205 3822 2238 3877 et
2260 3814 2404 3902 populo.
2455 3816 2502 3886 Et

493 3907 666 3979 foeliciter
679 3917 906 3996 pugnassent,
931 3913 966 3970 et
982 3896 1108 3971 Graeci
1119 3897 1366 3970 Romanorum
1383 3902 1470 3971 socii
1521 3910 1705 3988 postquam
1725 3897 1858 3971 Censor
1884 3902 2028 3987 suisset,
2074 3906 2213 3995 placide
2247 3927 2404 3982 mortuus
2436 3930 2497 3996 est,

493 4008 630 4099 magnis
658 4004 878 4077 detrimentis
908 3999 1034 4070 adlecti
1064 4015 1196 4084 essent,
1241 3993 1292 4074 L.
1321 3995 1477 4082 Pardus¹
1521 3997 1651 4068 relictis
1672 4000 1813 4072 duobus
1835 4002 1935 4086 filiis,
1969 4025 2122 4095 quorum
2145 4009 2293 4079 alterum
2315 4003 2495 4102 adoptavit

493 4105 683 4205 Aemylius
704 4108 797 4176 lilius
809 4101 913 4173 Pauli
929 4095 1103 4195 Aemylii,
1131 4102 1305 4172 interfecti
1321 4103 1360 4171 in
1373 4101 1469 4175 Can·
1520 4099 1707 4169 filiuseius
1730 4100 1925 4193 Scipionis,
1958 4104 2020 4195 qui
2045 4106 2131 4178 vicit
2152 4104 2374 4179 Annibalem.
2423 4109 2497 4182 llic

488 4215 596 4285 nensi
624 4231 762 4300 pugna,
801 4202 937 4292 Consul
962 4203 1091 4274 iterum
1119 4204 1230 4271 factus
1257 4217 1325 4288 est,
1372 4227 1467 4276 anno
1520 4199 1613 4269 enirn
1629 4193 1801 4273 habuerat
1817 4203 2002 4291 coniugem
2017 4203 2232 4303 Aemyliam,
2256 4209 2340 4278 inde
2360 4233 2497 4281 nomen

492 4311 703 4402 sexagesimo
725 4329 809 4376 suae
829 4304 967 4387 aetatis,
1004 4317 1047 4373 ut
1067 4305 1235 4371 adversus
1255 4301 1468 4375 Macedones
1509 4313 1589 4385 est,
1613 4295 1737 4396 Scipio
1748 4297 2001 4397 Aemylionus.
2053 4303 2431 4404 FacultatesAemylii‚
2457 4328 2500 4385 ut

493 4418 563 4486 dux
577 4408 954 4484 idoneusmitteretur.
989 4399 1151 4471 lliccum
1170 4403 1347 4475 eibellum
1366 4430 1467 4475 man·
1519 4398 1730 4473 Plutarchus
1763 4416 1908 4489 narrat,
1959 4431 2032 4475 non
2064 4422 2316 4498 superaverunt
2348 4412 2497 4502 triginta

492 4518 646 4598 daretur,
671 4509 812 4602 publice
828 4502 1052 4576 inconcione
1066 4501 1168 4586 dixit,
1187 4503 1217 4571 si
1233 4503 1343 4572 alium
1358 4508 1467 4596 magis
1520 4501 1631 4571 millia
1665 4519 1934 4590 coronatorum,
1974 4521 2008 4579 et
2032 4522 2158 4599 septem
2180 4508 2314 4596 millia,
2349 4535 2429 4582 cum
2457 4516 2495 4584 in

493 4615 662 4685 idoneum
679 4612 864 4699 eligerent,
890 4631 926 4694 se
947 4607 1102 4674 libenter
1124 4603 1156 4670 ei
1178 4625 1356 4673 cessurum
1382 4630 1467 4678 esse.
1518 4603 1692 4671 aerarium
1714 4604 1874 4676 intulerit
1891 4607 1970 4696 plus
1986 4632 2089 4700 quam
2103 4608 2339 4702 quinquagies
2353 4627 2495 4685 centum

418 4765 430 4789 .
493 4713 563 4782 Sed
581 4714 612 4782 si
625 4711 756 4787 vellent
769 4711 847 4800 ipso
863 4709 953 4778 duce
975 4700 1043 4775 hoc
1068 4704 1201 4773 bellurn
1224 4705 1317 4791 geri,
1344 4722 1466 4797 postu.
1518 4702 1632 4771 millia
1647 4719 1908 4777 coronatorum.
1950 4705 2051 4779 Adeo
2067 4722 2284 4799 praestantes
2300 4714 2394 4784 cives
2408 4728 2494 4785 tunc

413 4865 415 4868 a
492 4814 567 4880 lare
590 4833 645 4888 se,
671 4823 710 4877 ut
732 4809 901 4876 exercitus
923 4810 1224 4895 obtemperarent,
1260 4827 1325 4874 nec
1348 4830 1466 4880 sume·
1516 4802 1627 4892 magis
1652 4806 2071 4901 angerottempubtieam
2097 4834 2204 4901 quam
2232 4813 2384 4904 privatas
2407 4837 2493 4907 opes

492 4922 572 4981 rent
593 4908 662 4978 sibi
682 4907 782 4977 ducis
802 4907 934 4991 officia,
973 4929 1038 4976 nec
1065 4904 1278 4993 impedirent
1297 4930 1377 4977 eum
1401 4932 1464 4982 sua
1517 4905 1715 4978 studebant.

492 5009 692 5082 curiositate
713 5022 747 5080 et
766 5006 838 5079 suis
859 5007 1015 5080 fabellis:
1052 4999 1106 5100 μὴ
1130 5011 1463 5108 παραστρατηγεῖν,
1615 5004 1695 5076 Hoc
1717 5005 1795 5097 ipso
1816 5018 1993 5099 tempore,
2024 5037 2095 5106 quo
2112 5006 2278 5107 Aemylio
2303 5017 2393 5086 duce
2407 5012 2496 5086 Per·

489 5106 584 5208 μηδὲ
599 5112 816 5204 λογοποιεῖν,
1515 5128 1594 5176 scus
1615 5109 1729 5178 victus
1752 5121 1821 5188 est,
1855 5109 2054 5183 Antiochus
2075 5109 2282 5205 Epiphanes
2304 5115 2420 5187 iussus
2440 5131 2492 5188 est

590 5206 715 5282 Mense
728 5209 927 5301 Septembri
941 5210 1111 5279 acerrimo
1125 5211 1259 5300 praelio
1274 5213 1360 5285 vicit
1374 5210 1463 5285 Per·
1514 5230 1534 5276 a
1550 5204 1693 5299 Popilio
1705 5209 1820 5298 legato
1835 5213 1959 5301 populi
1974 5211 2130 5285 Romani
2146 5237 2186 5282 ex
2203 5214 2362 5309 Aegypto
2378 5219 2492 5289 disce-

491 5337 607 5398 eeum,
630 5309 813 5379 trucidatis
829 5309 957 5396 viginti
972 5309 1129 5378 millibus
1145 5313 1315 5398 peditum,
1366 5313 1463 5386 Ante
1514 5309 1613 5394 dere,
1639 5325 1674 5382 et
1696 5311 1868 5381 abducere
1891 5312 1976 5384 inde
2002 5315 2190 5408 praesidia.
2250 5312 2298 5386 Et
2319 5319 2494 5409 tergiver-

491 5417 528 5486 id
549 5410 722 5510 praelium
743 5406 792 5477 ait
806 5401 1017 5476 Plutarchus
1038 5421 1259 5495 conspectam
1279 5435 1353 5486 esse
1375 5416 1461 5486 ecli.
1511 5411 1603 5480 santi
1624 5411 1784 5505 Popilius
1805 5412 1975 5486 circulum
2001 5416 2100 5507 virga
2121 5415 2415 5510 circumscripsit,
2447 5444 2492 5489 ac

490 5518 570 5609 psin
589 5517 715 5599 lunae,
749 5529 817 5602 qua
835 5530 879 5574 ne
896 5507 1173 5595 perterrefierent
1186 5508 1332 5601 milites,
1358 5517 1461 5588 iussit
1510 5515 1723 5602 respondere
1737 5534 1818 5581 eum
1832 5512 1956 5601 iussit,
1987 5531 2177 5610 antequam
2198 5516 2283 5587 inde
2307 5523 2494 5610 egredere-

490 5617 672 5713 Aemyliue
686 5610 801 5708 pridie
815 5620 896 5678 ante
918 5603 1064 5694 eclipsin
1084 5617 1303 5697 praemoneri
1317 5631 1459 5688 vocatos
1509 5622 1581 5686 tur.
1630 5609 1722 5683 Cum
1738 5612 1847 5701 igitur
1859 5616 1992 5687 rediret
2006 5616 2259 5710 lerosolymam
2276 5615 2493 5709 Antiochus,

488 5713 527 5785 in
552 5719 757 5790 concionem
788 5710 950 5785 oratione
977 5701 1139 5804 Sulpicii
1163 5702 1276 5782 Galla·
1303 5717 1457 5793 Tribuni
1507 5716 1635 5785 ardens
1663 5712 1715 5786 ira
1739 5734 1902 5803 magnam
1925 5717 1978 5789 ibi
1999 5719 2185 5790 saeviciam
2210 5722 2376 5795 exercuit.
2439 5720 2494 5794 Et
