6025 6775
595 681 669 760 402
1366 658 1854 742 nrsrurarronus
2448 627 2516 768 -s
2554 680 2635 762 sea

699 852 736 924 8.
768 844 810 922 Si
823 845 1011 940 promissio
1024 842 1112 916 novi
1123 838 1343 914 Testamenti
1356 841 1530 933 penderet
1544 861 1586 908 ex
1639 834 1740 909 Sicut
1759 849 1878 909 ortum
1893 830 1990 909 Solis
2005 834 2176 929 sequitur·
2188 835 2288 909 airis·
2302 843 2501 936 calefactio,
2527 868 2563 925 et
2584 868 2640 926 ta..

602 949 810 1029 conditione
832 948 938 1039 legis,
969 943 1063 1017 nihil
1084 957 1174 1018 esset
1195 943 1266 1017 uisi
1285 943 1362 1025 lex,
1388 965 1454 1014 nec
1475 939 1589 1031 magis
1639 964 1723 1010 men
1736 938 1915 1010 calefactio
1929 937 2021 1009 a'dris
2035 961 2112 1008 non
2126 952 2179 1010 εει
2192 962 2313 1028 causa,
2333 967 2398 1018 cur
2412 946 2477 1020 Sol
2489 955 2639 1028 oriatur.

603 1060 748 1131 iuvaret
759 1050 1024 1146 perterrefactae
1039 1046 1272 1120 conscientias
1288 1068 1394 1140 qnam
1408 1045 1479 1114 lex.
1642 1041 1730 1111 ltem
1748 1041 1968 1112 connubium
1986 1041 2148 1133 sequitur
2161 1042 2323 1133 soboles,
2344 1060 2385 1122 ει
2398 1062 2517 1124 tamen
2530 1060 2638 1131 eobo.

705 1153 743 1232 4.
783 1149 843 1226 Ad
872 1147 959 1221 haec
987 1173 1133 1244 prorsus
1155 1149 1256 1220 irrita
1277 1160 1312 1219 et
1336 1145 1478 1217 inutilis
1500 1155 1593 1215 esset
1641 1144 1693 1214 les
1709 1166 1784 1213 non
1800 1155 1852 1212 est
1868 1164 1971 1212 causa
1989 1142 2172 1215 connubii.

605 1256 813 1356 promissio,
838 1249 974 1324 hahens
989 1252 1232 1324 conditionem
1250 1248 1518 1342 impossibilem.
1747 1246 1809 1320 16.
1842 1241 2059 1336 Quanquam
2075 1246 2235 1338 sequitur
2247 1248 2459 1328 ohedientia
2475 1258 2540 1332 illa
2555 1283 2640 1353 pm-

707 1354 745 1433 5.
775 1353 888 1427 Nemo
902 1354 999 1426 enim
1021 1354 1188 1426 satisfacit
1208 1352 1279 1443 legi
1293 1351 1381 1437 Dei,
1412 1352 1504 1422 sicut
1517 1346 1593 1422 Da·
1644 1347 1869 1432 missionem,
1895 1361 2015 1418 tamen
2037 1370 2114 1418 uon
2130 1355 2182 1421 est
2199 1374 2303 1424 causa
2317 1357 2545 1433 remissionis
2560 1376 2642 1455 pec-

607 1463 669 1534 vid
689 1459 782 1529 clare
804 1470 972 1544 testatur,
1003 1480 1084 1528 cum
1104 1456 1170 1527 ait:
1195 1452 1280 1525 Non
1301 1454 1412 1524 intres
1435 1452 1474 1521 in
1496 1451 1594 1523 iudi·
1646 1464 1827 1534 catorum,
1861 1472 1942 1519 cum
1972 1463 2113 1542 peccata
2140 1453 2276 1526 remitti
2304 1470 2463 1552 constet,
2500 1464 2643 1536 etiamsi

608 1564 702 1634 cium
729 1583 812 1630 cum
839 1582 941 1630 servo
965 1570 1047 1645 tuo,
1080 1557 1162 1651 quia
1186 1580 1262 1628 non
1282 1554 1531 1628 iustificabitur
1555 1554 1595 1620 in
1647 1547 1765 1623 adhuc
1780 1552 1884 1640 plena
1900 1552 1946 1622 sit
1959 1565 2086 1623 natura
2101 1556 2266 1645 peccatis.

608 1675 799 1755 conspectu
813 1674 875 1732 tuo
890 1660 1008 1731 omnis
1021 1659 1157 1737 vivens.
1751 1652 1812 1728 17.
1851 1651 1998 1725 Praeter
2033 1654 2306 1745 promissionem
2336 1665 2518 1754 propriam
2550 1669 2642 1737 novi

710 1764 747 1835 6.
790 1761 841 1835 Ut
869 1762 978 1852 igitur
1004 1760 1193 1854 promissio
1218 1758 1264 1829 sit
1286 1759 1403 1844 firma,
1438 1751 1507 1826 hoc
1531 1768 1596 1842 est,
1649 1754 1889 1837 Testamenti,
1922 1770 2005 1827 sunt
2032 1770 2068 1827 ει
2094 1758 2227 1849 legales
2250 1763 2519 1854 promissiones,
2552 1770 2642 1861 quia

609 1880 651 1938 ut
685 1877 781 1939 certo
809 1886 1067 1958 consequamur
1093 1861 1303 1958 promissam
1333 1857 1597 1930 reconciliatio·
1649 1856 1745 1926 enim
1782 1857 1987 1931 ohedientia
2022 1857 2110 1948 legis
2146 1862 2251 1957 sequi
2277 1865 2401 1953 dehet,
2440 1864 2574 1942 hahent
2605 1885 2642 1941 ει

610 1991 715 2053 nem,
747 1987 887 2036 necesse
914 1979 984 2050 est,
1015 1965 1052 2033 in
1080 1987 1137 2048 ea,
1169 1961 1246 2031 sine
1270 1961 1477 2032 conditione
1499 1960 1598 2051 legis,
1649 1981 1757 2051 opera
1776 1981 1856 2032 suas
1872 1959 2136 2051 promissiones.
2211 2025 2218 2037 .
2636 2029 2640 2036 ,

610 2083 647 2142 ει
659 2091 736 2139 non
750 2082 896 2160 propter
907 2067 1037 2158 legem,
1062 2065 1183 2137 offerri
1201 2062 1538 2136 reconciliationem.
1756 2060 1816 2134 18.
1863 2060 1970 2132 Tales
2007 2076 2109 2135 suut:
2149 2060 2243 2136 Date
2280 2079 2332 2140 et¹
2350 2070 2495 2145 dabitur
2527 2072 2645 2146 vohis

713 2170 751 2241 7.
792 2166 846 2240 Ac
867 2181 1006 2263 oportet
1026 2166 1279 2238 conscientiam
1302 2178 1434 2236 certam
1457 2187 1531 2233 esse
1554 2165 1599 2235 de
1651 2162 1790 2253 Frange
1807 2162 1975 2234 esurienti
1993 2188 2142 2255 panem,
2167 2179 2202 2240 ct
2219 2163 2399 2244 Dominus
2414 2173 2577 2247 exaudiet
2595 2190 2644 2254 te.

612 2271 820 2346 remissione
848 2283 1091 2363 peccatorum,
1124 2282 1161 2338 ει
1181 2266 1404 2358 reputatione
1427 2265 1600 2353 iusticias,
1756 2263 1816 2337 19.
1849 2262 1941 2336 Cum
1964 2289 2069 2337 nemo
2084 2268 2160 2358 'legi
2176 2269 2389 2358 satisfaciat,
2415 2270 2483 2346 hae
2502 2300 2642 2371 quoque

614 2390 649 2447 et
663 2373 856 2446 donatione
870 2372 962 2442 vitae
976 2384 1151 2443 aeternae.
1609 2429 1614 2435 .
1652 2366 1905 2461 promissiones
1927 2367 2072 2439 inutiles
2092 2383 2127 2441 et
2149 2370 2274 2444 irritae
2292 2389 2430 2462 essent,
2454 2378 2533 2448 sine
2556 2401 2644 2469 pro-

714 2475 753 2551 8.
791 2472 884 2545 Nam
900 2469 1117 2542 conscientia
1139 2469 1326 2555 dubitans,
1354 2492 1400 2539 an
1422 2466 1499 2539 Deo
1522 2469 1601 2560 pla·
1654 2470 1823 2541 missione
1838 2465 2035 2560 Evangelii.

614 2592 709 2664 ceat,
733 2576 811 2648 odit
826 2587 861 2646 et
875 2573 966 2663 fugit
980 2571 1153 2644 iudicium
1170 2571 1255 2654 Dei,
1282 2571 1404 2644 struit
1421 2571 1460 2641 in
1476 2572 1601 2663 despe-
1753 2570 1815 2647 20.
1848 2570 1949 2644 Sicut
1968 2571 2080 2661 igitur
2096 2567 2152 2637 lex
2164 2566 2333 2661 impletur
2349 2572 2562 2667 imputative
2579 2601 2644 2668 per

614 2681 801 2751 rationem.
1653 2667 1907 2762 Evangelium,
1939 2671 1988 2744 its
2018 2667 2269 2763 promissiones
2297 2675 2386 2763 legis
2415 2677 2506 2747 fiunt
2535 2680 2644 2751 utiles

715 2779 752 2852 9.
792 2772 930 2870 Opinio
950 2771 1216 2866 sophistarum,
1249 2797 1339 2869 quae
1370 2773 1470 2844 iuhet
1493 2771 1602 2843 dubi·
1654 2786 1688 2844 et
1702 2787 1796 2845 ratae
1811 2798 1874 2865 per
1889 2770 2137 2861 Evangelium.

614 2897 690 2954 tare
717 2878 986 2965 conscientiam,
1019 2901 1066 2948 an
1089 2878 1169 2948 Deo
1198 2877 1352 2967 placeat,
1384 2899 1528 2967 prorsus
1551 2887 1603 2945 est
1754 2875 1817 2951 21.
1849 2874 2041 2968 Postquam
2063 2873 2162 2944 enim
2183 2873 2254 2945 fide
2275 2870 2440 2948 hahemus
2456 2877 2514 2960 id,
2541 2884 2643 2972 quod

613 2985 742 3076 impis,
774 2994 809 3052 et
830 2979 925 3053 tollit
943 2979 1150 3050 universum
1173 3002 1296 3050 verum
1319 2979 1455 3050 cultum
1476 2975 1546 3048 Dei
1568 2989 1604 3046 et
1655 2980 1710 3050 lex
1732 2976 1883 3071 requirit
1905 2975 2132 3069 imputative,
2158 2970 2227 3046 hoc
2248 2990 2319 3060 est,
2347 2991 2529 3073 postquam
2554 2982 2644 3054 iusti

613 3084 888 3156 invocationem.
938 3079 1130 3171 Quomodo
1152 3080 1248 3150 enim
1269 3080 1506 3164 invocabunt,
1531 3077 1603 3145 nisi
1655 3081 1955 3172 pronunciamur,
1988 3101 2093 3169 opera
2119 3077 2189 3145 iam
2220 3094 2406 3153 merentur
2433 3085 2646 3170 mercedem,

614 3185 856 3261 crediderint?
887 3183 1009 3277 iuquit
1021 3181 1168 3257 Paulus.
1654 3182 1741 3253 acsi
1756 3181 1825 3271 legi
1840 3181 2056 3252 satisfactum
2070 3190 2172 3252 esset.

717 3291 778 3361 10.
812 3285 927 3356 Tollit
948 3298 983 3353 et
1003 3285 1206 3353 universam
1221 3281 1499 3354 consolationem
1517 3306 1603 3353 con·
1756 3286 1818 3356 22.
1852 3280 1902 3353 Ει
1921 3280 2065 3375 quidem
2087 3280 2158 3368 legi
2172 3278 2406 3355 satisfecimus
2424 3285 2646 3377 imputative.

615 3392 863 3473 scientiarum,
892 3385 1048 3477 denique
1068 3385 1186 3456 abolet
1206 3382 1413 3454 universum
1437 3381 1603 3476 Evange-
1655 3385 1941 3460 Pronunciamuc
1953 3383 2049 3455 enim
2067 3382 2153 3454 iusti
2167 3397 2315 3475 propter
2330 3380 2537 3475 Christum,
2562 3412 2645 3478 per·

613 3495 716 3567 lium.
1655 3490 1739 3561 iude
1751 3514 1792 3560 ac
1807 3490 1836 3558 si
1852 3487 1922 3581 legi
1936 3485 2233 3559 satisfecissemus.

718 3592 779 3666 11.
817 3586 887 3658 Ηίε
907 3585 1024 3668 locus,
1056 3586 1153 3677 quod
1174 3584 1362 3676 promissio
1382 3589 1509 3660 debeat
1531 3613 1603 3659 esse
1754 3594 1818 3665 25.
1859 3589 2005 3660 Placent
2027 3587 2137 3676 igitur
2157 3587 2220 3659 illa
2240 3610 2369 3680 opera,
2401 3614 2477 3662 non
2501 3607 2645 3684 propter

616 3709 728 3781 certa,
753 3688 822 3765 hoc
839 3704 910 3775 est,
933 3685 1030 3781 quod
1050 3686 1263 3757 couscientia
1279 3688 1404 3759 debeat
1420 3704 1515 3759 certo
1532 3704 1604 3761 sta·
1654 3715 1754 3763 susm
1772 3691 2002 3778 dignitatem,
2029 3712 2103 3759 non
2124 3689 2207 3780 qnia
2227 3689 2298 3781 legi
2319 3691 2557 3779 satisfaciant,
2583 3696 2645 3763 sed

615 3812 730 3885 tuere,
755 3798 852 3891 quod
865 3800 1100 3879 consequatur
1112 3787 1355 3859 remissionem
1368 3804 1602 3881 peccatorum,
1653 3794 1795 3884 placent
1815 3802 1961 3882 propter
1975 3784 2178 3875 Christum,
2204 3816 2397 3887 perquem
2420 3819 2570 3886 persona
2593 3808 2644 3867 εει

617 3917 653 3974 ει
679 3899 941 3992 reputationem
971 3888 1149 3975 iusticias,
1179 3891 1262 3962 item
1294 3894 1390 3985 quod
1415 3892 1601 3981 promissio
1654 3907 1812 3987 accepta,
1837 3914 1928 3986 quae
1951 3886 2186 3982 apprehendit
2203 3895 2483 3968 misericordiam
2498 3910 2647 3987 propter

615 4029 692 4077 non
712 3999 842 4071 habeat
861 3989 1102 4065 conditionem
1128 3993 1235 4083 legis,
1266 3994 1374 4065 totius
1395 4007 1603 4075 controver-
1652 3992 1834 4068 Christum
1849 3992 2071 4087 promissam.

616 4110 688 4181 siae
702 4106 745 4173 de
761 4092 1008 4170 iustificatione
1024 4085 1182 4187 σύνεχον
1196 4108 1259 4166 εει.
1754 4094 1816 4169 24.
1851 4094 1933 4165 Non
1954 4094 2063 4182 igitur
2083 4094 2277 4168 iustificant
2297 4096 2359 4168 illa
2378 4118 2496 4188 opera.
2546 4094 2644 4170 Nam

723 4202 782 4270 12.
814 4194 857 4265 In
878 4190 975 4265 hunc
993 4194 1102 4287 igitur
1123 4198 1259 4284 locum,
1292 4198 1388 4292 quod
1411 4197 1601 4291 promissio
1653 4213 1689 4270 et
1704 4219 1858 4289 persona
1871 4198 2366 4291 estacceptapropteraliud,
2390 4209 2425 4268 et
2441 4221 2549 4290 opera
2565 4201 2643 4294 ipsa

616 4305 745 4383 debeat
764 4321 838 4370 esse
859 4311 971 4383 certa,
995 4298 1081 4368 item
1103 4303 1198 4393 quod
1215 4295 1343 4371 habeat
1357 4300 1601 4373 conditionem
1651 4325 1716 4395 per
1730 4312 1803 4371 sese
1819 4297 1890 4388 legi
1904 4320 1979 4369 non
1997 4299 2227 4373 satisfaciunt.

615 4403 720 4499 legis,
745 4424 883 4495 semper
901 4399 1033 4470 intueri
1052 4423 1119 4471 nos
1140 4415 1299 4496 oportet,
1324 4415 1358 4473 et
1378 4417 1420 4474 ut
1440 4398 1525 4474 hinc
1539 4403 1602 4474 fir·
1752 4397 1814 4476 25.
1846 4398 1968 4491 Quare
1990 4424 2129 4494 semper
2151 4396 2377 4473 statuendum
2401 4414 2473 4485 est,
2499 4425 2566 4472 nos
2585 4404 2644 4472 in·

615 4530 711 4577 mam
732 4518 768 4575 et
788 4517 918 4574 certam
943 4500 1218 4575 consolationem
1242 4529 1283 4575 ac
1303 4502 1522 4590 doctrinam,
1555 4506 1599 4574 de
1653 4507 1773 4596 digere
1790 4503 2053 4587 misericordia,
2079 4503 2162 4597 quia
2176 4514 2213 4572 ει
2227 4512 2359 4573 natura
2373 4515 2427 4574 εει
2442 4501 2644 4592 immunda,

616 4631 701 4676 vero
724 4605 823 4676 cultu
839 4598 908 4671 Dei
928 4623 1125 4686 sumamus,
1149 4620 1184 4678 et
1206 4619 1248 4676 ut
1268 4604 1384 4678 fontes
1404 4606 1600 4677 sententiae
1652 4622 1687 4678 et
1702 4628 1809 4695 opera
1827 4618 1911 4675 sunt
1924 4604 2119 4688 immunda,
2133 4614 2167 4673 et
2180 4601 2409 4676 sentiendum
2425 4618 2490 4690 est,
2505 4629 2572 4676 nos
2585 4629 2645 4676 re-

614 4705 719 4779 Pauli
733 4722 993 4794 cognoscamus.
1526 4762 1530 4769 -
1651 4706 1768 4801 putari
1782 4706 1894 4779 iustos
1907 4720 2051 4798 propter
2061 4700 2246 4777 Christum
2263 4728 2329 4799 per
2340 4706 2632 4781 misericordiam.

717 4805 778 4902 ill.
809 4802 900 4876 Nam
923 4798 1007 4875 hinc
1027 4804 1179 4895 intelligi
1195 4816 1326 4896 potest,
1352 4828 1461 4899 quare
1476 4808 1600 4876 doceat
1752 4807 1814 4879 26.
1839 4806 1888 4882 Et
1897 4803 2076 4878 haec-fides
2086 4807 2131 4877 ad
2140 4830 2328 4898 personam
2337 4810 2522 4895 referatur,
2544 4809 2644 4903 quod

529 4973 531 4977 .
615 4908 765 4995 Paulus,
796 4907 893 5001 quod
914 4906 988 4976 sola
1008 4906 1078 4979 lide
1097 4905 1183 4979 iusti
1202 4919 1426 4999 reputemur,
1456 4909 1599 4993 scilicet,
1650 4933 1802 5006 persona
1817 4910 1951 5001 placeat
1965 4933 2028 5000 per
2041 4908 2334 4983 misericordiam.

617 5011 699 5105 quia
728 5010 810 5081 iusti
840 5020 1065 5101 reputamur,
1096 5032 1172 5081 non
1199 5023 1345 5102 propter
1370 5010 1503 5102 legem,
1537 5012 1597 5080 sed
1753 5010 1817 5082 27.
1857 5011 1963 5101 Quod
1987 5009 2121 5082 Paulus
2148 5012 2255 5083 dixit:
2288 5006 2411 5084 Omne
2438 5013 2536 5107 quod
2566 5032 2644 5079 uon

616 5126 709 5184 certo
727 5136 788 5200 per
803 5110 1081 5183 misericordiam
1097 5124 1242 5202 propter
1255 5106 1449 5186 Christum.
1651 5128 1703 5186 est
1731 5139 1772 5184 er
1798 5114 1886 5198 fide,
1918 5127 2101 5203 peccatum
2120 5124 2194 5194 est,
2224 5112 2330 5187 tidem
2350 5127 2454 5185 vocat
2473 5110 2644 5181 fiduciam

719 5210 777 5285 14.
809 5212 967 5286 sienim
988 5234 1064 5280 non
1085 5227 1232 5301 propter
1253 5213 1383 5303 legem,
1410 5214 1470 5284 sed
1490 5213 1598 5303 gratis
1651 5215 1933 5298 misericordiae,
1957 5213 2049 5284 sicut
2070 5213 2170 5288 alias.
2220 5212 2302 5284 Non
2321 5213 2645 5287 vocatfidemtan-

614 5316 892 5408 pronunciamus
919 5312 1024 5392 iusti,
1055 5313 1215 5404 sequitur
1244 5337 1310 5383 nos
1331 5315 1459 5385 fiducia
1486 5315 1597 5385 solius
1650 5330 1725 5389 tum
1739 5315 1907 5387 noticiam
1920 5314 2026 5402 legis,
2048 5327 2112 5386 aut
2124 5314 2363 5389 obedientiam
2377 5335 2459 5403 erga
2476 5312 2605 5402 legem.

613 5417 872 5489 misericordiae
888 5417 1000 5487 iustos
1013 5410 1181 5501 reputari·
1748 5418 1811 5493 28.
1843 5416 1982 5489 Noticia
2005 5416 2092 5507 legis
2114 5429 2166 5489 est
2186 5416 2314 5505 timor,
2337 5417 2424 5487 fides
2442 5428 2564 5487 autem
2587 5428 2646 5487 est

714 5515 775 5595 15.
808 5520 1023 5609 Quanquam
1039 5522 1154 5583 autem
1168 5512 1356 5601 promissio
1372 5516 1457 5584 novi
1470 5513 1597 5585 Testa·
1647 5518 1774 5591 fiducia
1788 5519 2062 5590 misericordiae.
2359 5538 2363 5543 ’

613 5621 725 5693 menti
757 5646 831 5692 non
868 5613 975 5685 habet
1003 5610 1244 5681 conditionem
1276 5614 1382 5702 legis,
1425 5629 1595 5706 tanquam
1745 5621 1805 5693 29.
1838 5619 1923 5691 Ideo
1947 5635 2065 5692 autem
2088 5633 2270 5710 peccatum
2294 5634 2367 5707 est,
2388 5622 2489 5714 quod
2513 5643 2589 5693 non
2604 5619 2645 5691 lit

611 5745 771 5805 causam,
801 5734 920 5790 tamen
951 5710 1152 5781 obedientia
1183 5734 1265 5802 erga
1294 5715 1405 5804 legem
1432 5715 1594 5807 sequitur
1645 5740 1686 5785 ex
1706 5720 1795 5802 tide,
1829 5722 1915 5814 quia
1937 5720 2118 5795 dubitatio
2131 5720 2369 5796 conscientiae
2386 5736 2440 5795 est
2456 5737 2643 5816 peccatum

610 5822 901 5908 promissionem,
934 5823 1104 5903 tanquam
1131 5811 1292 5902 effectus,
1325 5836 1387 5885 seu
1417 5814 1591 5887 debitum.
1643 5821 1901 5916 etdesperatio.
