6025 6775
391 712 490 788 1033
951 700 982 779 1.
1032 691 1325 776 CHRONICON
1348 688 1595 772 CARIONIS.
1647 691 1774 774 PARS
1798 694 1848 775 tl.
2132 794 2134 799 Ι
2303 706 2401 782 tuta
2510 693 2518 707 ⁶

390 882 432 951 in
447 875 624 951 Anastasii
640 870 862 968 imperatoris
877 870 1105 945 coronatione
1119 866 1268 941 dicetur.
1294 866 1367 938 Te-
1422 877 1567 959 quarto,
1591 878 1627 936 et
1648 867 1742 938 bona
1757 868 1888 939 civium
1908 862 2068 962 diripuit.
2118 866 2394 965 Quadragesimo

391 982 473 1054 nuit
486 980 674 1071 imperium
689 976 892 1048 Leuannos'
903 970 1150 1065 septendecim.
1199 967 1369 1059 Princeps
1422 979 1539 1036 autem
1556 967 1615 1035 die
1630 981 1709 1067 post
1721 968 1833 1039 soceri
1847 981 1996 1040 mortem
2013 970 2140 1043 morbo
2154 973 2327 1049 extinctus
2342 989 2395 1049 est

392 1082 524 1161 iustus,
549 1092 585 1149 et
600 1104 641 1149 eo
655 1077 771 1162 utilis,
795 1075 877 1167 quia
890 1096 971 1143 cum
985 1073 1061 1163 ipse
1084 1068 1222 1141 alienus
1243 1081 1368 1138 esseta
1422 1058 1609 1138 Ricbimei·
1624 1067 1811 1156 parricida,

390 1182 490 1251 ialsis
506 1179 748 1270 dogmatibus,
772 1171 950 1245 Ecclesiae
963 1170 1081 1239 minus
1100 1168 1259 1239 turbatae
1274 1180 1369 1253 sunt,
1521 1163 1626 1235 Tales
1648 1169 1872 1240 confusiones
1892 1168 2057 1243 accidunt
2077 1170 2261 1244 ruentibus
2281 1172 2394 1267 impe-

390 1303 458 1351 nec
470 1278 638 1372 Episcopi
653 1291 745 1348 recte
767 1274 958 1345 sentientes
979 1294 1022 1341 ex
1043 1267 1116 1339 suis
1139 1266 1282 1338 sedibus
1304 1290 1367 1367 ex·
1417 1264 1494 1342 riis.
1543 1263 1786 1355 Agnoscamus
1802 1269 1910 1359 igitur
1921 1294 1996 1341 non
2010 1273 2139 1344 dnmre
2161 1274 2309 1366 imperia
2318 1275 2394 1346 nisi

389 1381 486 1472 pulsi
503 1393 598 1451 suut.
1417 1362 1495 1436 Deo
1512 1382 1761 1459 conservante,
1786 1369 2124 1463 etpetamusaDeo
2138 1376 2308 1448 ulutares
2326 1398 2393 1468 gu·

491 1477 577 1551 Fuit
600 1488 718 1549 autem
748 1486 835 1546 tunc
867 1491 993 1563 magna
1026 1463 1182 1562 potentia
1212 1466 1365 1539 duorum
1418 1464 1632 1537 bematores.

388 1572 611 1675 principum,
635 1576 698 1671 qui
722 1594 925 1668 quanquam
944 1569 1047 1642 Gotti
1061 1582 1163 1641 erant
1178 1565 1367 1640 etAriani:
1518 1559 1725 1637 Ricbimero
1741 1564 1905 1638 successit
1917 1559 2119 1665 Olybrius,
2143 1573 2271 1647 missus
2284 1597 2306 1642 a
2322 1573 2392 1647 Le-

389 1696 509 1755 ttmen
539 1678 633 1748 inter
659 1673 824 1767 patricios
846 1671 946 1744 asciti
972 1671 1131 1754 fuerant,
1163 1664 1310 1759 Asparis
1333 1678 1368 1741 et
1417 1688 1486 1735 one
1501 1662 1677 1747 Romam,
1700 1666 1783 1757 quia
1797 1667 1961 1739 adfinitas
1973 1671 2225 1763 imperatorum
2241 1675 2275 1746 ei
2288 1689 2392 1748 auto-

389 1777 606 1862 Ardaburii,
632 1798 784 1870 quorum
797 1771 1047 1863 suffragatione
1062 1768 1249 1862 praecipue
1263 1766 1368 1837 adiu·
1417 1765 1557 1837 ritatem
1572 1763 1734 1838 addebat.
1784 1761 1922 1838 Habuit
1934 1769 2031 1842 enim
2045 1795 2188 1842 uxorem
2197 1773 2391 1847 Placidiam

390 1891 450 1951 tua
471 1892 545 1949 erat
564 1876 650 1948 Leo.
712 1874 781 1946 Sed
803 1868 844 1942 bi
870 1896 950 1943 cum
971 1884 1091 1964 postea
1113 1867 1368 1939 insidiarentur
1416 1864 1526 1936 liliam
1551 1862 1812 1949 Valentiniani,
1843 1867 1906 1936 sed
1927 1870 2077 1961 septimo
2109 1872 2250 1965 imperii
2271 1899 2392 1948 mense

391 1978 484 2049 vitae
505 1977 653 2055 Leonis,
680 1997 720 2043 ac
740 1974 914 2044 dicerent:
941 1964 1124 2067 φάγωμεν
1145 1962 1214 2039 τὸν
1236 1962 1367 2038 λέοντα
1415 1978 1579 2036 mortuus
1602 1977 1666 2039 est.

390 2073 481 2173 πρὶν
495 2072 612 2149 αὐτὸν
624 2069 721 2169 ἡμᾶς
744 2069 938 2170 ἀριστῆσαι
943 2121 956 2157 ,
977 2071 1082 2142 iussu
1104 2066 1236 2141 Leonis
1255 2066 1366 2136 inter·
1517 2063 1602 2136 Post
1623 2060 1719 2135 bunc
1744 2089 1764 2135 a
1787 2064 1961 2138 militibus
1983 2065 2179 2142 Ravennae
2201 2072 2392 2165 imperator

390 2178 475 2247 fecti
490 2189 585 2248 sunt.
1416 2165 1528 2236 iaetus
1542 2181 1594 2238 est
1607 2158 1821 2259 Glycerius,
1845 2169 1921 2253 cui,
1940 2191 2021 2238 curn
2035 2193 2110 2239 non
2126 2183 2239 2242 totum
2256 2197 2393 2245 annum

492 2276 565 2348 Iam
582 2299 664 2347 vero
686 2274 724 2344 in
741 2269 936 2345 Occidente
956 2292 1058 2340 ruere
1077 2265 1267 2361 imperium
1288 2262 1366 2338 Ro-
1415 2280 1607 2357 regnasset,
1633 2266 1763 2358 eripuit
1783 2267 1971 2358 imperium
1986 2262 2114 2339 Iulius
2127 2267 2261 2363 Nepos,
2286 2285 2322 2342 et
2338 2274 2393 2347 sess

391 2399 535 2446 manum
565 2390 737 2468 coeperat.
804 2371 935 2442 Franci
958 2392 1121 2459 magnam
1150 2366 1366 2437 Germaniae
1415 2367 1464 2437 cit
1491 2390 1573 2437 eum
1597 2363 1812 2458 Episcopum
1836 2369 1876 2437 in
1907 2367 2096 2445 Dalmatia.
2151 2366 2242 2440 Cum
2272 2385 2391 2441 autem

390 2491 426 2548 et
441 2473 579 2546 Galliae
594 2491 728 2567 partem
744 2473 919 2543 tenebant.
962 2464 1120 2559 Ostgotti
1132 2466 1366 2553 Pannoniam,
1415 2465 1527 2538 Iulius
1545 2490 1653 2558 nepos
1667 2463 1832 2539 Orestem
1853 2469 1991 2539 iecisset
2005 2468 2209 2560 magistrum
2225 2470 2393 2555 militum,

390 2574 591 2666 Westgotti
610 2573 839 2664 Hispaniam,
864 2568 1077 2640 Gensericus
1100 2563 1269 2641 Africam.
1321 2565 1365 2637 ln
1416 2562 1476 2637 bic
1489 2559 1636 2636 Orestes
1652 2567 1855 2640 instructus·
1866 2568 2019 2640 exercitu
2038 2568 2286 2661 imperatorem
2308 2570 2392 2642 iecit

389 2673 491 2746 Italia
506 2677 609 2746 multi
629 2676 857 2761 imperatores
878 2672 1109 2754 creabantur,
1133 2669 1196 2762 qui
1222 2667 1364 2738 necdin
1416 2665 1610 2740 Ravennae
1639 2669 1754 2739 filium
1782 2670 2060 2754 adolescentem,
2094 2671 2158 2763 qui
2185 2671 2391 2741 nominatur

389 2777 557 2848 tenebant
579 2762 784 2863 imperium,
809 2794 874 2841 nec
895 2770 1065 2841 exercitus
1086 2790 1231 2859 magnos
1253 2762 1366 2838 babe-
1416 2761 1666 2860 Augustulus,
1707 2791 1748 2838 ac
1781 2768 1906 2841 foedus
1931 2766 2014 2839 iecit
2042 2791 2123 2839 cum
2149 2769 2323 2841 Vandalis
2351 2770 2391 2839 in

389 2876 488 2947 bant.
538 2871 696 2964 Cumque
712 2894 834 2942 verum
849 2872 894 2942 sit
915 2871 1007 2942 illud
1020 2870 1268 2959 Homericum:
1294 2864 1364 2943 οὐκ
1416 2864 1550 2942 Africa.

391 2971 543 3072 ἀγαθὸν
558 2968 837 3065 πολυκοιρανίη,
863 2996 944 3042 mox
967 2983 1047 3063 post
1063 2968 1194 3042 Leonis
1215 2981 1365 3039 mortem
1518 2965 1593 3039 lam
1615 2979 1734 3041 autem
1751 2959 1919 3040 Odoacer
1938 2969 2125 3065 Rugianus
2141 2972 2329 3043 exercitum
2352 2972 2392 3042 in

390 3076 520 3147 invasit
539 3071 676 3144 Italiam
699 3069 863 3143 Odoacer
884 3070 1089 3163 Rugianus,
1120 3084 1155 3141 et
1174 3069 1367 3140 crudeliter
1415 3067 1557 3143 ltaliam
1572 3071 1777 3146 adduxerat.
1827 3070 1876 3143 Ut
1897 3071 2005 3162 igitur
2028 3075 2230 3145 defenderet
2252 3071 2393 3145 ltaliam

391 3176 430 3243 in
445 3198 482 3246 ea
500 3187 672 3265 grassatus
684 3187 737 3245 est
749 3194 863 3244 annos
876 3170 1164 3268 quaduordecim,
1188 3182 1229 3242 ut
1244 3182 1365 3267 postea
1416 3168 1562 3244 Orestes
1575 3184 1697 3240 contra
1712 3194 1812 3255 eum,
1836 3173 1882 3241 ad
1892 3171 2060 3245 Ticinum
2076 3196 2187 3268 usque
2201 3174 2392 3245 exercitum

390 3276 539 3347 dicetur.
1419 3271 1530 3345 ducit.
1579 3267 1634 3341 lbi
1651 3271 1761 3341 robur
1777 3268 1898 3342 ltaliae
1913 3274 2106 3345 extinctum
2127 3297 2201 3345 esse
2215 3275 2393 3347 scribitur.

492 3374 617 3450 Voluit
633 3389 749 3449 autem
766 3372 862 3448 Deus
882 3370 922 3444 in
938 3367 1089 3446 Oriente
1110 3369 1366 3466 aliquantisper
1416 3369 1561 3443 Orestes
1576 3370 1690 3442 victus
1709 3371 1801 3462 sugit
1822 3372 1862 3442 in
1883 3375 2007 3446 urbem
2020 3366 2213 3461 Ticinum,
2237 3400 2308 3469 qua
2329 3398 2391 3446 ex-

392 3473 510 3549 adbuc
543 3478 671 3548 durare
702 3474 861 3550 Romani
888 3474 1030 3567 imperii
1059 3474 1231 3557 formam,
1268 3471 1365 3564 quod
1415 3484 1570 3564 pugnata
1609 3467 1774 3543 Odoacer
1802 3471 2019 3547 Placentiam
2064 3476 2197 3547 adduci
2227 3472 2392 3548 Orestem

392 3577 688 3670 complectebatur
708 3573 919 3661 Thraciam,
949 3572 1218 3658 Macedoniam,
1251 3567 1365 3640 Grae-
1416 3571 1536 3658 iussit,
1568 3571 1690 3665 ibique
1715 3596 1797 3643 eum
1817 3589 1996 3667 spectante
2024 3576 2178 3647 exercitu
2207 3575 2392 3646 interiecit.

392 3679 501 3762 ciam,
541 3675 740 3773 illyricum,
776 3677 952 3747 minorem
981 3675 1122 3757 Asiam,
1160 3670 1300 3765 Syriam
1331 3682 1367 3741 et
1418 3669 1530 3745 Urbes
1552 3672 1690 3744 vicinae
1715 3686 1955 3746 consternatae
1985 3677 2202 3746 deditionem
2223 3677 2394 3746 iecemut.

393 3779 606 3871 Aegyptum.
658 3778 810 3871 Fuitque
841 3776 971 3848 Leonis
995 3771 1203 3866 gubernatio
1229 3771 1366 3841 medio·
1417 3769 1638 3862 Augustulus
1650 3774 1786 3864 fugiens
1802 3775 1952 3868 imperio
1968 3777 2178 3856 aeabdicat,
2204 3778 2300 3868 quod
2322 3777 2392 3845 cir-

396 3878 500 3948 criter
513 3878 716 3972 tranquilla.
869 3921 871 3924 v
1416 3874 1503 3945 citer
1517 3898 1650 3945 annum
1659 3899 1771 3946 unum
1785 3888 1965 3960 tenuerat,
1988 3900 2029 3946 ac
2044 3877 2173 3944 deinde
2188 3873 2228 3943 in
2240 3873 2393 3966 Campa-

491 3977 540 4047 At
563 3980 600 4047 in
624 3980 721 4048 ltalia
745 3978 925 4048 interiecto
951 3972 1222 4052 Valentiniano,
1247 3969 1366 4043 Maxi·
1416 3973 1476 4045 nia
1489 3975 1648 4067 privatus
1662 3976 1750 4049 vixit
1761 3989 1930 4066 tanquam
1952 3975 2106 4045 exulans.

393 4100 471 4146 mus
486 4092 644 4170 utsupra
659 4080 794 4148 dictum
816 4091 889 4162 est,
913 4076 1044 4146 invasit
1068 4073 1276 4167 imperium,
1302 4071 1365 4165 qui
1515 4072 1586 4143 Hic
1600 4074 1681 4143 bnis
1703 4072 1772 4142 suit
1801 4072 2054 4164 imperatorum
2071 4072 2275 4147 italicorum
2297 4095 2392 4143 anno

391 4176 527 4264 fugiens
540 4177 769 4251 Gensericum
785 4189 925 4269 captus,
950 4177 1144 4266 discerptus
1159 4188 1195 4246 et
1206 4174 1244 4243 in
1253 4171 1365 4245 Tibe·
1415 4169 1550 4248 Christi
1583 4172 1928 4266 quadringentesimo
1966 4175 2218 4266 septuagesimo
2255 4175 2392 4269 quinto,
2528 4228 2530 4233 -

395 4276 464 4345 rim
482 4279 636 4349 abiectus
652 4294 703 4349 est
718 4300 837 4347 mense
853 4277 992 4367 imperii
1007 4276 1173 4345 secundo.
1326 4334 1331 4341 .
1414 4298 1496 4348 cum
1512 4269 1628 4344 adbuc
1649 4273 1723 4344 Leo
1737 4272 2046 4368 Constantinopoli
2068 4276 2216 4350 viveret.

494 4375 579 4446 Post
592 4375 686 4448 bunc
700 4379 849 4449 Senatus
865 4377 994 4446 creavit
1011 4377 1258 4464 imperatorem
1275 4366 1365 4440 Ast-
1517 4369 1681 4445 Odoacer
1707 4388 1823 4446 autem
1845 4374 1998 4449 Romam
2018 4377 2195 4466 ingressus
2220 4397 2336 4466 regem
2357 4397 2393 4444 se

395 4485 471 4545 tum
479 4527 494 4564 ,
519 4499 599 4544 cum
616 4501 687 4569 quo
702 4477 899 4549 Martianus
915 4476 997 4545 lecit
1011 4476 1146 4544 foedus.
1194 4471 1364 4545 Nondum
1417 4474 1518 4546 urbis
1532 4473 1669 4547 Romae
1682 4489 1716 4546 et
1732 4474 1855 4547 Italiae
1871 4477 2088 4564 nominavit,
2113 4490 2147 4548 et
2168 4471 2393 4568 triumphans

395 4578 496 4647 linito
519 4599 614 4645 anno
634 4576 725 4667 cepit
740 4578 885 4650 Avitum
908 4569 1101 4647 Richimer
1116 4571 1247 4646 Gottus
1270 4574 1365 4664 apud
1418 4576 1458 4644 in
1471 4572 1687 4668 Capitolium
1704 4577 1871 4652 ascendit.
1920 4575 2053 4667 Magne
2069 4578 2190 4648 caedes
2213 4591 2249 4648 et
2270 4577 2391 4668 direp-

394 4677 630 4758 Placentiam,
663 4690 698 4746 et
719 4679 893 4768 deponere
917 4702 996 4749 eum
1020 4675 1209 4766 imperium
1237 4674 1364 4763 coligit.
1417 4677 1533 4748 tiones
1546 4677 1584 4745 in
1599 4677 1689 4747 urbe
1702 4675 1819 4750 Roma
1839 4691 1874 4748 et
1894 4677 1981 4747 alibi
2001 4679 2110 4750 factae
2131 4691 2225 4750 sunt.
2275 4675 2394 4768 Agro-
2477 4669 2481 4681 ’

398 4775 537 4849 interea
550 4776 743 4849 Ravennae
759 4773 1010 4868 Maioranus,
1035 4777 1136 4847 cuius
1158 4775 1269 4846 virtus
1285 4776 1365 4844 lau·
1415 4801 1494 4848 rum
1510 4776 1649 4848 tertiam
1665 4790 1801 4868 partem
1817 4778 1891 4850 suis
1904 4779 2077 4860 attribuit,
2100 4802 2140 4849 ac
2154 4778 2315 4869 regnavit
2327 4800 2395 4847 an·

396 4881 519 4961 datur,
544 4878 935 4970 imperatorfactusest,
959 4901 1108 4970 cumque
1123 4877 1256 4946 bellum
1266 4874 1366 4943 Van·
1415 4900 1482 4947 nos
1509 4879 1788 4971 quatuordecim.
1845 4871 1948 4950 Misit
1975 4880 2069 4951 enim
2095 4875 2196 4950 Zeno
2225 4874 2395 4950 Theodo-

396 4978 486 5047 dalis
499 4979 537 5045 in
553 4977 674 5050 Africa
690 4979 857 5057 inferret,
882 4981 984 5052 tertio
997 4976 1138 5069 imperii
1152 4999 1248 5046 anno
1267 4997 1367 5044 mor·
1415 4978 1530 5049 ricum
1553 4975 1738 5050 Gotticum
1767 5001 1884 5069 regem
1913 4981 1953 5049 in
1975 4977 2115 5050 Italiam
2143 4993 2310 5074 tanquam
2340 4979 2396 5047 vi-

396 5092 478 5150 tuus
501 5090 562 5147 est·
612 5079 786 5151 Successit
807 5076 997 5150 Ravennae
1016 5074 1185 5158 Severus,
1212 5076 1274 5168 qui
1288 5071 1367 5147 Ro-
1416 5077 1550 5150 carium
1574 5100 1636 5147 scu
1659 5077 1813 5164 socium,
1846 5079 1909 5172 qui
1937 5080 2076 5152 duobus
2096 5080 2234 5172 magnis
2254 5079 2396 5172 praeliis

396 5202 472 5248 mae
489 5178 594 5248 tertio
611 5180 750 5269 imperii
766 5200 862 5248 anuo
878 5200 1013 5250 veneno
1034 5179 1205 5249 extinctus
1221 5189 1283 5246 est.
1417 5174 1617 5250 Odoacrem
1634 5191 1873 5252 occurrentem
1888 5179 1984 5264 vicit,
2004 5181 2114 5252 altero
2128 5183 2171 5252 ad
2181 5180 2395 5275 Aquileiam,

496 5277 600 5350 Misit
638 5281 746 5370 igitur
768 5276 970 5348 Martianus
981 5274 1226 5365 Anthemium
1262 5297 1367 5367 gene-
1418 5279 1529 5349 altero
1553 5279 1598 5347 ad
1620 5276 1768 5354 Padum.
1819 5276 1942 5351 Victus
1960 5275 2124 5352 Odoacer
2148 5282 2238 5374 iugit
2252 5279 2395 5355 Raven-

397 5401 476 5448 rum
492 5380 530 5448 in
549 5379 706 5463 ltaliam,
730 5394 773 5451 ut
792 5377 980 5468 imperium
997 5371 1200 5451 Occidentis
1222 5389 1368 5450 teneret.
1418 5402 1521 5458 nam,
1547 5378 1610 5451 ubi
1625 5379 1780 5450 triennio
1794 5380 2019 5453 circumsessa
2034 5384 2124 5455 urbe
2137 5384 2249 5452 multa
2262 5376 2396 5472 praelia

395 5476 465 5548 Hic
480 5481 649 5571 collegam
664 5481 747 5551 iecit
763 5502 931 5571 generum
940 5470 1186 5549 Richimernm
1204 5477 1368 5562 Gottum,
1418 5480 1507 5548 iacta
1525 5491 1623 5563 sunt,
1647 5482 1760 5551 donec
1778 5483 1922 5552 tandem
1938 5477 2104 5555 Odoacer
2124 5508 2147 5554 a
2170 5477 2394 5552 Theodorico

397 5580 458 5671 qui
480 5592 520 5648 ut
536 5577 679 5652 Arianis
700 5581 739 5650 in
763 5581 853 5649 urbe
866 5576 982 5651 Roma
1003 5577 1155 5649 traderet
1166 5574 1370 5663 Ecclesiam,
1420 5579 1565 5651 Gotticu
1581 5603 1661 5670 rege
1680 5580 1886 5654 interfectus
1907 5597 1970 5657 est.
2020 5585 2073 5658 Ac
2093 5579 2274 5675 respondit
2290 5601 2398 5648 even·
2466 5582 2475 5591 “

397 5703 477 5748 cram
494 5701 614 5750 socero
633 5684 670 5752 id
689 5677 899 5772 probibente
922 5679 962 5749 in
984 5677 1059 5769 ipsa
1076 5676 1164 5744 urbe
1181 5675 1297 5750 Roma
1314 5678 1371 5748 di·
1421 5693 1478 5750 tus
1498 5679 1596 5766 voci,
1628 5704 1736 5772 qnam
1755 5680 1795 5751 in
1817 5681 2010 5776 Apennino
2040 5686 2200 5754 audierat
2225 5692 2398 5775 tyrannus

391 5779 558 5867 micavit,
584 5794 618 5852 et
631 5783 746 5852 victor
762 5803 921 5852 socerum
936 5775 1110 5852 interiecit
1123 5797 1218 5844 anno
1230 5778 1370 5870 imperii
1427 5775 1609 5854 Odoacer:
1637 5779 1738 5853 Vade
1752 5782 1896 5873 pellite,
1915 5784 2098 5856 nonenim
2113 5781 2258 5854 redibis.

446 5877 631 5950 Mensura.
658 5887 761 5954 Orsa.
788 5887 870 5953 Vos..
897 5883 974 5951 XII.
1715 5883 1764 5958 66
