6025 6775
492 641 569 721 aar
967 602 1128 714 noco
1160 638 1235 714 ou
1268 640 1505 717 srunus
1541 638 1669 714 vor.
1703 639 2052 720 euroosoeu.
2441 654 2516 727 ass

493 830 573 887 ante
595 813 807 887 saladinum
828 833 945 899 regem
970 823 1006 882 et
1026 810 1258 882 Sullanorum
1288 815 1477 908 successio-
1502 835 1506 897 1
1531 814 1570 882 in
1589 812 1863 884 AustriaGottis
1880 816 2166 896 intercessissent,
2183 820 2364 889 redierunt
2379 822 2513 893 ablau-

492 942 592 1003 uem,
615 917 679 1009 qui
693 912 855 984 Saladiui
872 913 1072 1002 posteritate
1088 916 1238 998 sublata,
1264 939 1411 1004 regnum
1436 914 1473 985 vi
1502 898 1506 955 ¹
1529 916 1581 984 ris
1605 916 1741 985 medica
1763 938 1804 984 ac
1828 912 2071 987 mathematica
2085 920 2202 989 studia
2216 923 2259 989 ad
2277 922 2432 1002 viciuos,
2459 941 2513 995 at-

493 1031 711 1110 rapuerunt,
736 1029 841 1106 atquc
855 1038 895 1081 ex
909 1012 1119 1083 Mamalucis
1143 1030 1183 1085 ιιι
1196 1030 1341 1101 vocant,
1368 1019 1477 1101 idest,
1529 1040 1598 1109 que
1617 1017 1655 1084 iu
1674 1018 1824 1088 latinum
1841 1032 1961 1108 coepta
1976 1031 2059 1089 sunt
2074 1021 2212 1091 traduci
2229 1046 2438 1109 sermonem,
2455 1027 2514 1095 in·

494 1119 682 1208 religionis
709 1130 743 1185 et
758 1115 984 1207 professionis
998 1112 1222 1186 Christianae
1239 1119 1477 1188 desertoribus
1529 1121 1642 1210 deque
1657 1120 1910 1188 communicari
1927 1120 2073 1212 reliquis
2086 1118 2252 1213 Europae
2269 1126 2452 1213 gentibus,
2478 1143 2512 1198 et

495 1224 566 1311 legi
588 1218 812 1309 cooptariquc
833 1218 1040 1309 voluerunt)
1066 1233 1099 1286 et
1131 1219 1312 1311 aliquanto
1337 1234 1415 1310 post
1437 1220 1476 1287 in
1528 1222 1670 1290 tandem
1690 1216 1982 1312 Alphonsusrex
2006 1224 2158 1293 evocatis
2182 1222 2512 1297 eCordubaartill·

495 1324 647 1392 Maroco
661 1320 788 1408 oppido
806 1320 903 1406 regni
923 1318 1104 1390 Tunetani
1122 1321 1351 1389 celeberrimo
1369 1320 1475 1390 Man·
1529 1322 1646 1405 cibus,
1674 1322 1812 1392 institui
1835 1323 2098 1390 observationes
2119 1348 2229 1394 novas
2252 1341 2413 1394 motuum
2430 1353 2512 1398 coe-

496 1447 630 1495 surrex
647 1420 810 1510 praemiis
833 1420 994 1489 maximis
1018 1422 1226 1511 propositis,
1253 1418 1477 1491 bibliothecis
1528 1423 1686 1505 lestium,
1712 1424 1892 1493 emendari
1911 1419 2123 1517 hypotheses
2145 1439 2278 1496 veteres
2300 1430 2436 1497 collatis
2455 1430 2512 1497 in·

496 1523 666 1606 conditis,
693 1533 727 1588 et
750 1521 918 1590 aediliciis
942 1522 978 1589 in
1006 1518 1146 1591 scholae
1168 1547 1271 1592 usum
1294 1525 1477 1612 magnifice
1530 1539 1582 1594 ter
1599 1548 1635 1593 se
1650 1526 1812 1593 omnium
1831 1538 2030 1615 temporum
2053 1527 2377 1611 observationibus,
2404 1532 2510 1599 condi

493 1622 670 1706 extructis,
693 1621 809 1692 studia
827 1646 950 1691 rursus
966 1623 1002 1690 iu
1020 1619 1192 1692 honorem
1209 1627 1357 1695 adduxit
1372 1639 1477 1717 atque
1530 1649 1681 1694 canones
1702 1641 1881 1709 motuum,
1924 1626 2078 1718 denique
2103 1631 2285 1717 repurgari
2308 1630 2512 1721 disciplinas

494 1725 789 1808 admirationem,
825 1723 1041 1815 perfectique
1069 1739 1109 1795 ut
1131 1751 1194 1794 ceu
1225 1729 1477 1796 reviviscerent
1529 1723 1810 1811 mathematicas,
1838 1752 1877 1794 ac
1902 1729 2039 1797 restitui
2059 1752 2139 1796 cum
2163 1729 2299 1797 medica
2318 1742 2511 1802 artccura·

494 1830 533 1899 in
550 1828 622 1896 illis
637 1826 744 1893 locis:¹
766 1838 801 1893 et
819 1826 903 1893 inde
920 1823 1203 1917 cumHispaniae
1216 1852 1378 1918 magnam
1395 1854 1478 1920 par-
1529 1829 1591 1899 vit.
1646 1824 1697 1895 lta
1714 1842 1794 1917 post
1808 1829 1949 1915 longam
1967 1830 2165 1898 barbariem
2181 1854 2255 1898 non
2268 1830 2416 1899 minima
2432 1857 2512 1921 pars

495 1946 565 2001 tem
592 1949 743 1996 excussis
761 1924 900 2008 Gottrs
929 1925 1117 2012 Vandalis,
1143 1928 1268 1999 Alanis
1290 1947 1325 2002 et
1341 1930 1477 2013 Suevrs
1529 1924 1781 2017 Philosophiae
1796 1952 1836 1996 ex
1853 1927 2012 1997 Arabum
2028 1932 2174 2017 repetita
2199 1947 2249 2003 est
2273 1932 2394 2015 libris,
2421 1949 2453 2002 et
2475 1935 2512 2002 iu

495 2057 558 2126 qur
575 2052 648 2097 eam
663 2029 841 2096 veteribus
864 2028 1000 2095 colonis
1021 2032 1213 2121 oppressis,
1238 2057 1327 2102 crrca
1342 2056 1475 2100 annum
1530 2027 1593 2100 bas
1609 2045 1720 2098 terras
1737 2032 1897 2109 reducta
1921 2031 2126 2120 praesertim
2142 2056 2221 2100 cum
2233 2031 2513 2104 GraeciaaSar-

496 2159 516 2202 a
546 2144 629 2201 nato
651 2125 795 2199 Christo
829 2129 1150 2220 quingentesimum
1183 2136 1412 2217 obsederant,
1438 2134 1476 2200 in
1529 2144 1702 2200 matarum
1718 2132 1917 2222 irruptrone
1931 2156 2003 2198 νιιιι
2022 2155 2119 2217 passa
2134 2147 2233 2217 esset
2258 2146 2291 2202 et
2307 2135 2514 2204 conllrctan

495 2231 707 2324 Hispaniam
732 2231 889 2299 excitatis
905 2229 1093 2302 Cordubae
1117 2232 1303 2325 etH1spalr
1329 2257 1514 2325 gymna-
1530 2234 1625 2302 tibus
1647 2233 1741 2302 inter
1762 2257 1798 2301 se
1820 2246 1988 2323 perpetuo
2010 2230 2218 2327 Byzantinis
2239 2235 2389 2323 regulis,
2423 2262 2512 2328 quo·

496 2336 556 2404 siis
570 2332 732 2406 omnium
750 2333 1016 2422 disciplinarum
1034 2337 1250 2426 propagavit.
1301 2332 1370 2404 Sed
1388 2357 1477 2426 quae
1529 2359 1609 2403 rum
1624 2348 1700 2404 erat
1717 2337 1755 2403 in
1772 2350 1960 2425 angustum
1984 2349 2101 2405 coacta
2125 2336 2282 2427 potentia
2300 2334 2514 2405 Sarraceno-

496 2438 626 2505 vicerat
648 2433 828 2503 barbaries
850 2448 883 2504 et
906 2435 943 2503 iu
967 2437 1086 2505 omnia
1104 2437 1165 2503 illa
1184 2437 1257 2503 loca
1274 2435 1477 2520 inundant,
1529 2460 1609 2506 rum
1624 2437 1751 2522 armis,
1782 2438 1838 2505 vel
1859 2462 1932 2505 non
1956 2438 2048 2506 adiri
2064 2453 2180 2528 posset
2195 2439 2250 2506 vel
2267 2451 2512 2506 contemnere·

497 2536 627 2607 Graeci
645 2536 817 2604 sermonis
832 2560 898 2606 usu
915 2537 1043 2605 sensim
1061 2537 1180 2613 attrito
1201 2537 1374 2627 primum,
1400 2551 1478 2628 post
1530 2551 1598 2608 tur.
1651 2535 1752 2607 ltalia
1783 2563 1868 2607 vero
1900 2562 1919 2606 a
1955 2540 2196 2620 detrimentis,
2234 2563 2325 2633 quae
2350 2537 2514 2610 Gotticae

496 2634 661 2707 escholis
685 2650 825 2707 extruso
845 2661 998 2727 prorsus,
1016 2661 1099 2705 cum
1117 2637 1301 2707 barbarico
1316 2661 1478 2709 sermone
1529 2640 1747 2730 irruptiones
1782 2640 1975 2709 intulerant
2019 2644 2179 2710 nondum
2218 2641 2441 2731 respirasset,
2481 2656 2514 2711 et
2593 2645 2598 2654 '

497 2741 631 2831 aliquid
648 2739 911 2808 barbaricarum
937 2737 1147 2827 opinionum
1171 2740 1326 2826 invexit,
1348 2742 1412 2810 etsi
1436 2766 1477 2809 ex
1530 2735 1675 2810 Orienti
1687 2740 1757 2808 late
1773 2737 2286 2811 dominaretutMahometicus
2303 2742 2413 2814 furor.
2442 2742 2515 2810 Ta-

497 2839 642 2909 Graecis
656 2841 815 2911 fontibus
831 2841 991 2907 doctriua
1005 2833 1127 2910 hausta
1145 2856 1229 2912 erat.
1280 2841 1480 2913 Crescenti-
1530 2840 1581 2907 les
1604 2850 1687 2907 sunt
1715 2853 1877 2927 expertae
1900 2842 1991 2908 vices
2015 2843 2131 2909 studia
2163 2836 2287 2909 harum
2317 2843 2447 2908 artium
2475 2843 2512 2907 in

497 2942 563 3011 bus
579 2967 674 3011 erum
691 2963 850 3032 rmperus
867 2939 951 3008 vrct1
967 2966 1048 3010 vere
1063 2957 1100 3012 ut
1119 2968 1155 3012 se
1171 2947 1213 3013 ad
1241 2967 1356 3013 mores
1373 2956 1478 3011 natu
1532 2936 1709 3058 Aegypto,
1742 2961 1829 3030 quas
1861 2962 1939 3005 curn
1962 2939 2111 3025 legimus
2142 2955 2201 3008 aut
2227 2940 2438 3054 cogitamus,
2471 2943 2516 3007 de

497 3066 621 3135 rasque
641 3043 829 3111 inflectunt
852 3066 994 3124 eorum,
1021 3069 1082 3136 qur
1072 3046 1352 3128 dominantur
1378 3068 1430 3113 sac
1446 3057 1479 3112 et
1531 3043 1645 3110 causis
1669 3041 1773 3110 etiam
1798 3037 1958 3107 fatalium
1985 3060 2179 3127 poenarum
2203 3064 2242 3107 ac
2264 3039 2516 3123 mutationum,

495 3134 783 3214 characterismos
798 3156 1004 3212 naturarum
1028 3160 1131 3236 atque
1153 3148 1379 3235 ingeniorum
1398 3147 1479 3233 opi·
1531 3167 1622 3235 quac
1646 3166 1666 3209 a
1688 3142 1792 3209 nobis
1814 3142 1980 3208 oriuntur
2006 3138 2213 3228 praecipuae
2228 3139 2518 3230 complectamur,

452 3246 844 3330 ‹nionessequuntuu
859 3245 1278 3312 etimitanturidiomata
1297 3246 1479 3314 sermonis.
1530 3241 1859 3328 utsuntneglectio
1878 3252 2147 3329 etcontemptus
2170 3241 2515 3323 veritatiscoelestis,

490 3340 547 3415 Ex
576 3337 632 3407 his
652 3335 781 3410 scholis
804 3342 1015 3432 prodierunt
1038 3343 1110 3426 illi,
1137 3368 1226 3436 quos
1243 3366 1363 3413 recens
1386 3356 1480 3412 aetas
1532 3358 1566 3412 et
1587 3343 1727 3411 licentia
1752 3343 1893 3434 quidvis
1915 3342 2086 3427 faciendi,
2123 3342 2332 3411 libidines
2321 3343 2517 3433 impunitae

494 3457 576 3513 autc
594 3442 791 3510 restitutam
809 3444 846 3509 in
864 3439 919 3510 his
938 3444 1039 3512 terris
1054 3446 1211 3534 linguam
1228 3443 1399 3514 Graecam
1416 3465 1481 3513 au·
1532 3458 1565 3515 et
1580 3445 1756 3513 securitas.

497 3559 589 3615 tores
605 3566 644 3608 ac
661 3557 907 3632 praeceptores
923 3547 1107 3633 usurpavit
1121 3572 1160 3615 ac
1171 3547 1372 3629 celebravit,
1389 3543 1480 3614 Ara·
1634 3543 1715 3614 Non
1745 3545 2000 3634 applaudamus
2030 3542 2201 3614 novitatis
2228 3546 2346 3614 studio
2380 3547 2516 3615 errouis

497 3647 579 3714 bum
591 3638 814 3733 Philosophi,
830 3641 972 3722 Rhasis,
984 3644 1081 3728 Hali,
1094 3646 1280 3735 Serapiou,
1293 3643 1479 3723 Averroes,
1532 3646 1719 3716 cuiuslibet
1738 3644 1954 3736 praestigiis,
1980 3669 2045 3713 nec
2071 3647 2291 3715 discedamus
2317 3661 2447 3714 temere
2472 3649 2518 3715 ab

500 3741 689 3829 avicenna,
711 3741 937 3833 Alfraganus,
953 3741 1186 3834 Albategnius
1202 3759 1236 3814 et
1252 3747 1325 3826 alii,
1350 3747 1481 3838 quibus
1532 3748 1702 3837 explicata
1718 3747 1899 3816 doctrinae
1916 3746 2075 3815 coelestis
2089 3761 2123 3816 et
2145 3761 2361 3816 caeterarum
2387 3749 2516 3817 artium

500 3846 680 3915 autoribus
696 3838 932 3936 Philosophia
944 3847 1057 3923 literis
1076 3843 1237 3916 Arabicis
1254 3848 1425 3935 descripta
1442 3871 1480 3914 ac
1533 3873 1680 3932 norma,
1712 3873 1817 3941 quam
1840 3849 1901 3916 alii
1926 3848 2029 3915 aliter
2050 3872 2146 3917 nunc
2170 3851 2365 3938 depravant
2389 3849 2446 3915 vel
2472 3853 2516 3917 ad

500 3962 721 4032 conservata,
747 3950 785 4015 in
805 3945 966 4042 Aegypto
984 3949 1129 4040 quidem
1145 3972 1257 4041 usque
1274 3951 1316 4016 ad
1336 3971 1375 4014 ea
1392 3961 1481 4016 tem-
1533 3974 1611 4017 suas
1630 3951 1793 4018 mllexam
1810 3972 2017 4039 opmrones
2044 3950 2099 4015 vel
2117 3952 2160 4017 ad
2187 3951 2283 4038 vulga
2299 3951 2444 4019 affectus
2464 3964 2519 4018 at·

500 4072 600 4135 pora,
621 4002 751 4141 quibits
782 4049 945 4145 Selymus
967 4049 1198 4120 Sultanorum
1231 4049 1386 4139 potentia
1419 4050 1482 4115 de·
1533 4064 1779 4165 temperatam,
1817 4062 1858 4117 ιιι
1881 4063 1966 4115 tunc
1992 4049 2138 4138 accidit,
2181 4074 2260 4116 cum
2278 4047 2519 4120 Mahometica
2608 4061 2611 4067 “
2669 4065 2672 4072 “

499 4161 647 4234 structa,
672 4165 705 4220 et
722 4148 938 4221 Alexandria
957 4166 1055 4241 capta
1070 4151 1213 4220 sustulit
1233 4165 1337 4243 atque
1361 4150 1481 4217 abole-
1534 4149 1658 4217 deliria
1681 4151 1819 4217 animos
1843 4144 2028 4216 homiuum
2059 4101 2228 4217 novitatis
2253 4153 2367 4241 specie
2399 4164 2518 4236 captos

500 4251 549 4321 ιιι
565 4251 736 4345 quicquid
761 4267 942 4343 supererat
966 4254 1186 4335 studiorum,
1217 4260 1254 4321 'et
1274 4251 1482 4320 disturbatis
1534 4250 1763 4318 irretiverunt
1786 4262 1820 4319 et
1846 4264 2082 4338 occuparunt,
2117 4275 2207 4343 quae
2230 4278 2271 4320 eo
2297 4251 2435 4319 avidius
2459 4274 2518 4317 ex·
2551 4323 2555 4331 .

500 4353 686 4423 doctorum
721 4356 900 4472 collegiis,
937 4355 1192 4446 summotisque
1225 4375 1314 4446 quos
1347 4352 1482 4432 metuit,
1534 4365 1631 4441 cepta
1658 4367 1740 4419 sunt
1762 4374 1803 4418 ac
1822 4363 1956 4417 retenta
1979 4352 2212 4441 pertinacius,
2237 4354 2332 4444 quod
2357 4373 2518 4420 concessa

498 4555 588 4638 alio,
615 4572 847 4626 annoanato
863 4553 1006 4628 Cbrrsto
1030 4553 1145 4628 1517·
1171 4554 1211 4623 ln
1228 4554 1399 4646 Hispania
1421 4578 1484 4622 us·
1535 4557 1724 4638 laxarunt,
1750 4555 1810 4620 sed
1844 4575 2001 4622 amemus
2035 4555 2218 4628 veritatem
2254 4555 2449 4645 simplicem
2485 4567 2520 4622 et

498 4657 1020 4828 queachrdinandumavum
1035 4653 1484 4749 maternumCaroliquin-
1535 4657 1692 4725 studium
1718 4649 1936 4744 sophistices
1959 4656 2193 4738 detestemur,
2228 4668 2262 4724 et
2285 4655 2411 4723 maiori
2436 4679 2519 4724 cura

458 4766 467 4783 ⁸
501 4760 635 4850 t1,qui
650 4784 744 4828 anuo
760 4786 778 4831 a
795 4775 877 4830 nato
885 4759 1069 4830 Salvatore
1084 4759 1312 4847 nonagesimo
1327 4759 1482 4828 secundo
1536 4784 1576 4826 ac
1593 4755 1804 4845 diligentia
1793 4771 1957 4827 invocato
1972 4758 2103 4826 auxilio
2121 4757 2244 4826 divino
2261 4778 2422 4841 regamus
2437 4780 2521 4826 uos-

500 4880 606 4978 sppra
620 4845 856 4932 millesimum
861 4862 1246 4980 quadringentesimum
1263 4857 1482 4948 regibusBe—
1535 4859 1715 4949 metipsos,
1733 4881 1772 4926 ac
1784 4860 2186 4945 precemurardentibus
2203 4859 2294 4928 votis
2308 4859 2420 4926 lilium
2431 4855 2511 4939 Dei,

500 4962 586 5030 lirae
604 4955 744 5026 Mauris
768 4964 940 5052 oppressis
962 4966 1079 5053 potius
1099 4986 1207 5052 regno
1235 4976 1268 5030 et
1289 4961 1483 5051 Metropoli
1536 4975 1588 5028 ιιι
1601 4983 1667 5027 nos
1692 4974 1849 5041 tueatur,
1876 4982 1940 5025 nec
1964 4980 2070 5049 quam
2099 4961 2255 5028 reddidit
2279 4959 2383 5026 nobis
2406 4960 2520 5026 lucem

500 5063 585 5132 urbe
613 5058 793 5144 Granata‚
831 5064 1017 5132 subditis
1006 5090 1046 5134 m
1077 5066 1180 5134 lidem
1204 5087 1303 5132 suam
1338 5062 1485 5153 receptis
1536 5062 1797 5138 doctrinarum,
1830 5060 1918 5148 eripi
1951 5081 2073 5127 rursus
2104 5059 2266 5128 Turricis
2298 5060 2427 5142 armis,
2462 5074 2522 5129 aut

502 5163 591 5253 leges
608 5158 833 5233 Christianae
853 5165 1034 5252 religionis
1061 5167 1250 5258 imposuit,
1277 5179 1357 5257 post
1379 5166 1484 5233 abro-
1537 5162 1738 5231 domesticis
1761 5160 1943 5229 sororibus
1964 5161 2069 5232 sinat.
2123 5158 2224 5247 Quae
2240 5161 2307 5228 luit
2322 5159 2520 5232 studiorum

502 5278 616 5352 getam
648 5259 925 5334 Mahometicam
959 5269 1261 5359 superstitionem,
1302 5269 1484 5350 emendata
1537 5265 1657 5332 nutrix
1673 5275 1727 5332 tot
1743 5262 1865 5343 annis
1889 5275 1924 5331 et
1939 5258 2139 5331 scholarum
2157 5285 2247 5351 pene
2268 5263 2430 5331 omnium
2449 5289 2522 5329 nie·

501 5367 608 5436 etiam
623 5360 955 5486 philosophicorum
978 5369 1174 5438 studiorum
1189 5369 1348 5453 ratione,
1383 5367 1486 5436 annis
1537 5366 1697 5456 tropolis,
1712 5360 2398 5446 etveraeEcclesiaesedcsAlcxantlria,
2426 5388 2520 5432 ιιιιιιι

502 5467 971 5561 elapsisfereseptiugentis,
987 5469 1488 5561 exqquiramolinuslllau-
1538 5465 1693 5537 hostium
1718 5464 1783 5534 Dei
1806 5460 2055 5535 ethonestatis
2076 5466 2212 5546 omnis,
2241 5462 2463 5534 hominum
2454 5488 2520 5529 uu·

502 5593 624 5639 rorum
641 5568 809 5663 Prmceps
826 5569 1021 5661 Hispaniae
1035 5572 1106 5639 fere
1127 5594 1244 5639 omnis
1259 5574 1415 5643 domator
1430 5596 1489 5640 re
1538 5569 1807 5661 purissimorum
1832 5569 2009 5637 stabulum
2035 5582 2103 5647 est,
2144 5582 2177 5635 et
2207 5563 2326 5635 schola
2359 5550 2521 5650 blasphe-

503 5692 611 5758 guum
627 5671 715 5740 allud
731 5675 937 5744 stabrlrerat
973 5669 1043 5743 Sed
1068 5672 1181 5741 multo
1203 5686 1283 5743 ante
1299 5699 1379 5743 cum
1397 5675 1488 5762 leges
1538 5673 1693 5740 mierum
1718 5694 1757 5739 ac
1780 5670 2034 5761 turpitudinis,
2063 5683 2096 5738 et
2116 5669 2279 5736 licentiae
2306 5664 2519 5731 barbaricae.

506 5795 540 5841 ac
553 5773 780 5844 conditiones
796 5776 890 5864 pacis
912 5751 1108 5845 victoribus
1123 5773 1262 5845 Mauris
1288 5790 1323 5846 et
1341 5775 1488 5868 reliquis
1538 5773 1709 5846 Coloniae
1724 5787 1839 5843 autem
1855 5787 2012 5842 veterum
2030 5766 2180 5861 Aegypti
2203 5763 2403 5834 scholarum
2422 5787 2523 5853 prae·

551 5873 740 5944 Mentora.
767 5881 871 5945 Οιιιι.
896 5878 980 5948 Vos.
1006 5879 1085 5946 ΧΠ.
1851 5872 1896 5941 17
