6025 6775
490 598 565 672 sso
961 584 1119 663 unco.
1154 553 2050 677 ous'runusvnr.rn11‚0s0rrt
2304 679 2308 683 ,
2445 608 2523 683 eto

596 762 767 855 Quotidie
779 758 863 832 Dux
878 755 1049 829 Ernestus
1066 769 1150 827 ante
1175 771 1311 829 caetero
1333 759 1479 849 negocia
1531 762 1711 853 singulare
1734 764 1805 836 Dei
1832 789 1922 859 opus
1949 780 1984 837 et
2007 768 2187 860 singulare
2205 773 2411 846 beneficium
2434 800 2520 856 esse.

497 884 608 943 certas
621 866 847 959 precationes
865 861 1031 930 recitabat
1053 872 1152 927 tanto
1176 861 1286 930 animi
1307 874 1419 946 motu,
1438 872 1481 931 ut
1532 861 1719 936 Praeterea
1747 878 1781 937 et
1800 866 1958 959 exempla
1978 868 2091 959 ipsius
2112 887 2263 963 prosunt
2284 876 2449 950 omnibus
2472 879 2521 950 ad

499 971 649 1064 gemitus
676 968 749 1035 eius
772 987 792 1033 a
817 962 939 1031 multis
962 959 1230 1044 exaudirentur,
1263 962 1418 1032 addebat
1447 973 1483 1031 et
1534 967 1920 1042 commonefactionem.
1981 966 2172 1041 lmitentur
2200 973 2333 1064 singuli
2356 999 2420 1048 suo
2441 978 2519 1050 loeo

500 1075 687 1145 lectionem
703 1060 988 1157 propheticorum
1009 1072 1044 1127 et
1069 1062 1343 1151 apostolicorum
1366 1062 1481 1133 libro·
1534 1064 1817 1157 tanti-Principis
1837 1068 2056 1158 diligentiam
2079 1071 2117 1139 in
2141 1078 2241 1141 omni
2260 1074 2394 1160 officio,
2419 1102 2522 1168 pm.

503 1197 601 1252 rum,
627 1169 707 1239 aliis
720 1162 835 1247 horis,
861 1184 939 1230 cum
955 1183 1029 1228 non
1045 1160 1304 1253 impediebatur
1323 1162 1482 1232 consiliis
1534 1167 1638 1259 cipue
1663 1191 1748 1238 vero
1762 1167 1846 1248 filii,
1872 1193 1960 1261 quos
1975 1193 2076 1261 spero
2094 1167 2169 1241 Deo
2187 1196 2291 1241 curae
2306 1175 2399 1262 fore,
2426 1167 2525 1250 iuxta

502 1272 676 1368 publicis,
709 1266 792 1355 legit
811 1262 867 1354 pie
890 1262 1018 1351 scripta
1042 1249 1268 1352 theologica:
1285 1264 1484 1333 delectaba·
1534 1269 1689 1350 dictum,
1715 1265 1850 1338 Generi
1865 1282 2040 1340 rectorum
2056 1272 2299 1357 benedicetur,
2325 1287 2359 1343 et
2375 1292 2414 1349 nt
2426 1276 2526 1349 Deus

504 1392 565 1449 tur
578 1376 685 1442 facete
700 1365 812 1447 dictis,
834 1374 869 1431 et
881 1374 921 1434 ut
940 1376 1014 1434 erat
1029 1385 1150 1431 amans
1168 1364 1311 1433 candidi
1325 1364 1419 1448 salis,
1436 1364 1485 1433 its
1535 1367 1627 1438 lilios
1641 1366 1752 1439 Ducis
1767 1363 1931 1455 Ernesti,
1955 1382 1988 1458 et
2004 1373 2150 1460 patriam
2165 1374 2338 1462 gubernet
2354 1390 2389 1448 et
2403 1392 2525 1469 prote-

458 1475 466 1488 “
507 1476 659 1547 maxime
691 1464 929 1536 detestabatur
961 1463 1073 1534 libros
1105 1465 1252 1535 refertos
1276 1464 1485 1534 scurrilibus
1535 1481 1611 1557 gat,
1634 1482 1709 1540 toto
1726 1493 1808 1539 eum
1823 1484 1964 1561 pectore
1979 1495 2056 1547 oro.
2105 1471 2203 1566 Digi.

508 1568 676 1647 conviciis
690 1580 725 1637 et
739 1579 816 1637 atro
832 1565 913 1634 sele.
962 1560 1137 1635 Historias
1159 1564 1245 1655 legit
1271 1564 1485 1647 avidissime,

509 1692 543 1747 et
564 1692 666 1762 saepe
690 1668 830 1739 dicebat
854 1666 900 1733 ad
920 1666 1049 1734 multas
1069 1688 1125 1734 res
1147 1665 1186 1733 in
1203 1665 1374 1756 religione
1391 1679 1426 1736 et
1445 1665 1486 1732 iri
1546 1684 2522 1756 -—-—÷-————---—-

510 1772 667 1848 consiliis
681 1768 833 1862 publicis
847 1788 922 1835 rem
946 1767 1175 1835 necessariam
1198 1789 1288 1851 esse,
1312 1788 1415 1836 nosse
1430 1788 1488 1835 se·
2014 1836 2020 1849 ‚

509 1879 597 1949 riem
612 1871 771 1944 omnium
787 1880 984 1957 temporum
1000 1880 1033 1936 et
1046 1862 1333 1937 monarchiarum
1350 1880 1385 1937 et
1400 1866 1490 1936 alio·
1551 1850 1619 1924 No.
1637 1851 1723 1924 163.
2328 1888 2378 1931 sn.
2406 1868 2501 1937 1557.

508 2002 589 2050 rum
604 1992 795 2061 regnorum
810 1968 984 2040 ordinem.
1025 1965 1260 2038 Benebcentia
1278 1991 1359 2058 erga
1372 1961 1490 2062 hom’g
1548 1946 1719 1975 Μ
2315 1956 2526 1990 Μ

508 2101 572 2150 nes
592 2077 768 2145 modestos
790 2092 871 2139 vere
896 2079 1032 2156 egentes
1052 2068 1090 2139 in
1107 2066 1270 2160 Principe
1286 2082 1321 2139 et
1341 2069 1490 2157 coniuge
1706 2082 1783 2166 De
1808 2084 1976 2171 studia
2001 2096 2086 2174 vet·
2106 2087 2365 2203 philosoph·

511 2183 587 2251 sine
602 2175 766 2246 sordibus
790 2184 874 2242 erat.
923 2166 1086 2262 Denique
1110 2181 1182 2239 tota
1196 2169 1387 2240 domestica
1405 2192 1491 2240 con-

512 2279 661 2352 suetudo
694 2272 803 2343 Ducis
842 2266 1003 2349 Ernesti,
1043 2270 1221 2359 coniugis,
1261 2270 1415 2340 filiorum
1458 2282 1493 2339 et
1612 2256 1851 2317 &mmm
1873 2261 1906 2318 T.
1923 2261 1972 2322 Ν·
1991 2263 2159 2340 omns·
2184 2266 2409 2328 suvuefflv.
2427 2270 2527 2342 effi·

513 2383 665 2452 tiliarum
688 2387 762 2446 erat
777 2370 935 2444 Ecclesia
950 2367 1036 2454 Dei,
1062 2383 1097 2441 et
1116 2366 1263 2461 pulchra
1288 2366 1408 2441 schola
1426 2371 1493 2440 do-
1647 2326 1776 2386 dictast.
1789 2327 1823 2385 T.
1837 2328 1859 2389 ¹·
1874 2349 1902 2403 Ρ·
1916 2332 1959 2388 ⁸⁸·

513 2482 715 2594 ctrinarnm·
730 2488 763 2545 et
784 2474 968 2589 virtutum:
1019 2470 1103 2590 Puit
1118 2485 1263 2543 ornatus
1277 2468 1357 2542 Dur
1376 2467 1493 2589 Eme:
1544 2508 1674 2576 omno
1704 2503 1751 2575 ge
1773 2505 1911 2578 auggg,
1929 2513 2068 2580 „epm-3
2085 2449 2368 2603 ph51030p5503;
2410 2523 2450 2585 eg
2472 2513 2529 2586 ge

515 2598 588 2655 stus
613 2580 734 2650 mul¹¹³
765 2595 902 2662 maim
931 2574 1139 2658 V¹f²¹¹¹¹b¹¹⁸²
1172 2596 1323 2666 qualum
1357 2586 1494 2643 ²¹¹³¹¹¹⁸¹
1543 2611 1772 2677 sssocessione
1790 2606 2004 2681 docentium
2022 2614 2121 2680 inter
2136 2620 2192 2683 tot
2207 2617 2438 2685 mutationes
2451 2620 2531 2687 tca-

516 2707 603 2777 quas
618 2693 745 2750 natura
763 2669 1000 2790 inchoaverat,
1020 2675 1235 2792 tamenillae
1252 2675 1401 2744 maiores
1416 2673 1495 2791 sue·
1540 2711 1753 2800 mmm,
1782 2715 1941 2782 recitata
1962 2733 1986 2781 a
2000 2712 2049 2782 D.
2073 2713 2280 2804 casparo
2306 2720 2511 2789 Peucen

516 2796 622 2860 runt,
645 2778 793 2872 quaein
817 2799 859 2843 eo
874 2798 936 2865 per
948 2774 1062 2844 libum
1077 2772 1145 2845 Der
1160 2799 1244 2845 voce
1259 2773 1446 2864 Evangelii
1461 2786 1496 2845 et
1737 2763 1750 2802 ’
1761 2780 1768 2796 ·
1921 2834 2020 2883 mmo
2048 2787 2158 2887 ¹557·
2433 2798 2435 2803 ·
2518 2767 2531 2807 ²

516 2884 654 2974 Spiritu
674 2890 792 2949 saneto
810 2897 972 2946 accensae
987 2876 1150 2963 fuerunt,
1176 2900 1259 2948 vera
1273 2877 1332 2946 lux
1349 2891 1381 2947 et
1395 2875 1496 2965 agni-

516 2988 566 3057 tio
581 2982 668 3064 Dei,
694 3002 775 3048 vera
801 2976 1002 3059 invocatio,
1024 2976 1111 3046 fides
1135 2990 1169 3048 et
1184 2977 1312 3050 fiducia
1326 2974 1412 3056 Dei,
1439 2976 1496 3045 di-
1546 2958 1596 3048 Si
1610 2978 1825 3071 optimarum
1842 2979 1971 3048 artium
1989 2979 2124 3064 studia,
2150 3005 2239 3073 quae
2253 2983 2296 3052 ad
2317 2981 2455 3051 ruinam
2470 2984 2532 3052 in·¹

517 3085 621 3156 lectio
640 3079 727 3165 Dei,
752 3078 863 3149 animi
886 3078 1076 3163 celsitudo,
1095 3080 1279 3149 assiduitas
1301 3091 1337 3147 et
1356 3077 1496 3147 iusticia
1546 3076 1676 3150 clinata
1689 3080 1915 3171 praeeipitem
1930 3081 2067 3172 trepide
2081 3094 2224 3166 nutant,
2249 3083 2351 3176 quasi
2365 3082 2433 3152 iam
2455 3083 2526 3153 iam

516 3190 555 3257 in
576 3181 848 3275 gubernatione,
879 3178 1074 3249 moderatio
1099 3180 1210 3249 animi
1226 3180 1263 3248 in
1280 3178 1496 3270 perferendis
1545 3180 1702 3264 ruitura,
1726 3193 1846 3251 nostra
1868 3183 1979 3271 magis
1994 3181 2096 3269 culpa
2111 3182 2239 3252 collabi
2255 3185 2410 3254 viderem
2426 3197 2532 3278 atque

517 3287 679 3365 iniuriis,
704 3306 750 3352 ne
763 3279 978 3372 Respublica
995 3296 1214 3362 moveretur,
1240 3279 1400 3366 castitas,
1424 3277 1496 3348 Ne·
1547 3280 1713 3365 interire,
1737 3306 1843 3374 quam
1858 3282 1932 3353 fato
1952 3283 2079 3352 mundi
2093 3307 2156 3354 ceu
2170 3281 2387 3355 iathiscentis
2401 3300 2530 3357 conatu

515 3389 621 3460 mesis
643 3410 682 3455 ac
704 3383 798 3452 zelus
818 3382 857 3451 in
880 3380 1071 3472 puniendis
1092 3382 1278 3456 sceleratis.
1336 3377 1384 3453 Et
1411 3375 1497 3452 haec
1547 3406 1725 3474 supremo,
1743 3373 1937 3479 delyroque
1952 3384 2051 3455 senio
2066 3399 2101 3455 et
2115 3384 2257 3457 fastidio
2272 3385 2421 3457 delicato
2435 3389 2530 3479 opti·

518 3495 612 3562 dona
643 3509 705 3555 sua
728 3484 823 3554 Dens
852 3482 992 3551 ornavit
1011 3483 1199 3553 foelicitate
1227 3485 1265 3552 in
1290 3496 1361 3554 tota
1385 3482 1497 3574 ipsius
1547 3508 1606 3553 ma
1622 3507 1783 3577 quaeque
1803 3487 2019 3576 respuentis,
2044 3501 2078 3557 et
2093 3486 2286 3560 calamitate
2300 3487 2531 3558 turbulentis-

518 3594 612 3671 vita,
635 3609 724 3678 quae
748 3583 910 3672 congruit
935 3583 1109 3671 regulam:
1141 3580 1300 3676 βέβαιον
1322 3580 1408 3664 ἕξεις
1430 3579 1498 3655 τὸν
1550 3585 1721 3654 simorum
1736 3598 1953 3676 temporum,
1977 3588 2017 3654 in
2034 3601 2232 3677 quaeaetas
2252 3601 2373 3660 nostra
2393 3588 2531 3676 inridit,

520 3687 611 3787 βίον
626 3683 768 3766 δίκαιος
783 3682 845 3762 ὧν.
898 3682 1058 3755 Timenti
1072 3680 1267 3754 Dominum
1297 3708 1371 3752 non
1387 3685 1498 3757 deerit
1548 3708 1621 3755 non
1644 3706 1780 3773 possem
1804 3708 1877 3753 non
1897 3685 2115 3775 prospiciens
2130 3690 2432 3780 praemetiensque
2448 3692 2533 3762 bar-

521 3796 635 3866 ullum
662 3793 813 3860 bonum:
845 3786 913 3854 tuit
933 3779 1001 3854 hoc
1025 3809 1166 3879 quoque
1187 3782 1255 3854 Dei
1277 3785 1499 3870 heneficium,
1547 3785 1683 3855 basiem
1698 3784 1805 3875 paulo
1827 3797 1906 3874 post
1920 3795 2166 3875 sequnturam,
2188 3790 2403 3856 commoveri
2421 3787 2532 3859 vehe.

389 3932 397 3944 ·
521 3896 616 3990 quod
631 3905 710 3962 ante
725 3913 766 3960 ex
783 3885 848 3958 hac
864 3887 935 3954 vita
950 3887 989 3953 in
1003 3882 1194 3956 Ecclesiam
1211 3889 1395 3957 coelestem
1412 3889 1499 3955 edu·
1548 3885 1704 3955 mentius
1726 3885 1846 3957 animo
1872 3909 1971 3975 meo,
2013 3885 2283 3979 perturbarique
2306 3898 2341 3955 ct
2362 3888 2464 3979 queri
2484 3888 2529 3957 de'

521 4011 597 4066 ctus
614 4007 676 4071 est,
703 4014 808 4084 quam
824 3987 957 4059 bellum
975 3986 1097 4064 intulit
1107 3984 1256 4058 Carolus
1271 3986 1499 4078 Principibus
1548 3988 1651 4079 culpa
1665 4000 1785 4057 nostra
1804 3986 1957 4077 gravius.
2006 3983 2128 4079 Neque
2146 3986 2241 4055 enim
2265 4000 2326 4057 aut
2347 3987 2451 4058 nobis
2472 3988 2530 4058 in-

521 4094 689 4186 amplexis
714 4091 911 4161 doctrinam
927 4083 1163 4159 Ecclesiarum
1186 4103 1398 4162 nostrarum.
1451 4086 1500 4159 Ut
1548 4088 1693 4177 dignius
1722 4088 1820 4157 aliud
1850 4088 2166 4172 committeremus,
2206 4101 2267 4158 aut
2298 4088 2530 4178 perniciosius

524 4199 618 4272 enim
637 4193 806 4285 scriptum
830 4203 902 4273 est,
926 4187 1013 4261 lusti
1034 4191 1271 4282 colliguntur,
1296 4214 1341 4259 ne
1356 4189 1500 4261 videant
1550 4189 1672 4279 generi
1685 4184 1863 4274 humano,
1889 4189 2039 4281 quamsi
2055 4212 2160 4282 quem
2178 4189 2329 4260 maiores
2344 4192 2469 4273 nostri,
2495 4205 2531 4262 et

520 4313 668 4372 ventura
682 4294 794 4377 mala,
818 4292 868 4360 sie
884 4304 917 4361 et
933 4289 1048 4380 ipsum
1065 4290 1161 4365 Deus
1176 4291 1371 4385 praeripuit
1383 4292 1427 4361 iis
1442 4313 1501 4360 ca·
1549 4301 1790 4383 praeceptores
1801 4287 1870 4359 Dei
1885 4290 2055 4360 beneficio
2069 4303 2104 4359 et
2118 4290 2237 4375 ductu,
2262 4291 2452 4385 studioque
2464 4315 2530 4366 suo

519 4400 758 4482 lamitatibus,
784 4414 873 4487 quae
894 4414 977 4460 mox
998 4406 1076 4482 post
1101 4395 1174 4462 eius
1199 4407 1348 4464 mortem
1365 4404 1500 4462 secutae
1550 4404 1585 4462 et
1598 4391 1718 4460 labore
1734 4405 1986 4482 compararunt
2007 4415 2125 4462 amore
2147 4382 2280 4483 gloriae
2295 4388 2380 4478 Dei,
2406 4407 2441 4465 et
2463 4419 2532 4465 no·

522 4517 622 4586 sunt,
648 4499 841 4593 inquibus
862 4493 891 4562 si
915 4493 1061 4562 consilia
1094 4492 1170 4563 eius
1199 4506 1313 4583 spreta
1343 4493 1501 4578 luissent,
1550 4492 1613 4562 stri
1629 4513 1669 4560 ac
1682 4492 1905 4562 dulcissimae
1919 4493 2131 4584 posteritatis
2145 4516 2228 4563 cura
2243 4489 2448 4565 thesaurum
2465 4496 2534 4566 bo-

522 4618 584 4673 aut
599 4603 706 4672 simul
720 4603 793 4691 ipse
808 4616 996 4688 oppressus
1014 4607 1120 4678 esset,
1145 4605 1206 4664 sut
1228 4586 1501 4683 ingenti'dolore
1551 4615 1678 4662 narum
1696 4594 1845 4678 artium,
1871 4606 1905 4664 et
1920 4596 2091 4665 tuendum
2111 4593 2216 4677 nobis
2232 4596 2463 4668 excolendum
2479 4611 2533 4669 at·

523 4704 677 4772 adiectus
692 4713 791 4782 esset,
805 4710 949 4788 propter
964 4696 1095 4765 amicos
1109 4691 1331 4784 etRcmpub.
1368 4692 1501 4765 Memi-
1551 4716 1621 4786 que
1645 4693 1931 4784 amplificandum
1953 4707 2133 4765 sanctuar
2161 4694 2324 4786 religioso
2354 4698 2421 4766 fide
2452 4711 2533 4771 tan·

522 4803 641 4875 imus
660 4799 754 4869 enirn
777 4810 910 4888 quanto
934 4797 972 4863 in
996 4795 1118 4865 dolore
1139 4816 1240 4884 saepe
1265 4794 1391 4879 inerit,
1420 4818 1500 4865 cum
1551 4816 1656 4888 quam
1680 4795 1878 4886 depositum
1909 4796 1985 4866 iure
2012 4790 2249 4866 haereditario
2275 4798 2457 4888 pertinens
2485 4801 2534 4871 ad

494 4891 496 4894 ⁵
523 4906 563 4975 in
576 4899 743 4974 Ecclesiis
760 4898 907 4968 offensio
923 4896 1039 4987 aliqua
1057 4895 1194 4971 accidit.
1387 4886 1405 4909 “
1551 4909 1709 4988 posteros
1729 4898 2038 4968 commendarunt:
2065 4919 2145 4967 enm
2165 4911 2366 4988 pateremur
2388 4900 2445 4970 vel
2467 4902 2535 4971 lla-

623 5002 726 5074 Hanc
741 4998 852 5073 Ducis
867 4994 1010 5068 Ernesti
1031 4996 1172 5068 brevem
1191 4993 1373 5070 historiam
1389 5021 1430 5069 eo
1445 5021 1502 5067 re·
1550 4995 1674 5088 gitiose
1697 4997 1923 5087 negligendo,
1942 4997 2117 5068 culturam
2137 4999 2286 5086 artium,
2317 5002 2474 5074 recidere
2493 5003 2539 5089 in.

522 5106 647 5190 citavi,
672 5119 711 5176 ut
731 5106 850 5197 plures
874 5098 987 5171 sciant
1007 5099 1046 5168 in
1069 5098 1379 5181 nostrisEcelesiis
1396 5098 1502 5171 talem
1552 5099 1672 5168 sordes
1694 5112 1729 5169 et
1750 5098 1952 5193 squalorem
1971 5097 2141 5190 pristinae
2162 5100 2360 5188 barbariei,
2391 5106 2435 5173 de
2462 5123 2530 5193 qua

521 5210 629 5280 luisse
644 5205 865 5297 Principem,
891 5201 992 5274 euius
1013 5202 1086 5272 vita
1109 5217 1257 5275 testatur
1271 5228 1351 5281 eum
1368 5200 1501 5271 indicio
1551 5199 1611 5268 vix
1626 5201 1788 5286 emersit,
1814 5200 1870 5268 vel
1884 5223 1958 5268 non
1975 5201 2194 5271 adversando
2209 5201 2442 5275 fraudulentis
2453 5198 2531 5294 Hy-

522 5326 556 5382 et
573 5331 654 5377 vera
676 5307 805 5397 pietate
829 5305 1026 5375 doctrinam
1039 5299 1279 5375 Ecclesiarum
1300 5314 1509 5376 nostrarum·
1553 5300 1766 5391 pocritarum
1800 5300 2064 5388 molitionibus,
2108 5302 2210 5373 foede
2245 5301 2450 5387 deformari,
2495 5315 2531 5374 et

521 5411 722 5503 amplexum
746 5427 829 5473 esse.
1553 5400 1676 5494 inique
1691 5402 1797 5472 obrui
1811 5414 1916 5495 atque
1930 5402 2085 5494 opprimi
2101 5404 2296 5495 praestigiis
2307 5402 2421 5475 falsis..

622 5508 696 5580 Nos
717 5527 858 5600 quoque
878 5504 996 5573 Deum
1020 5515 1138 5593 gratos
1161 5503 1339 5578 celebrare
1370 5505 1501 5577 iustum
1655 5499 1729 5579 Sed.
1750 5516 1877 5594 urgent
1900 5503 2018 5575 studia
2041 5501 2296 5597 quidem-baec
2314 5515 2435 5573 nostra
2456 5505 2530 5578 fata

522 5630 593 5700 est,
621 5611 716 5706 quod
731 5608 869 5700 aliquos
882 5605 1026 5697 praebet
1042 5602 1209 5675 salutares
1221 5603 1418 5697 Principes,
1439 5627 1503 5673 ne·
1553 5603 1679 5672 mundi
1695 5606 1925 5693 senescentis,
1949 5629 2039 5700 qnae
2053 5603 2276 5676 Dominuset
2289 5602 2452 5676 Salvator
2464 5631 2533 5678 no-

522 5741 589 5809 que
611 5715 708 5786 enim
732 5708 881 5783 dubium
911 5718 963 5777 est
991 5705 1180 5778 salutarem
1211 5705 1503 5798 gubernationem
1552 5715 1623 5775 ster
1639 5701 1736 5777 lesus
1752 5701 2093 5780 christus-decursis
2105 5705 2231 5779 seculis
2244 5718 2281 5780 et
2293 5699 2442 5800 periodo
2463 5709 2534 5782 cir-
