6025 6775
501 636 575 709 769
1175 621 1205 694 t.
1258 615 1551 696 cuuomcott
1576 614 1827 708 cnutonis,
2450 625 2526 699 770

504 802 650 876 servatis
663 801 724 885 iis,
750 798 814 892 qni
837 807 982 889 propter
1001 790 1256 864 confessionem
1272 791 1312 859 in
1328 790 1488 861 flammas
1538 790 1784 881 bogdouosor‚
1809 813 2005 885 quatenos
2032 815 2174 888 quoque
2192 791 2366 865 iudicium
2379 793 2522 871 'metua-

504 903 653 977 coniecti
667 912 785 984 erant,
808 898 873 969 ubi
889 895 994 968 simul
1009 905 1215 986 conspectus
1237 904 1290 963 est
1306 891 1401 962 filius
1418 888 1487 963 Dei
1538 914 1635 977 mus,
1662 905 1696 961 et
1716 915 1798 963 vere
1819 915 2087 985 expavescamus
2112 895 2294 986 agnitione
2316 909 2533 970 nostrorum.

504 1008 599 1078 inter
615 1018 687 1073 tres
705 1001 814 1071 viros.
1538 992 1760 1070 delictorum.
1811 990 1950 1067 Etcum
1967 996 2137 1085 receperit
2151 994 2249 1067 Deus
2263 996 2531 1072 contaminatos·

540 1131 543 1138 ·
608 1098 839 1173 Accesserant
862 1108 896 1166 ct
920 1093 990 1163 alia
1011 1092 1124 1165 multa
1146 1092 1338 1178 miracula,
1371 1091 1486 1163 inter·
1536 1106 1609 1165 tam
1624 1089 1813 1167 horrendis
1831 1096 2040 1177 sceleribus,
2065 1119 2140 1166 non
2153 1098 2357 1169 dubitemus
2371 1099 2521 1188 gratiam

502 1204 718 1302 pretationes
732 1196 860 1271 somnii
874 1194 920 1265 de
934 1193 1061 1266 ordine
1073 1217 1286 1285 regnorum,
1312 1194 1356 1262 de
1369 1216 1484 1286 poena
1537 1196 1726 1267 exuberare
1743 1220 1849 1290 supra
1866 1196 2056 1278 delictum,
2082 1211 2116 1269 et
2132 1199 2243 1270 lilium
2258 1199 2326 1271 Dei
2341 1201 2519 1292 potentio-

502 1306 800 1396 Nabogdonosor,
825 1310 860 1368 et
876 1296 1100 1367 restitutione
1117 1295 1211 1376 eius,
1238 1297 1283 1364 de
1299 1294 1485 1385 poeniten·
1535 1319 1610 1366 rem
1628 1319 1701 1367 esse
1716 1310 1792 1369 toto
1807 1321 1914 1388 regno
1929 1298 2073 1390 peccati.

503 1411 555 1481 tia
577 1408 669 1486 eius,
693 1414 728 1471 et
750 1394 975 1469 hauddubie
996 1396 1066 1465 alia
1090 1395 1203 1465 multa
1218 1395 1370 1466 illustria
1385 1395 1484 1467 testi·
1636 1396 1821 1472 Discamus
1845 1402 1951 1471 etiam
1964 1413 2057 1470 recte
2075 1399 2271 1492 intelligere
2293 1402 2428 1474 dictum
2443 1401 2518 1473 Da-

502 1506 622 1579 mania
641 1499 859 1595 praesentiae
879 1519 962 1568 suae
983 1494 1023 1564 in
1036 1491 1193 1566 Ecclesia
1209 1491 1305 1566 Deus
1319 1496 1484 1579 ostendit,
1535 1498 1639 1569 nielis
1655 1502 1700 1569 ad
1725 1524 1857 1591 regem:
1891 1498 2036 1571 Peccata
2057 1512 2117 1570 tua
2136 1525 2277 1572 remove
2295 1504 2456 1585 iusticia,
2482 1519 2517 1574 et

502 1628 592 1700 quae
614 1602 896 1682 consideremus,
930 1610 963 1668 et
983 1609 1025 1667 ut
1047 1597 1217 1684 sciamus,
1251 1619 1341 1689 quae
1364 1610 1399 1668 et
1420 1597 1483 1665 ubi
1535 1598 1739 1692 iniquitates
1766 1616 1844 1673 tuas
1872 1602 2050 1673 beneficiis
2074 1625 2153 1691 erga
2176 1626 2363 1694 pauperes,
2394 1618 2429 1674 et
2449 1604 2528 1673 erit·

498 1705 607 1779 luerit
626 1699 806 1786 Ecclesia,
836 1713 870 1769 et
893 1697 1007 1792 qualis
1030 1698 1137 1768 fuerit
1158 1700 1197 1766 in
1221 1721 1343 1778 cruce,
1376 1697 1483 1767 etdi·
1534 1700 1669 1769 sanatio
1684 1702 1895 1774 delictorum
1909 1717 2064 1773 tuorum.
2115 1702 2249 1773 Concio
2265 1719 2316 1774 est
2331 1704 2516 1794 poeniten-

498 1829 636 1880 scamus
659 1803 848 1873 discrimen
862 1795 1041 1869 Ecclesiae
1064 1812 1098 1869 et
1110 1799 1341 1890 imperiorum
1359 1798 1483 1889 politi·
1533 1800 1625 1884 tiae,
1657 1800 1694 1869 in
1720 1824 1790 1893 qua
1814 1804 1913 1895 prior
1932 1826 2013 1895 pars
2039 1804 2209 1896 praecipit
2230 1807 2513 1875 conversionem:

500 1931 634 1981 corum·
672 1903 726 1974 Ac
738 1924 840 1993 saepe
854 1901 990 1990 legatur
1004 1898 1139 1989 integra
1147 1897 1306 1971 Danielis
1322 1894 1481 1973 historia.
1533 1896 1660 1970 Abiice
1675 1915 1834 1992 peccata,
1857 1916 1891 1972 et
1914 1906 2129 1976 convertaris
2149 1908 2194 1975 ad
2208 1906 2382 1977 iusticiam
2400 1920 2434 1977 et
2449 1907 2514 1976 be-

600 2004 823 2080 Confirmant
842 2015 961 2073 antem
984 2023 1051 2070 nos
1071 2024 1213 2094 quoque
1237 1995 1293 2070 his
1311 1999 1480 2092 tempori·

497 2113 567 2184 bus
595 2102 682 2178 haec
710 2103 897 2188 miracula,
937 2101 1020 2193 quia
1051 2114 1242 2185 testantur,
1282 2102 1481 2172 doctrinam

498 2203 758 2301 Prophetarum
783 2226 901 2275 veram
921 2223 1013 2287 esse,
1039 2215 1074 2273 et
1095 2201 1147 2271 ibi
1170 2216 1308 2273 tantum
1331 2224 1404 2271 esse
1418 2226 1480 2272 vc·

498 2336 576 2384 ram
598 2307 809 2389 Ecclesiam,
834 2304 898 2374 ubi
921 2302 1091 2393 recipitur
1110 2303 1271 2372 doctrina
1292 2297 1477 2395 'propheti-

499 2437 550 2484 ca.
608 2399 698 2480 Nam
721 2405 845 2476 ludaei
875 2416 953 2494 post
976 2403 1128 2473 deletam
1150 2427 1171 2473 a
1195 2403 1279 2474 Tito
1304 2401 1479 2498 lerosoly-

501 2535 597 2583 mam
610 2532 684 2578 non
699 2508 855 2579 retinent
863 2501 1060 2588 Danielem,
1085 2504 1146 2597 qui
1161 2503 1347 2594 praedixit,
1371 2499 1480 2575 Chri-

500 2626 594 2684 stum
605 2622 716 2682 stante
730 2606 855 2699 politia
866 2602 1025 2673 Mosaica
1041 2618 1229 2676 venturum
1245 2628 1335 2691 esse,
1359 2618 1395 2675 et
1409 2629 1478 2675 nu·

497 2734 635 2784 merum
648 2731 826 2780 annorum
842 2705 1022 2796 expressit.
1073 2702 1253 2775 Praedixit
1268 2720 1302 2777 et
1316 2708 1476 2777 loturum

498 2836 592 2898 esse,
614 2825 654 2883 ut
668 2807 918 2890 interficiatur,
943 2818 977 2875 et
993 2817 1111 2875 tamen
1130 2806 1233 2878 tollat
1247 2821 1426 2898 peccatum
1443 2818 1478 2878 et

496 2927 670 2997 mortem,
694 2923 728 2981 et
743 2908 871 2978 deinde
886 2905 1046 2997 politiam
1056 2906 1236 2978 Iudaicam
1252 2908 1476 2978 interituram

496 3039 586 3103 csse,
610 3026 646 3083 et
662 3010 810 3083 ludaeos
822 3030 896 3077 non
909 3008 985 3076 lore
1001 3008 1176 3099 populum
1189 3009 1270 3082 Dei.
1302 3006 1377 3078 llas
1390 3032 1476 3101 pro·

496 3113 635 3210 phetias
650 3134 774 3184 omnes
791 3106 911 3180 ludaei
929 3108 1093 3179 scelerate
1108 3122 1351 3202 corrumpunt.

596 3214 791 3288 Monemur
812 3222 930 3281 autem
953 3221 987 3278 ct
1010 3203 1078 3280 hoc
1100 3212 1277 3302 exemplo,
1302 3226 1342 3282 ut
1366 3233 1476 3304 quae-

498 3332 614 3393 rentes
626 3313 822 3389 Ecclesiam
846 3334 921 3380 non
942 3309 1056 3379 solum
1073 3324 1287 3403 spectemus,
1313 3312 1376 3406 qui
1391 3311 1476 3382 reti-

495 3433 605 3492 neant
617 3418 746 3510 scripta
758 3408 984 3507 prophetica,
1008 3415 1068 3481 sed
1083 3413 1146 3506 qui
1159 3413 1336 3484 retineant
1345 3435 1384 3483 ea
1399 3414 1475 3484 sine

497 3519 716 3611 corruptelis.
770 3513 819 3588 Ut
833 3512 927 3604 Papa
949 3526 982 3584 et
1006 3507 1173 3583 haeretici
1193 3514 1281 3583 falso
1304 3514 1475 3599 iactitant,

496 3646 533 3693 se
548 3620 699 3692 retinere
722 3616 849 3707 scripta
873 3609 1079 3707 prophetica
1104 3627 1137 3684 et
1156 3615 1365 3706 apostolica,
1391 3616 1473 3709 quia

497 3723 671 3813 affingunt
687 3718 885 3811 peregrinas
902 3715 1099 3807 opiniones.

596 3822 775 3913 Legantur
795 3831 830 3889 et
846 3818 1033 3889 conciones
1056 3811 1279 3908 propheticae
1297 3817 1371 3888 eius
1384 3830 1473 3887 tem·

494 3925 608 4020 poris,
638 3923 734 4014 apud
760 3914 999 4003 Ezechielem,
1039 3916 1245 4004 Danielem,
1282 3918 1475 4008 Haggeum‚

493 4024 723 4109 Zachariam,
753 4016 917 4095 Esdram.
969 4017 1023 4090 Ac
1044 4019 1089 4089 de
1111 4019 1279 4090 vaticinio
1302 4018 1474 4104 Danielis,

494 4144 529 4202 et
561 4132 606 4201 de
631 4127 681 4202 70
708 4122 993 4195 hebdomadibus
1022 4119 1116 4191 infra
1148 4121 1294 4193 dicetur.
1363 4119 1474 4191 Valde

494 4235 636 4322 prodest
658 4228 764 4302 etiam
787 4227 832 4294 ad
860 4221 1137 4293 consolationem
1159 4223 1320 4314 piomm,
1357 4223 1474 4291 consi-

496 4332 618 4401 derare
637 4328 791 4420 insignia
815 4324 974 4413 exempla
1007 4324 1250 4393 conversionis
1280 4324 1371 4411 regis
1400 4320 1473 4392 Na·

496 4429 737 4518 bogdonosor,
762 4425 885 4509 Darii,
909 4421 1006 4515 Cyri.
1059 4421 1176 4510 Quam
1200 4423 1338 4493 illustre
1358 4445 1473 4492 exem-

498 4529 598 4620 plum
619 4542 670 4601 est
689 4531 846 4619 regulae:
879 4522 1002 4595 Gratia
1025 4523 1193 4592 exuberat
1222 4546 1328 4616 supra
1351 4547 1473 4616 pecca·

1533 2002 1755 2071 neficentiam
1777 2025 1858 2091 erga
1879 2002 2008 2073 iniuste
2030 2029 2225 2096 oppressos.
2276 2005 2376 2078 Sicut
2391 2004 2514 2077 Esaias

1531 2101 1666 2195 inquit:
1697 2102 1858 2173 Desinite
1873 2103 1965 2172 male
1984 2105 2116 2189 facere,
2142 2120 2177 2176 et
2201 2107 2324 2178 discite
2344 2121 2437 2177 recte
2458 2109 2514 2176 fa-

1532 2227 1620 2277 cere.
1672 2200 1835 2274 Secunda
1856 2215 1936 2295 par's
1957 2217 2009 2274 est
2025 2206 2219 2291 absolutio,
2250 2208 2414 2278 videlicet
2430 2231 2513 2299 pro-

1531 2303 1653 2373 missio
1668 2305 1887 2375 remissionis
1903 2318 2141 2397 peccatorum,
2167 2330 2270 2399 quam
2287 2323 2432 2398 oportet·
2443 2310 2513 2378 lide

1531 2403 1653 2495 accipi.
1705 2400 1758 2474 Ac
1781 2406 1957 2498 inpriore
1978 2419 2076 2495 parte
2098 2428 2178 2474 cum
2197 2409 2411 2499 praecipitur
2426 2432 2527 2479 εοιι-Ι

1530 2506 1663 2588 versio,
1697 2529 1771 2575 non
1793 2502 1860 2577 hoc
1884 2508 2032 2591 dicitur,
2063 2520 2201 2576 nostras
2221 2508 2369 2579 virtutes
2384 2510 2514 2578 mereri

1529 2606 1772 2676 remissionem
1805 2621 2048 2700 peccatorum,
2081 2609 2141 2678 sed
2172 2620 2310 2680 tantum
2343 2610 2514 2680 traditum

1530 2720 1581 2777 est
1603 2722 1846 2801 praeceptum,
1872 2710 1997 2800 inquo
2022 2722 2056 2777 et
2070 2708 2177 2778 verba
2198 2725 2291 2782 recte
2308 2710 2513 2802 intelligen-

1529 2808 1574 2875 da
1608 2822 1700 2878 sunt.
1762 2806 1875 2898 Regia
1904 2809 2028 2879 concio
2059 2821 2112 2879 est
2142 2811 2187 2879 de
2219 2825 2295 2884 toto
2325 2810 2512 2899 Decalogo.

1528 2905 1689 3000 Cumque
1727 2911 1935 2980 nominatur
1965 2908 2125 2991 lustitia,
2162 2907 2513 3000 comprehenduntur

1528 3031 1610 3078 vera
1635 3008 1769 3098 agnitio
1793 3007 1883 3094 Dei,
1912 3008 2047 3097 agnitio
2068 3009 2234 3100 promissi
2247 3011 2450 3096 salvatoris,
2476 3026 2512 3081 et

1527 3109 1624 3178 fides.
1674 3106 1814 3178 Deinde
1837 3109 2106 3200 praecipiuntur
2125 3109 2293 3180 beneficia
2318 3111 2359 3179 in
2380 3111 2512 3200 guber-

1527 3211 1690 3295 natione,
1716 3223 1757 3282 ut
1770 3211 1912 3298 cogitet,
1937 3211 2086 3301 imperia
2101 3207 2207 3280 aDeo
2224 3210 2413 3283 constituta
2425 3235 2511 3294 esse,

1527 3322 1568 3382 ut
1596 3311 1739 3381 foveant
1770 3326 1804 3383 et
1838 3324 1957 3403 tegant
1988 3311 2182 3401 legitimam
2207 3313 2428 3395 societatem,
2470 3336 2511 3383 ac

1527 3413 1732 3506 praesertim
1748 3427 1789 3485 ut
1804 3437 1990 3506 oppressae
2004 3409 2185 3485 Ecclesiae
2199 3437 2303 3507 opem
2319 3415 2446 3487 lerant.

1780 3591 1840 3657 De
1866 3611 1992 3678 regno
2021 3591 2255 3660 Samariae.

1627 3715 1743 3808 Supra
1766 3716 1994 3803 dictumest,
2026 3731 2107 3809 post
2127 3715 2355 3789 Salomonem
2381 3721 2511 3793 dilace-

1526 3831 1641 3889 ratum
1666 3841 1738 3888 esse
1760 3839 1910 3908 regnum
1933 3817 2058 3910 populi
2079 3815 2166 3904 Dei,
2190 3833 2225 3892 et
2249 3819 2373 3891 aluda
2388 3794 2533 3893 decem*

1526 3920 1640 3991 tribus
1661 3920 1800 3990 avulsas
1823 3942 1907 3991 esse.
1954 3914 2007 3989 Ea
2024 3919 2228 3992 dilaceratio
2242 3922 2343 4012 regni
2363 3935 2397 3993 et
2415 3924 2510 3994 bella

1526 4021 1644 4092 civilia
1658 4021 1805 4091 adsidua
1818 4018 1973 4110 peperit,
1999 4033 2033 4089 et
2047 4044 2160 4090 novos
2182 4044 2222 4092 ac
2239 4023 2367 4115 impios
2383 4025 2510 4097 cultus·

1526 4120 1621 4211 Quia
1653 4141 1750 4209 reges
1775 4118 1972 4202 Samariae,
2004 4143 2049 4188 ne
2077 4122 2192 4191 maior
2220 4136 2309 4192 esset
2337 4124 2508 4192 autoritas

1525 4245 1647 4310 regum
1670 4218 1778 4303 luda,
1809 4231 1953 4310 propter
1975 4219 2145 4311 templum
2168 4235 2201 4291 et
2232 4222 2419 4312 collegium
2449 4245 2509 4293 sa·

1527 4322 1728 4404 cerdotum,
1768 4332 1892 4391 contra
1920 4318 2032 4408 legem
2072 4321 2230 4391 divinam
2259 4324 2509 4404 instituerunt,

1525 4435 1565 4494 ut
1589 4422 1627 4490 in
1650 4445 1713 4493 suo
1736 4444 1846 4512 regno
1871 4421 2012 4491 duobus
2036 4421 2141 4504 locis,
2169 4423 2207 4490 in
2219 4418 2345 4492 Bethel
2369 4422 2509 4509 etDan,

1525 4524 1763 4595 conderentur
1789 4522 1942 4613 templa,
1981 4523 2044 4591 ubi
2076 4522 2181 4592 vituli
2214 4522 2313 4592 aurei
2344 4525 2506 4595 collocati

495 4644 591 4715 tum,
622 4631 801 4701 conversio
823 4629 913 4721 regis
937 4622 1244 4714 Nabogdonosor?
1293 4624 1474 4698 interiecit
1525 4639 1626 4711 sunt,
1649 4638 1690 4696 ut
1707 4624 1962 4714 significarent,
1993 4622 2046 4692 ibi
2068 4623 2336 4694 sacrificandum
2354 4647 2446 4705 esse,
2471 4638 2508 4696 et

496 4729 556 4802 hic
595 4754 657 4800 rex
699 4731 827 4802 multos
865 4741 1019 4812 sanctos,
1065 4725 1241 4797 deleverat
1284 4728 1473 4818 templum,
1523 4726 1720 4798 sacerdotes
1738 4750 1779 4795 eo
1795 4718 2063 4797 attrahebantur
2085 4727 2263 4810 mercede,
2289 4727 2448 4819 undique
2464 4751 2506 4795 ex

494 4847 615 4924 postea
629 4831 811 4902 mandavit
822 4830 961 4903 adorari
973 4839 1116 4913 statuas,
1137 4828 1287 4900 coniecit
1300 4829 1338 4899 in
1354 4830 1472 4918 ignem
1524 4829 1711 4899 levissimis
1739 4821 1957 4899 hominibus.
2017 4824 2073 4895 lta
2105 4838 2139 4895 et
2161 4825 2343 4896 doctrinae
2372 4840 2407 4897 et
2430 4827 2507 4896 cul-

494 4935 590 5004 viros
606 4946 764 5015 sanctos,
789 4942 943 5004 taxantes
959 4929 1089 5022 impios
1104 4932 1233 5002 cultus.
1279 4929 1394 5001 Tanta
1410 4930 1472 5000 de·
1523 4944 1625 5002 tuum
1656 4929 1861 5022 depravatio
1891 4927 1991 5017 regni
2011 4926 2244 4998 mutationem
2266 4941 2414 5022 sequuta
2443 4941 2507 5004 est.
2556 4930 2558 4935 ’

494 5034 576 5105 licta
592 5045 809 5105 attraxerunt
823 5026 1029 5104 horribilem
1044 5054 1211 5124 poenam,
1236 5044 1339 5125 aqua
1351 5044 1471 5100 tamen
1523 5031 1647 5106 Postea
1663 5043 1698 5100 et
1716 5030 1784 5099 alia
1808 5025 1946 5101 ethnica
1970 5029 2082 5114 idola,
2104 5023 2194 5098 Baal
2218 5042 2251 5100 et
2271 5029 2361 5118 alia,
2386 5029 2507 5102 addita

492 5131 591 5205 Deus
605 5159 685 5206 eum
702 5146 848 5226 propter
863 5156 979 5223 preces
995 5147 1196 5206 sanctorum
1206 5133 1387 5215 liberavit.
1422 5129 1471 5203 Et
1522 5147 1617 5205 sunt.

492 5249 612 5328 postea
629 5235 924 5307 commonefactus
940 5227 1006 5304 bac
1022 5260 1134 5327 poena
1150 5234 1249 5306 audit
1265 5227 1471 5323 Prophetas,
1624 5228 1837 5324 Quanquam
1866 5240 1982 5299 autem
2011 5228 2052 5297 in
2078 5230 2220 5319 publica
2235 5233 2506 5323 ‘gubernatione

492 5352 528 5409 et
552 5362 676 5409 verum
699 5336 815 5408 Deum
838 5335 1015 5425 agnoscit,
1040 5356 1073 5409 et
1086 5340 1132 5409 ad
1149 5359 1228 5406 eum
1243 5335 1471 5419 convertitur,
1521 5334 1602 5404 talis
1630 5331 1834 5425 depravatio
1863 5330 2049 5420 aregibus
2078 5330 2237 5404 instituta
2265 5336 2350 5407 luit:
2387 5348 2507 5405 tamen

493 5464 531 5510 ac
549 5442 738 5533 recipitur,
763 5457 966 5532 quanquam
983 5445 1077 5507 tanta
1091 5440 1205 5509 suerat
1222 5438 1331 5509 moles
1347 5459 1470 5527 pecca-
1520 5434 1617 5506 Deus
1646 5435 1818 5504 immensa
1843 5432 2085 5502 misericordia
2113 5433 2151 5501 in
2173 5428 2242 5505 boc
2262 5434 2373 5527 impio
2398 5455 2507 5523 regno

489 5554 631 5629 torum,
663 5557 713 5615 ut.
725 5539 932 5630 magnitudo
962 5556 1036 5604 non
1065 5537 1210 5626 eogitari
1237 5538 1322 5610 satis
1349 5537 1469 5628 possit.
1521 5536 1683 5607 excitavit
1696 5534 1901 5606 excellentes
1917 5527 2130 5626 Prophetas,
2155 5530 2291 5619 Etiam,
2315 5532 2521 5618 Elisaeum,

490 5639 550 5712 Sic
573 5646 682 5734 igitur
698 5643 863 5734 cogitate:
889 5634 1060 5709 Ostendit
1077 5631 1172 5706 Deus
1185 5640 1273 5710 iram
1290 5663 1390 5711 suam
1405 5640 1469 5709 ad·
1520 5635 1649 5724 Amos,
1676 5632 1826 5722 Oseam,
1850 5649 1884 5707 et
1898 5634 2003 5720 alios,
2027 5657 2091 5726 per
2114 5660 2204 5729 quos
2216 5631 2410 5705 Ecclesiam
2432 5634 2508 5703 col-

491 5764 613 5814 versus
643 5759 760 5819 tantos
774 5766 901 5839 reges,
932 5735 1127 5823 Davidem,
1143 5734 1371 5837 -Manassem,
1397 5739 1469 5817 Na-
1520 5740 1622 5831 legit,
1659 5752 1855 5813 revocatam
1878 5738 1924 5808 ad
1946 5736 2022 5808 veri
2043 5732 2111 5807 Dei
2135 5730 2370 5825 agnitionem,
2403 5748 2443 5807 et·
2460 5736 2520 5819 ad=;
