6025 6775
491 748 568 862 aas

738 773 948 856 suarm
975 775 1052 853 en.
1077 755 1196 850 Man
1219 769 1288 848 an
1314 771 1442 848 nisu
1467 768 1614 893 eaor.
1638 770 1707 847 nr
1731 766 1921 853 anuos.
1945 734 2270 855 sancrauna'.

2432 786 2514 860 720

491 955 712 1032 confirmatio
728 963 779 1022 est
792 949 951 1042 piorum:
978 969 1057 1016 cum
1072 944 1250 1031 videmus,
1274 939 1477 1019 hunciuis-
1526 933 1676 1017 dubium
1700 956 1772 1024 est,
1797 940 1919 1015 Italiae
1941 959 2021 1038 post
2044 948 2170 1041 longas
2193 909 2405 1026 vastationes
2419 959 2518 1029 salu-

491 1085 530 1132 se
557 1049 845 1129 'monarchiarum
872 1049 1036 1120 ordinem
1067 1061 1102 1120 et
1130 1047 1406 1132 successionem,
1436 1058 1479 1117 ut
1528 1064 1640 1120 tarem
1669 1070 1788 1137 pacem
1822 1058 1857 1117 et
1886 1063 2092 1120 ornamenta
2116 1053 2237 1124 civilia
2258 1057 2418 1127 restituta
2442 1083 2518 1130 esse

490 1157 725 1256 praedicitur,
749 1177 825 1224 non
837 1152 1060 1236 dubitemus,
1083 1162 1316 1243 aequaturum
1333 1170 1407 1219 esse
1420 1148 1480 1218 iu·
1528 1146 1649 1221 Caroli
1677 1160 1711 1217 et
1739 1145 1916 1218 Lndoviri
1941 1150 2089 1234 virtute,
2122 1167 2157 1225 et
2179 1156 2225 1225 ab
2254 1152 2313 1229 his
2338 1159 2519 1232 defensam

491 1260 637 1335 dicium.
689 1256 749 1328 Sic
765 1269 882 1328 autem
895 1266 1131 1342 numerantur
1144 1245 1386 1324 monarchiae.

594 1364 631 1432 1.
668 1357 790 1428 Prima
813 1370 865 1427 est
890 1350 1171 1434 Chaldaeorum,
1196 1376 1265 1447 qua
1291 1365 1326 1423 et
1340 1346 1480 1446 Assyrii

491 1461 603 1536 vicini
619 1453 984 1552 comprehenduntur.
1026 1454 1117 1525 Nam
1133 1455 1220 1547 alias
1236 1453 1355 1525 statim
1373 1452 1480 1522 initio

489 1562 708 1659 potentiores
731 1562 878 1631 luerunt
899 1580 997 1650 reges
1020 1558 1059 1625 in
1076 1555 1282 1651 Babylone,
1307 1554 1394 1625 alias
1424 1553 1480 1621 vi-

492 1663 565 1737 cini
586 1686 686 1753 reges
711 1662 752 1731 in
767 1660 909 1735 Ninive.
961 1657 1034 1730 Nec
1057 1659 1208 1729 dubium
1229 1669 1299 1741 est,
1323 1651 1481 1749 Babylo·

493 1788 577 1838 nem
595 1777 629 1835 et
643 1763 801 1835 Niniven
816 1764 973 1832 diversas
987 1761 1095 1831 urbes
1116 1779 1203 1829 esse.

594 1868 632 1938 2.
673 1863 836 1952 Secunda
861 1862 993 1933 dicitur
1015 1853 1279 1930 Persarum.

546 1956 547 1959 ¹
596 1967 633 2037 5.
660 1962 804 2036 Tertia
832 1958 1027 2034 Alexandri
1058 1972 1093 2030 et
1126 1957 1371 2050 proximorum
1402 1977 1482 2028 suc-

495 2090 684 2144 sessorum.

598 2166 636 2245 4.
681 2166 818 2257 Quarta
854 2161 1121 2249 Romanorum,
1162 2184 1268 2256 qnam
1308 2158 1484 2249 significat

497 2270 627 2346 Daniel
649 2270 793 2341 tandem
814 2266 1076 2336 dilacerandam
1099 2284 1190 2348 esse,
1214 2275 1250 2332 et
1268 2263 1375 2354 pedes
1398 2283 1484 2353 par-

497 2374 563 2445 tim
576 2374 727 2454 ferreos,
750 2368 878 2460 partim
902 2367 1017 2454 luteos
1030 2366 1119 2436 sore.
1170 2361 1250 2435 Etsi
1265 2362 1328 2432 alii
1349 2363 1483 2432 ferreos

376 2539 382 2556 ,
497 2469 828 2568 pedesintelliguut
841 2489 989 2557 regnum
1007 2464 1223 2549 Turcicum,
1255 2476 1410 2536 caeteros
1425 2464 1483 2533 lu-

499 2589 576 2647 teos
600 2575 723 2665 pedes:
757 2584 876 2641 tameo
903 2589 968 2656 ego
994 2566 1175 2648 existimo,
1208 2563 1402 2637 Turcicum
1425 2587 1483 2633 re-

497 2699 628 2765 gnum,
660 2672 758 2768 quod
777 2669 977 2740 manifestas
999 2661 1237 2759 blasphemias
1259 2681 1383 2738 contra
1401 2687 1484 2736 ver-

370 2772 377 2787 *
498 2779 585 2863 bum
615 2768 708 2842 Dei
735 2770 940 2864 profitetur,
974 2782 1010 2839 et
1031 2792 1073 2839 ex
1095 2769 1253 2862 professo
1273 2768 1393 2841 delere
1414 2790 1484 2837 no-

498 2898 583 2947 men
605 2862 792 2962 Christi
811 2881 977 2960 conatur,
1000 2893 1076 2940 non
1089 2868 1318 2942 annumerari
1336 2892 1484 2941 monar-

437 3034 443 3048 .
498 2972 604 3058 chiis,
630 2996 718 3070 quas
736 2969 834 3045 Deus
848 2972 971 3064 legum
993 2983 1029 3042 et
1049 2970 1258 3063 disciplinae
1275 2993 1380 3042 causa
1396 2994 1484 3041 con-

498 3077 626 3153 stituit.
677 3072 747 3149 Sed
762 3075 895 3145 ferreos
908 3075 1016 3169 pedes
1030 3071 1191 3163 intelligo
1206 3073 1342 3166 aliquot
1357 3087 1484 3165 poten-

497 3192 550 3251 tes
582 3179 813 3272 imperatores
844 3171 1095 3272 Germanicos,
1135 3187 1176 3246 ut
1205 3171 1373 3245 Carolum
1406 3173 1483 3265 pri·

497 3303 616 3365 mum,
646 3277 871 3350 Ludovicurn
901 3275 1035 3362 lilium,
1072 3272 1269 3346 Henricum
1295 3272 1482 3360 Saxonem,

498 3406 604 3476 quern
624 3380 751 3452 usitate
766 3375 950 3470 Aucupem
976 3376 1177 3453 nominant.
1225 3373 1371 3446 Veteres
1389 3371 1483 3445 Ger-

1530 1275 1604 1322 esse
1630 1247 1786 1320 Galliam
1817 1262 1852 1322 et
1878 1247 2124 1335 Germaniam,
2157 1256 2318 1347 depulsis
2349 1283 2371 1332 a
2398 1258 2519 1335 Gallia

1531 1351 1733 1436 Saracenis,
1766 1363 1801 1423 et
1823 1374 1844 1422 a
1865 1348 2059 1423 Germania
2079 1352 2249 1447 Ungaris,
2276 1375 2423 1434 ornatas
2446 1386 2520 1436 esse

1531 1451 1724 1538 Ecclesias,
1750 1464 1785 1523 et
1800 1454 1947 1524 excitata
1963 1454 2203 1528 doctrinarum
2216 1463 2332 1533 studia
2341 1514 2353 1556 ,
2381 1489 2462 1535 cum
2479 1466 2520 1535 in

1532 1551 1693 1649 Aegypto
1711 1566 1746 1625 et
1772 1552 1810 1624 in
1824 1549 1980 1646 Aphrica
2004 1556 2144 1648 penitus
2163 1561 2296 1633 deletae
2313 1581 2428 1638 essent
2443 1564 2519 1638 Ec-

1532 1658 1676 1736 clesiae,
1703 1668 1737 1725 et
1753 1656 1790 1723 in
1801 1652 1924 1725 Asiam
1940 1657 2051 1727 infusi
2066 1664 2180 1731 essent
2194 1659 2359 1736 Saraceni
2374 1667 2519 1740 etTur-

1522 1758 1584 1839 ·ci‚
1610 1757 1673 1849 qui
1697 1754 1750 1826 ibi
1776 1782 1919 1851 quoque
1940 1759 2109 1832 delebant
2130 1756 2305 1836 Ecclesiae
2328 1783 2364 1841 et
2385 1769 2518 1840 literas.

1532 1855 1582 1929 Ut
1604 1857 1714 1946 igitur
1735 1856 1774 1926 in
1788 1854 1934 1950 Europa
1954 1861 2127 1954 reliquiae
2142 1857 2318 1938 Ecclesiae
2332 1883 2367 1942 et
2383 1871 2519 1939 doctri-

1533 1982 1660 2029 narum
1683 1973 1927 2046 servarentur,
1952 1984 2078 2031 rursus
2101 1962 2153 2034 ihi
2173 1965 2343 2041 divinitus
2366 1964 2517 2063 pulchra

1533 2060 1738 2132 coniunctio
1757 2059 1848 2131 facts
1870 2074 1940 2142 est,
1973 2060 2119 2150 ltaliae,
2148 2062 2289 2140 Galliae
2310 2085 2344 2144 et
2364 2069 2518 2143 Germa-

1534 2162 1633 2248 niae,
1659 2185 1749 2256 quae
1767 2162 1814 2231 ab
1828 2185 1903 2233 uno
1917 2150 1954 2232 C
1957 2186 1981 2231 a
1992 2159 2065 2233 rol
2070 2187 2093 2234 o
2106 2169 2340 2257 tenebantur,
2361 2173 2423 2266 qui
2437 2184 2520 2242 tan·

1533 2286 1640 2357 quam
1671 2256 1864 2334 monarcha
1891 2276 1968 2335 erat
1995 2260 2179 2356 Europae,
2212 2284 2389 2344 etruscos
2413 2273 2521 2366 pacis,

1533 2363 1737 2454 religionis,
1768 2364 1887 2455 legum
1915 2379 1950 2437 et
1969 2365 2185 2459 disciplinae.
2246 2370 2373 2443 Postea
2396 2374 2520 2445 Italiae

1534 2480 1568 2537 et
1578 2463 1792 2536 Germaniae
1805 2465 2091 2540 coniunctionem
2104 2470 2330 2544 retinuerunt
2341 2470 2520 2556 Othones,

1533 2565 1710 2638 Henricus
1742 2564 2016 2659 Bombergensis
2048 2580 2083 2639 et
2109 2565 2296 2643 Guuradus
2323 2573 2522 2666 Spirensis.

1531 2666 1618 2740 Post
1639 2665 1736 2739 hunc
1757 2692 1839 2741 cum
1864 2670 1935 2739 iam
1951 2666 2199 2742 Romanorum
2213 2670 2424 2748 Pontificum
2449 2698 2521 2767 po-

1532 2771 1643 2843 tentia
1665 2770 1849 2853 crevisset,
1871 2770 1986 2841 suriae
2003 2772 2207 2864 pontificiae
2227 2776 2460 2847 accenderunt
2475 2777 2518 2846 in

1533 2869 1727 2943 Germania
1750 2873 1844 2943 bella
1868 2871 2003 2959 civilia,
2030 2874 2161 2969 quibus
2184 2877 2340 2967 potentia
2362 2873 2518 2947 Germa-

1532 2973 1606 3043 nici
1627 2973 1767 3067 imperii
1784 2973 1971 3066 praecipue
1986 2974 2206 3066 lauguclacta
2221 2989 2285 3049 est.
2321 2976 2403 3051 Non
2417 2978 2518 3049 enim

1533 3077 1658 3165 procul
1679 3076 1778 3147 abest
1799 3077 1874 3147 dies
1896 3071 2089 3169 triumphi,
2121 3075 2163 3147 in
2186 3102 2259 3172 quo
2285 3102 2322 3150 se
2341 3079 2434 3150 filius
2445 3076 2517 3149 Dei

1533 3176 1649 3269 palam
1683 3178 1846 3251 ostendet
1882 3173 2003 3267 generi
2036 3171 2216 3265 humano,
2238 3187 2291 3261 tet
2322 3176 2519 3251 Ecclesiam

1532 3288 1674 3348 aeterna
1689 3278 1802 3369 gloria
1821 3280 1981 3366 ornabit,
2006 3293 2040 3353 et
2056 3303 2179 3350 omnes
2194 3280 2326 3372 impios
2346 3281 2386 3351 in
2406 3294 2517 3353 aeter·

1532 3402 1597 3449 nas
1612 3402 1742 3471 poenas
1757 3380 1910 3471 abiiciet.
1961 3378 2098 3455 Interea
2114 3395 2251 3469 tamen,
2276 3397 2318 3457 ut
2336 3382 2456 3454 minus
2470 3382 2518 3457 sit

498 3483 658 3553 manicae
690 3477 861 3552 historiae
887 3478 1076 3550 nominant
1106 3502 1188 3551 eum
1211 3475 1412 3561 Humilem,
1442 3489 1483 3549 ut
1532 3482 1795 3564 confusionum,
1816 3484 2014 3576 optandum
2029 3497 2100 3571 est,
2124 3482 2356 3577 utPrincipes
2372 3485 2412 3556 in
2424 3483 2517 3556 Ger-

500 3583 551 3654 sic
574 3582 702 3653 dicam.
762 3579 901 3652 Deinde
927 3573 1127 3667 Otthones,
1154 3576 1350 3650 Henricum
1371 3580 1483 3649 Bom·
1532 3583 1651 3654 mania
1666 3578 1736 3654 hoc
1754 3586 1861 3655 decus
1872 3585 2046 3677 sapientia
2058 3586 2233 3658 etvirtute
2247 3600 2427 3674 tueantur,
2451 3610 2517 3657 nec

498 3687 716 3777 bergensem.
775 3679 900 3752 Postea
924 3681 1069 3753 iuerrrnt
1093 3682 1198 3767 multi
1222 3681 1484 3767 imbecilliores,
1532 3683 1679 3774 privatis
1715 3685 1903 3757 discordiis
1938 3683 2167 3757 Germaniam
2204 3688 2275 3778 ipsi
2310 3674 2517 3761 dilacerent.

500 3810 591 3882 qnos
609 3784 809 3876 significant
832 3782 922 3856 lutei
951 3783 1067 3876 pedes.
1117 3783 1188 3854 Sed
1210 3781 1310 3852 mixti
1338 3783 1483 3852 inerunt
1531 3782 1633 3854 Hanc
1653 3809 1772 3854 curam
1796 3785 2022 3878 praecipuam
2037 3809 2112 3857 esse
2128 3791 2316 3880 oportebat
2331 3790 2462 3861 summi
2476 3793 2517 3860 in

501 3900 536 3989 et
556 3887 663 3957 sortes
685 3885 886 3979 Principes,
917 3885 980 3978 qui
1004 3908 1059 3955 res
1082 3883 1186 3956 utiles
1209 3895 1409 3976 gesseruut,
1440 3896 1482 3956 ut
1531 3886 1635 3957 terris
1657 3883 1826 3970 Senatus,
1862 3888 2026 3960 videlicet
2053 3889 2195 3980 collegii
2227 3887 2270 3959 E
2277 3890 2518 3978 lectorum,

498 3984 691 4060 Lotharius
706 3987 810 4062 Saxo.
854 3986 946 4058 Nam
961 3985 1153 4057 Turricum
1172 3985 1361 4077 imperium
1378 4008 1481 4075 pror·
1530 4000 1570 4058 ut
1584 3984 1730 4078 Europa
1753 4003 1788 4059 et
1803 4003 1909 4083 capnt
1931 4004 1967 4062 et
1980 3991 2073 4060 vires
2089 3986 2233 4063 haberet
2249 4009 2371 4068 contra
2386 3992 2517 4065 Turci-
2555 4000 2562 4012 ‘

500 4113 560 4162 sus
582 4115 602 4161 a
624 4086 840 4160 monarchiis
861 4088 1027 4179 seiungo,
1053 4114 1139 4182 quas
1158 4082 1284 4157 Deus
1306 4087 1425 4180 legum
1447 4098 1483 4157 et
1530 4112 1606 4157 cam
1629 4090 1848 4176 barbariem,
1881 4105 1914 4163 et
1941 4106 2136 4187 tyrannos,
2167 4096 2229 4188 qui
2256 4097 2388 4164 iniusta
2418 4096 2515 4166 bella

499 4190 823 4285 disciplinaecausa
840 4191 1034 4263 constituit.
1530 4204 1692 4271 movent,
1728 4190 1926 4283 perniciosa
1956 4193 2025 4265 toti
2053 4189 2231 4286 Europae.
2285 4192 2371 4262 Nos'
2390 4207 2513 4263 autern

599 4293 692 4365 Sunt
706 4292 813 4383 igitur
827 4292 1020 4387 peculiares
1041 4291 1293 4381 descriptiones
1308 4289 1480 4361 Turcicae
1530 4287 1647 4361 Deum
1664 4292 1871 4364 ardentibus
1886 4294 1979 4365 votis
1994 4309 2031 4367 et
2044 4297 2227 4385 gemitibus
2238 4314 2442 4384 precemur,
2468 4309 2516 4364 ut

497 4395 708 4492 tyrannidis.
766 4393 815 4468 Ut
846 4394 942 4487 apud
966 4385 1188 4462 Ezechielem
1219 4386 1404 4484 prophetia
1435 4394 1479 4460 de
1530 4392 1568 4461 in
1584 4387 1651 4463 hac
1673 4393 1879 4466 turbulenta
1893 4409 2032 4467 senecta
2055 4395 2179 4467 mundi
2204 4406 2237 4462 et
2258 4391 2374 4463 ruinis
2395 4393 2515 4486 impe-

497 4497 579 4592 Gog
602 4512 636 4570 et
657 4496 789 4589 Magog
812 4495 957 4588 proprie
987 4496 1032 4564 ad
1054 4490 1190 4563 Turcas
1211 4493 1374 4581 pertinet.
1429 4489 1478 4563 Et
1528 4493 1664 4564 riorum
1680 4510 1794 4567 servet
1807 4497 1926 4589 aliqua
1942 4493 2117 4568 Ecclesiae
2131 4490 2310 4588 hospitia,¹
2328 4508 2363 4567 et
2378 4494 2516 4568 tribuat

498 4624 608 4670 cornu
630 4600 781 4691 loquens
802 4592 1059 4689 blasphemias,
1090 4607 1124 4664 et
1147 4606 1333 4662 conterens
1353 4590 1479 4661 Eccle-
1529 4594 1580 4663 eis
1594 4595 1785 4669 salutarem
1800 4599 2101 4688 gubernationem.

498 4698 586 4768 siam
609 4702 703 4790 apud
725 4698 930 4781 Danielem,
955 4698 999 4766 de
1022 4708 1097 4769 toto
1113 4688 1353 4765 Maliometico
1369 4715 1478 4782 regno

498 4799 743 4870 concionatur.
765 4812 768 4817 ’
794 4794 992 4886 Singularis
1007 4799 1108 4867 furor
1126 4809 1179 4865 est
1194 4808 1328 4865 ortusa
1353 4794 1481 4864 diabo⁴

496 4899 542 4968 lis
557 4899 595 4968 in
613 4894 680 4970 hac
694 4898 820 4971 ultima
835 4911 975 4968 senecta
997 4896 1140 4984 mundi,
1164 4893 1239 4966 Deo
1256 4895 1478 4986 permittente

497 5015 644 5094 propter
684 4995 872 5073 horribilia
917 4994 1104 5070 hominum
1147 5012 1307 5092 peccata,
1353 5011 1477 5092 tyran-

496 5095 846 5196 nisMoltomatico,
879 5101 1061 5174 dissimilis
1081 5103 1242 5175 omnium
1268 5106 1476 5184 regnorum:

495 5205 579 5299 quia
601 5228 642 5274 ex
657 5207 813 5295 professo
829 5219 978 5276 conatur
990 5206 1108 5275 delere
1124 5229 1254 5276 nomen
1278 5192 1476 5281 Christi.
1525 5215 1659 5275 natum.

492 5306 567 5378 Nec
581 5318 685 5378 ornat
698 5304 809 5396 gebus
822 5302 1019 5375 humanum
1036 5305 1173 5394 legibus
1193 5294 1255 5376 aut
1270 5306 1475 5394 disciplina:

492 5408 563 5482 Sed
579 5420 693 5480 vastat
707 5407 829 5477 orbern
843 5419 1037 5484 terrarum,
1063 5417 1152 5474 utet
1172 5429 1303 5477 nomen
1322 5402 1361 5477 Τ
1367 5428 1474 5476 arco

491 5512 726 5585 vastationem
742 5529 803 5578 seu
819 5517 1027 5576 vastatorem
1041 5504 1228 5594 significat.

592 5613 659 5685 Sit'
680 5624 798 5683 autern
830 5619 926 5698 grata
957 5603 1063 5691 nobis
1092 5607 1343 5693 consideratio,
1376 5612 1474 5704 quod

1724 4781 1914 4840 Annorum
1932 4779 2057 4840 series
2077 4795 2124 4838 ox
2144 4777 2321 4840 Philone.

1629 4894 1735 4968 Mille
1748 4898 1900 4971 sexcenti
1911 4897 2169 4995 qninquaginta
2185 4921 2243 4968 ser
2258 4900 2302 4969 ad
2321 4898 2516 4978 diluvium.

1626 4994 1780 5073 Ducenti
1800 5001 1994 5093 nonaginta
2013 5002 2086 5073 duo
2104 5002 2148 5070 ad
2172 4995 2355 5070 Abraham
2377 5015 2517 5078 natum..

1627 5098 1895 5194 Quadringenti
1929 5103 2058 5196 viginti
2090 5101 2249 5197 quinque
2288 5104 2334 5174 ad
2367 5102 2511 5174 Moisen

1626 5286 1843 5395 Octuaginta
1866 5306 1912 5375 ad
1935 5304 2070 5376 exitum
2092 5329 2135 5377 ex
2155 5300 2331 5401 Aegypto.
2389 5272 2396 5283 ἱ

1626 5403 1889 5501 Quadringenti
1913 5406 2117 5498 octuaginta
2142 5410 2188 5478 ad
2214 5406 2385 5502 templum
2406 5405 2514 5480 Salo·

1522 5506 1652 5577 monis.

1622 5603 1777 5678 Centum
1809 5609 1957 5707 triginta
1986 5623 2085 5684 octo:
2108 5611 2166 5682 'ad
2195 5633 2312 5704 regem
2343 5606 2444 5697 loss,
2479 5625 2515 5682 et

491 5709 587 5786 Deus
601 5728 636 5787 et
651 5711 901 5786 Germanicam
926 5719 1065 5800 gentem
1080 5703 1148 5780 hoc
1171 5704 1308 5781 honore
1323 5711 1474 5798 ornavit,
1521 5710 1627 5777 finem
1644 5708 1764 5801 stirpis
1774 5707 1990 5790 Salomonis.
2039 5738 2042 5751 ·

491 5826 531 5882 ut
544 5816 714 5908 reliquias
727 5814 913 5890 Romanae
928 5806 1155 5884 monarchiae
1176 5832 1253 5882 eam
1272 5825 1411 5896 tenere,
1436 5825 1473 5884 et

1622 5807 1775 5886 Ducenti
1805 5815 1999 5908 nonaginta
2026 5835 2139 5887 unus:
2178 5815 2225 5887 sd
2257 5814 2511 5907 migrationem

490 5917 699 6006 praecipuos
722 5942 796 5989 esse
815 5900 977 6032 cnstddee
998 5909 1165 6007 Europae
1185 5913 1349 5989 voluerit.
1397 5910 1472 5985 Nee
1519 5925 1750 6004 spontaneam
1772 5913 1943 5993 lecouiae.
2038 5930 2040 5935 '
