6025 6775
552 674 623 751 ιιι
934 661 1101 743 unca:
1136 660 1210 737 uu
1242 661 1600 740 orscntumu
1630 664 1840 741 aucun
1871 659 2063 740 romu.
2095 687 2181 744 aec.
2466 652 2567 756 'aaa

550 869 656 940 gnam
671 840 843 916 hocloco.
896 838 971 908 Nec
997 839 1084 906 adeo
1107 834 1257 905 ridicule
1281 837 1422 927 ineptus
1442 860 1534 919 sum,
1586 862 1659 909 non
1676 836 1795 908 libeat.
1846 831 1921 907 Alii
1933 849 1968 908 ει
1982 838 2127 910 fuerunt
2142 851 2177 909 et
2192 841 2480 936 suntAntinomi,
2506 855 2569 945 qui

552 963 595 1021 ut
610 948 804 1018 existimem
819 965 876 1011 me
889 961 991 1031 posse
1008 939 1051 1005 de
1067 936 1174 1005 rebus
1190 939 1328 1028 magnis
1343 937 1471 1024 dicere,
1496 951 1537 1008 ut
1587 939 1726 1028 fingunt
1741 938 1846 1009 etiam
1863 952 1984 1009 contra
2002 941 2250 1011 conscientiam
2266 946 2437 1019 violantes
2457 952 2568 1042 legem

555 1051 713 1141 ipsarum
745 1066 863 1115 rerum
898 1040 1050 1128 dignitas
1080 1038 1246 1127 postulat.
1308 1036 1417 1108 Nulla
1441 1040 1537 1108 enim
1588 1038 1675 1122 Dei,
1699 1053 1818 1110 mmen
1834 1036 1911 1109 Deo
1926 1040 2072 1135 placere.
2121 1038 2204 1110 Non
2222 1043 2458 1118 detectorhac
2479 1054 2570 1121 reci·

555 1148 711 1221 humana
725 1140 923 1238 eloquentia
938 1134 1124 1207 exhaurire
1149 1138 1272 1208 laudes
1284 1135 1353 1208 Dei
1375 1153 1410 1209 et
1433 1142 1538 1211 decus
1588 1141 1742 1225 tatione,
1767 1163 1878 1234 quare
1892 1162 1970 1210 sum
1989 1140 2143 1212 brevior.
2193 1139 2359 1234 Prodigia
2380 1171 2454 1217 esse
2476 1154 2571 1242 cogi·

557 1249 730 1321 virtutum
754 1256 875 1337 potest.
925 1237 998 1310 Sed
1020 1234 1111 1309 hane
1135 1239 1365 1311 adolescentis
1385 1240 1539 1333 impera·
1588 1256 1723 1326 manus,
1761 1241 1801 1310 id
1830 1253 1901 1326 εει,
1939 1241 2038 1331 sigua
2069 1235 2276 1327 horribilia,
2323 1247 2573 1326 denuntiantia

559 1352 649 1423 toris
665 1344 828 1420 Gratiani
843 1341 1054 1411 sententiam
1077 1363 1283 1433 sequamur:
1313 1340 1474 1412 Dicimus
1494 1344 1540 1411 de
1591 1344 1679 1413 iram
1694 1340 1762 1412 Dei
1778 1354 1814 1413 et
1827 1364 2030 1412 communes
2045 1365 2192 1433 poenas,
2216 1358 2328 1414 terrae
2344 1362 2477 1437 motus,
2501 1352 2574 1426 Co.

558 1449 656 1534 Deo,
679 1470 751 1516 non
771 1455 943 1537 quantum
965 1441 1153 1526 debemus,
1177 1444 1237 1510 sed
1259 1440 1435 1536 quantum
1456 1465 1540 1537 pos·
1591 1458 1716 1528 metas,
1755 1442 1997 1530 traiectiones,
2027 1442 2199 1530 fulmina,
2231 1469 2320 1536 quae
2343 1459 2433 1518 totas
2456 1454 2572 1546 sylvas

436 1593 439 1600 ·
561 1569 697 1626 sumus,
732 1544 782 1614 sic
810 1557 930 1636 tamen
959 1553 999 1612 ut
1023 1556 1142 1612 nostra
1164 1544 1278 1613 oratio
1303 1558 1471 1631 congruat
1494 1546 1540 1614 ad
1592 1558 1627 1615 ει
1640 1544 1748 1615 urbes
1761 1544 1972 1615 incendunt.
2023 1543 2093 1615 Sed
2114 1543 2218 1635 longe
2236 1546 2450 1619 terribiliora
2471 1555 2571 1644 signa

560 1657 692 1731 vocem,
718 1669 825 1739 quam
841 1644 916 1736 ipse
933 1642 1037 1712 nobis
1053 1642 1212 1712 tradidit.
1262 1639 1340 1713 Om
1355 1645 1475 1734 igitur,
1500 1658 1541 1716 ut
1593 1659 1676 1716 sunt
1695 1645 1778 1715 illae
1798 1643 2023 1714 diabolorum
2047 1668 2168 1731 voces,
2194 1649 2465 1721 contumeliosae
2485 1679 2573 1725 con-

559 1749 648 1821 boni
670 1746 862 1818 consulatis
884 1745 1164 1838 qualemcunque
1192 1740 1285 1813 banc
1314 1768 1428 1814 meam
1460 1770 1542 1816 ora·
1593 1760 1646 1816 tra
1663 1746 1773 1836 legem
1788 1741 1857 1815 Dei
1872 1757 2038 1815 etcontra
2050 1744 2235 1836 politicum
2251 1747 2424 1821 ordinem.
2474 1752 2572 1828 Haec

559 1852 715 1935 tionem,
739 1849 778 1916 in
795 1869 864 1940 qua
879 1856 1124 1936 argumentum
1143 1845 1272 1929 allero,
1297 1868 1371 1914 non
1385 1846 1540 1918 alienum
1593 1870 1694 1937 saepe
1717 1846 1940 1940 multumque
1961 1831 2119 1936 cogitans
2135 1860 2169 1917 et
2191 1847 2330 1938 fugiens
2345 1846 2410 1922 bos
2425 1853 2575 1944 furores,

561 1957 675 2023 a‘meo
691 1950 819 2033 studio,
844 1946 1044 2016 videliceta
1060 1945 1219 2015 civilium
1236 1946 1354 2035 legum
1370 1946 1541 2033 doctrina,
1593 1970 1722 2040 quaero
1739 1969 1861 2017 vocem
1877 1946 2036 2016 divinam
2054 1947 2094 2015 in
2102 1941 2276 2033 Ecclesia,
2300 1964 2341 2020 ut
2354 1951 2488 2024 dictum
2505 1971 2574 2029 est:

562 2053 660 2148 quod
674 2064 790 2123 tamen
808 2073 850 2117 eo
864 2070 967 2140 saepe
982 2047 1211 2137 repetendum
1223 2061 1286 2131 est,
1310 2047 1404 2116 utin
1422 2048 1540 2119 iunio-
1593 2046 1752 2118 Lucerna
1772 2048 1923 2139 pedibus
1944 2047 2032 2117 meis
2056 2048 2204 2118 verbum
2227 2062 2360 2121 tuum·
2389 2051 2462 2125 Ubi
2481 2072 2576 2130 recte

562 2155 662 2224 ribus
678 2154 792 2222 alatur
804 2164 838 2219 et
853 2148 1210 2242 confirmetuqlegum
1227 2148 1436 2224 reverentia.
1475 2147 1543 2219 Di·
1595 2171 1660 2218 nos
1674 2149 1807 2218 erudiri
1821 2151 1865 2218 de
1880 2148 1958 2238 lege
1977 2162 2011 2219 et
2030 2150 2074 2217 de
2095 2148 2222 2219 ordine
2244 2150 2390 2242 politico
2412 2177 2574 2246 agnosco,

564 2279 640 2326 cam
660 2253 755 2322 enim
769 2256 813 2321 de
827 2247 892 2318 hac
910 2248 1124 2341 quaestione.
1594 2262 1630 2319 et
1657 2249 1770 2320 laetor
1798 2272 1901 2319 veros
1925 2252 2040 2320 fontes
2061 2249 2219 2334 ostendi,
2249 2273 2291 2320 ac
2315 2277 2397 2323 vere
2420 2250 2486 2327 boc
2511 2261 2576 2329 ad-

666 2352 756 2424 Cum
777 2350 907 2421 Paulus
932 2348 1114 2417 manifeste
1134 2347 1284 2419 affirmet
1313 2349 1544 2419 violationem
1595 2350 1711 2433 firmo,
1725 2349 1827 2420 valde
1840 2349 2039 2419 confirmari
2052 2349 2091 2418 in
2105 2349 2224 2420 animo
2238 2375 2317 2421 meo
2330 2356 2575 2429 adsensionem

563 2455 681 2543 legum
695 2452 918 2545 politicarum
937 2471 1007 2517 esse
1026 2461 1219 2537 peccatum,
1244 2473 1314 2540 quo
1329 2451 1543 2520 coriscientia
1596 2463 1629 2519 ει
1648 2450 1692 2519 de
1708 2451 1931 2541 providentia
1946 2462 1980 2520 et
1993 2453 2038 2520 de
2050 2446 2216 2521 Ecclesia.
2251 2450 2358 2540 Quod
2374 2470 2575 2547 potestesse

566 2554 676 2626 aDeo
697 2553 879 2636 avellitur,
903 2572 965 2618 seu
979 2561 1019 2617 ut
1041 2549 1265 2617 nominamus
1280 2551 1424 2636 usitate,
1446 2574 1544 2622 mor·
1596 2549 1770 2619 illustrius
1799 2550 2040 2621 testimonium
2065 2553 2231 2622 adversus
2254 2577 2386 2632 omnes,
2403 2554 2576 2651 Cyclopas

566 2655 657 2745 tale,
685 2678 746 2723 cur
765 2676 837 2721 non
858 2650 1129 2720 existimandum
1152 2649 1198 2719 sit
1220 2650 1447 2720 violationem
1469 2666 1543 2723 tra·
1595 2662 1630 2720 et
1650 2646 1861 2741 Epicureos,
1899 2674 2005 2745 quam
2036 2645 2216 2739 haectpsa
2238 2654 2366 2724 notitia
2388 2660 2578 2746 naturalis,

566 2756 764 2839 ditionum,
790 2776 876 2844 quas
894 2752 931 2819 in
947 2746 1103 2819 Ecclesia
1127 2761 1282 2841 pastores
1298 2773 1361 2823 seu
1375 2748 1544 2845 Episcopi
1595 2750 1798 2821 discernens
1811 2747 1958 2822 honesta
1973 2764 2007 2821 et
2021 2751 2140 2843 turpia
2153 2752 2193 2819 in
2207 2745 2372 2825 humanis
2384 2759 2575 2848 mentibus,

567 2858 747 2935 condunt,
774 2865 911 2945 peccata
928 2874 1010 2923 esse.
1595 2864 1630 2921 et
1662 2852 1919 2943 turpitudinem
1949 2852 2102 2942 puniens
2135 2852 2337 2941 ingentibus
2368 2860 2575 2934 terroribus.

667 2954 721 3025 De
749 2951 816 3026 hoc
844 2952 1048 3022 discrimine
1074 2950 1189 3040 legum
1219 2951 1354 3022 erudiri
1381 2948 1544 3021 homines
1595 2947 1661 3022 Est
1678 2975 1760 3041 ergo
1775 2950 1889 3033 Deus,
1916 2975 1985 3043 qua
2007 2947 2099 3022 hanc
2115 2953 2231 3021 lucem
2247 2954 2353 3024 nobis
2365 2957 2513 3043 indidit,
2540 2975 2576 3032 et
2667 3022 2669 3026 ,

566 3078 707 3127 necesse
723 3068 784 3131 est.
833 3051 881 3126 Et
897 3055 991 3124 bono
1009 3052 1156 3122 consilio
1172 3073 1273 3145 saepe
1288 3049 1415 3123 barum
1431 3054 1544 3122 maxi·
1595 3046 1664 3123 hoc
1693 3052 1863 3123 iudicium
1895 3074 2059 3142 praesens
2086 3053 2303 3123 immutabili
2343 3055 2483 3128 iusticia
2513 3085 2577 3131 sua

565 3182 703 3229 marum
718 3180 836 3228 rerum
851 3153 1137 3226 commemoratio
1152 3154 1333 3244 repetitur.
1375 3152 1428 3223 Ac
1447 3154 1545 3243 prius
1596 3152 1790 3246 exequitur.
1847 3149 1987 3223 Deinde
2008 3150 2251 3224 testimonium
2271 3167 2323 3227 est
2341 3159 2386 3228 de
2408 3154 2578 3243 Ecclesia,

567 3261 680 3329 dicam
698 3262 743 3329 de
756 3258 874 3350 priore
889 3270 1001 3347 parte,
1026 3255 1192 3324 videlicet
1205 3256 1249 3324 de
1262 3253 1464 3325 obedientia
1481 3257 1544 3323 de·
1595 3249 1682 3323 haec
1698 3255 1774 3346 ipsa
1791 3277 1859 3324 vox
1874 3255 1972 3342 legis.
2013 3252 2237 3344 Impossibile
2251 3269 2303 3328 est
2318 3277 2391 3329 csse
2405 3262 2579 3351 populum

564 3361 639 3432 bita
655 3361 790 3450 legibus
806 3358 969 3448 politicis.
1019 3352 1129 3424 Multi
1149 3357 1314 3425 omnibus
1328 3356 1545 3446 temporibus
1596 3354 1685 3440 Dei,
1709 3355 1804 3425 ullos
1824 3348 1990 3425 homines
2009 3368 2071 3427 aut
2091 3354 2208 3443 ullum
2227 3369 2371 3447 agmen,
2396 3363 2492 3452 quod
2514 3387 2578 3454 pa-

565 3463 814 3554 quaesiverunt
828 3456 963 3545 ingenii
981 3455 1121 3522 laudem
1141 3453 1397 3546 vituperatione
1418 3459 1544 3546 legum.
1595 3456 1666 3526 lam
1680 3456 1798 3527 abolet
1812 3457 1923 3525 ullam
1939 3457 2051 3545 legem
2067 3456 2238 3533 divinam.
2289 3454 2578 3532 OmnesEthnici

566 3559 673 3649 Apud
699 3557 883 3626 Platonem
908 3555 1024 3647 inquit
1053 3552 1222 3644 Hippias,
1262 3557 1370 3643 legem
1395 3580 1467 3625 esse
1489 3571 1545 3649 ty-
1596 3558 1731 3649 aliquas
1759 3556 1899 3626 divinas
1927 3556 2020 3644 leges
2046 3579 2191 3646 prorsus
2219 3557 2443 3647 deleverunt,
2481 3575 2516 3635 ει
2536 3563 2577 3632 in

566 3681 737 3742 rannum,
777 3655 858 3749 quia
884 3676 987 3745 vagas
1010 3654 1219 3744 cupiditates
1239 3650 1425 3725 bominum
1447 3660 1545 3729 iubet
1596 3652 1832 3727 solaEcclesia
1841 3652 1909 3723 Dei
1923 3653 2052 3725 mansit
2065 3655 2122 3722 lex
2136 3654 2291 3742 integra,
2315 3675 2350 3730 et
2364 3663 2439 3732 sola
2453 3658 2579 3735 Eccle.

566 3760 715 3843 frenari‚
738 3773 772 3829 et
787 3770 897 3828 certas
915 3767 1023 3827 metas
1037 3755 1215 3825 actionum
1231 3758 1423 3831 constituit.
1473 3755 1545 3852 Cy·
1596 3758 1646 3826 sia
1664 3755 1835 3836 ostendit,
1861 3754 1957 3825 unde
1975 3747 2062 3823 haec
2077 3751 2248 3844 sapientia
2272 3761 2448 3828 transfusa
2469 3764 2516 3833 sit
2536 3765 2577 3833 in

567 3861 640 3930 nici
660 3861 764 3929 etiam
781 3859 955 3929 rabiosius
977 3856 1085 3926 locuti
1110 3870 1210 3937 sunt,
1238 3853 1330 3927 nihit
1349 3873 1450 3951 turpe
1472 3882 1545 3929 esse
1595 3871 1728 3926 mentes
1745 3852 1943 3940 hominum,
1967 3854 2064 3924 unde
2078 3854 2124 3925 sit
2139 3852 2316 3926 contraria
2330 3858 2455 3946 caligo,
2480 3863 2575 3932 unde

566 3976 734 4053 perpetua
755 3962 892 4050 regula,
914 3962 975 4028 sed
1003 3952 1139 4028 tantum
1160 3959 1328 4048 opinione
1351 3962 1435 4031 alibi
1457 3962 1545 4030 alias
1595 3957 1781 4028 dissidium
1806 3955 1891 4047 legis
1912 3968 1947 4026 et
1968 3955 2103 4040 cordis,
2141 3957 2319 4049 quomodo
2347 3960 2420 4051 regi
2448 3974 2575 4034 natura

568 4063 725 4132 actiones
756 4074 911 4152 receptas
940 4081 1026 4130 esse.
1092 4056 1223 4132 Extant
1247 4063 1351 4133 etiam
1375 4061 1543 4132 Politiani
1595 4059 1723 4151 possit,
1764 4057 1942 4150 quomodo
1964 4052 2061 4126 Deus
2094 4058 2220 4127 ordine
2249 4058 2393 4149 politico
2421 4060 2514 4132 inter
2538 4086 2576 4134 se

565 4187 705 4246 versos,
730 4165 793 4258 qui
808 4186 888 4231 cum
901 4161 1051 4231 nimium
1073 4162 1271 4253 indulgeret
1294 4164 1545 4256 cupiditatibus
1596 4158 1793 4231 devinxerit
1810 4153 1997 4242 homines,
2022 4157 2153 4250 quibus
2174 4159 2359 4251 praesidiis
2377 4160 2576 4236 societatem

565 4265 655 4349 suis,
681 4266 797 4354 legum
815 4264 936 4334 odium
954 4259 1010 4332 his
1025 4264 1183 4334 versibus
1198 4288 1262 4336 nec
1278 4267 1369 4338 veris
1382 4290 1447 4337 nec
1471 4265 1544 4334 ele-
1594 4258 1799 4332 muniverit.
2265 4274 2267 4278 ·

566 4367 802 4456 ganterfactis
817 4364 987 4436 ostendit:
1695 4357 1833 4430 Harum
1861 4358 2094 4430 maximarum
2122 4382 2241 4430 rerum
2272 4361 2470 4434 doctrinam
2495 4388 2576 4437 cum

617 4470 777 4537 Inventum
791 4473 877 4535 Auci
892 4474 1107 4535 dsunturtura
1123 4470 1280 4552 Draconis,
1456 4524 1461 4531 .
1597 4465 1637 4533 in
1658 4461 1733 4533 sola
1749 4456 1905 4530 Ecclesia
1920 4458 2035 4546 disco,
2059 4483 2105 4530 an
2120 4484 2194 4531 non
2210 4462 2311 4531 valde
2327 4466 2516 4554 gaudeam,
2542 4482 2577 4540 ει
2656 4456 2658 4461 ’

665 4573 746 4636 Vera
760 4590 804 4636 est
820 4577 899 4636 taine
912 4580 1020 4652 nimo,
1046 4577 1161 4636 uitrici
1175 4578 1256 4637 cirus
1272 4575 1392 4639 habeut.
1596 4563 1803 4642 confirmer,
1827 4574 1868 4632 ut
1883 4573 2033 4631 statuam
2049 4584 2130 4631 vera
2146 4583 2220 4631 esse
2242 4587 2333 4656 quae
2354 4564 2407 4635 ibi
2427 4568 2576 4638 tradun-

565 4663 675 4753 Quod
689 4665 799 4736 Attici
824 4671 989 4738 ‹tixerunt
1009 4693 1028 4738 a
1045 4667 1206 4739 Dracone
1227 4669 1319 4757 leges
1342 4679 1436 4737 ortas
1458 4688 1543 4750 esse,
1595 4680 1673 4750 tur,
1706 4678 1740 4734 et
1762 4663 1801 4730 in
1822 4686 1864 4732 eo
1885 4674 1989 4733 coetu
2008 4685 2211 4756 quanquam
2236 4685 2447 4738 aerumnoso
2473 4664 2577 4743 habi-

563 4759 633 4835 boc
647 4790 787 4859 quoque
803 4768 987 4856 allegorice
1001 4770 1134 4837 dictum
1150 4791 1241 4853 esse,
1267 4780 1410 4858 propter
1425 4765 1543 4836 Palla·
1595 4781 1670 4838 tare
1686 4761 1825 4835 Deum?

565 4866 621 4935 dis
635 4864 805 4954 Aegidem
819 4880 854 4935 et
868 4891 1015 4957 poenas,
1042 4867 1214 4943 existimo.
1272 4868 1342 4940 Sed
1365 4890 1543 4961 quaecun·
1695 4863 1800 4954 Legi,
1826 4862 1974 4935 memini
1994 4862 2113 4957 omnia
2134 4860 2351 4936 Graecorum
2373 4880 2408 4939 et
2426 4867 2578 4941 Latino-

565 4990 635 5058 que
657 4967 733 5037 eius
753 4968 926 5038 sermonis
943 4989 1045 5038 causa
1065 4982 1134 5050 est,
1158 4967 1357 5042 Politianus
1372 4982 1544 5039 venenate
1594 4992 1674 5039 rum
1691 4966 1821 5058 scripta
1835 4968 1880 5035 de
1892 4965 2009 5053 legum
2025 4959 2195 5054 dignitate
2218 4977 2252 5037 et
2273 4965 2317 5036 de
2338 4966 2517 5060 imperiis,
2542 4986 2577 5043 ει

564 5066 603 5135 id
619 5067 1025 5160 dictuminterpretatur.
1077 5068 1174 5158 Quid
1191 5072 1305 5144 dicam
1327 5075 1371 5142 de
1388 5068 1460 5139 illis
1475 5064 1543 5139 bo-
1595 5091 1697 5161 saepe
1717 5068 1831 5157 cogito
1853 5062 2058 5160 praecipuas
2077 5062 2239 5151 omniurn
2254 5070 2456 5143 sententias.
2504 5071 2574 5142 Sed

563 5167 740 5252 minibus,
787 5172 848 5263 qui
876 5166 1053 5242 Ecclesiae
1081 5196 1202 5242 vocem
1238 5198 1314 5244 non
1344 5169 1542 5247 audierant.
1594 5184 1712 5242 tamen
1741 5168 1841 5238 nulla
1868 5190 1937 5236 vox
1957 5163 2037 5235 talis
2058 5187 2205 5258 usquam
2227 5169 2359 5240 tradita
2384 5186 2451 5252 εει,
2483 5191 2571 5262 quae

563 5265 692 5338 Nostra
719 5283 829 5354 aetas,
861 5296 940 5341 cum
961 5274 1085 5364 purior
1107 5270 1293 5362 Evangelii
1314 5274 1474 5346 doctrina
1497 5274 1543 5342 il·
1594 5271 1777 5341 vinculum
1805 5279 1893 5341 essct
1916 5263 2099 5335 universae
2120 5265 2235 5336 civilis
2259 5270 2450 5354 societatis,
2480 5270 2571 5340 sicut

564 5369 678 5453 luxit,
705 5393 808 5462 quam
825 5373 1018 5442 multorum
1035 5373 1172 5443 audivit
1187 5375 1393 5445 tribunitius
1409 5375 1542 5444 clamo·
1594 5366 1663 5441 hoc
1693 5369 1842 5440 dictum:
1892 5362 2038 5436 Necesse
2058 5379 2126 5437 εει
2155 5366 2302 5438 obedire
2329 5393 2402 5439 non
2431 5381 2569 5440 tantum

562 5493 638 5552 res,
661 5472 742 5564 qui,
766 5483 806 5539 ut
823 5470 998 5540 lenissime
1018 5476 1151 5557 dicam,
1175 5476 1406 5544 reverentiam
1424 5475 1540 5564 legum
1594 5485 1740 5564 propter
1761 5471 1873 5553 iram,
1905 5467 1967 5537 sed
1998 5479 2143 5556 propter
2173 5468 2432 5540 conscientiam.
2490 5466 2571 5540 Hoc

562 5572 665 5641 valde
689 5571 983 5662 tangueteeerunc
1040 5568 1293 5664 Anabaptistae
1319 5573 1430 5664 leges,
1464 5599 1541 5644 ma·
1592 5571 1781 5664 praeconio
1806 5581 1978 5640 vocantur
2000 5566 2040 5635 in
2063 5565 2255 5653 iudicium,
2285 5591 2359 5638 non
2378 5570 2425 5649 ad
2448 5592 2572 5660 regum

562 5671 741 5758 gistratus,
788 5672 937 5756 iudicia,
979 5672 1097 5766 palam
1124 5673 1346 5765 improbant,
1388 5697 1541 5768 quorum
1592 5672 1834 5767 etprincipum
1848 5666 2041 5744 tribunalia
2054 5681 2205 5754 tantum,
2228 5668 2289 5738 sed
2304 5665 2473 5740 adDeum
2489 5672 2573 5742 vin-

559 5773 672 5844 multa
690 5776 779 5847 adeo
800 5786 890 5847 tetra
910 5774 1004 5848 dicta
1026 5787 1062 5847 et
1079 5775 1171 5847 lacta
1194 5789 1297 5862 sunt,
1330 5790 1370 5848 ut
1392 5775 1541 5846 recitare
1591 5774 1707 5846 dicem
1728 5770 1871 5862 omnes,
1900 5770 1964 5869 qui
1984 5768 2182 5864 petulanter
2199 5770 2293 5861 leges
2312 5768 2474 5866 politicas
2495 5775 2573 5846 vio·
