6025 6775
491 724 540 800 aa
920 726 1080 801 nncr.
1134 724 1207 799 nn
1242 727 1522 805 annuato
1556 733 1802 808 rutucte.
1837 736 2093 816 11111111.
2137 828 2140 836 ,
2472 757 2521 826 11

492 897 556 969 1111
573 893 814 966 lesquristi.
864 889 914 964 Et
929 894 1068 981 ignorat
1091 892 1321 963 mediatorem
1347 910 1381 964 et
1404 920 1487 986 pro-
1535 900 1707 969 rectiones
1723 915 1962 983 mortuorum,
1989 920 2022 974 et
2038 908 2108 975 alia
2122 910 2282 982 miranda
2297 915 2408 985 facta?
2446 917 2519 988 lam

492 999 698 1081 missiones,
730 1002 791 1069 sed
814 996 972 1076 dubitat,
1003 1016 1050 1060 an
1075 1009 1109 1063 et
1131 1019 1196 1065 cur
1225 1020 1291 1066 11111
1322 998 1487 1086 indignos
1537 998 1604 1071 hoc
1624 1003 1867 1074 dulcissimum
1890 1020 1962 1085 est,
1997 1010 2159 1098 quodait
2179 1008 2520 1089 sehominumcon-

493 1100 590 1171 Deus
606 1102 781 1171 exaudiat.
1535 1105 1720 1173 suetudine
1748 1106 1931 1175 delectari:
1964 1106 2159 1177 Nobiscum
2180 1114 2294 1197 adest,
2328 1119 2461 1209 colligit
2483 1134 2516 1189 et

597 1202 758 1273 'sanabat
787 1212 820 1267 et
851 1196 1050 1263 doctrinam
1082 1194 1363 1285 Monarborum,
1396 1224 1486 1292 quae
1534 1221 1649 1275 servat
1665 1202 1857 1274 Ecclesiam
1876 1233 1960 1277 voce
1975 1206 2172 1299 Evangelii.

495 1306 596 1376 iubet
616 1304 752 1372 adferre
775 1296 1033 1367 dubitationem
1056 1302 1100 1367 ad
1115 1297 1250 1384 Deum,
1281 1303 1452 1372 sicutadf
1469 1346 1486 1358 -
1637 1306 1741 1376 Talia
1771 1325 1871 1379 erant
1893 1324 2099 1397 argumenta
2129 1315 2357 1385 familiarium
2390 1344 2523 1390 sermo-

496 1420 583 1476 runt
597 1399 755 1474 Etbnici.
808 1396 958 1469 lubebat
981 1422 1082 1490 saepe
1103 1402 1266 1485 recitare,
1292 1417 1328 1472 et
1351 1427 1487 1495 semper
1536 1432 1642 1490 11111,
1666 1410 1804 1500 quoties
1826 1405 1865 1477 hi
1880 1412 1949 1479 viri
1972 1414 2246 1499 conveniebant,
2272 1442 2424 1508 quorum
2449 1439 2522 1493 erat

495 1512 535 1578 in
553 1502 775 1574 invocatione
795 1500 947 1589 cogitare
971 1503 1241 1591 promissiones,
1266 1503 1349 1598 quia
1366 1530 1486 1575 earum
1534 1507 1710 1580 Ascanius
1733 1523 1901 1603 tanquam
1925 1510 2179 1610 ἀγωνοθέτης,
2208 1542 2272 1587 nec
2295 1535 2370 1589 erat
2391 1519 2523 1615 κωφὸν

497 1606 706 1697 cogitatione
723 1605 809 1672 fides
825 1604 1047 1672 accendenda
1063 1604 1128 1686 sit,
1155 1619 1189 1673 et
1203 1608 1394 1677 damnabat
1411 1604 1486 1675 En·
1534 1605 1748 1705 πρόσωπον,
1775 1616 1834 1682 sed
1852 1638 1955 1683 suum
1974 1616 2146 1686 iudicium
2165 1620 2303 1688 erudite
2320 1623 2363 1689 de
2376 1638 2521 1693 contro.

497 1705 749 1777 thusiastarum
765 1706 914 1789 furores,
939 1706 1000 1798 qui
1018 1707 1200 1775 abducunt
1215 1702 1375 1805 homines
1393 1733 1412 1777 a
1427 1733 1487 1777 co·
1537 1714 1658 1782 versiis
1680 1728 1714 1783 et
1738 1717 1780 1784 de
1804 1718 2090 1787 enarrationibus
2113 1721 2283 1805 addebat,
2309 1724 2473 1793 miscebat
2488 1741 2522 1794 et

494 1811 665 1900 gitatione
701 1808 850 1898 scriptae
888 1807 1151 1897 promissionis,
1195 1810 1333 1879 dicebat
1369 1823 1486 1880 autem
1537 1816 1592 1906 pia
1614 1829 1711 1898 vota,
1737 1841 1776 1884 ac
1795 1815 1870 1885 Deo
1887 1809 2017 1908 gratias
2032 1821 2156 1907 agebat
2177 1847 2256 1891 cum
2273 1847 2336 1913 pro
2359 1824 2437 1893 aliis
2460 1828 2521 1894 be-

496 1907 588 1981 hanc
620 1911 818 1979 doctrinam
845 1909 1005 2002 quotidie
1036 1911 1073 1976 in
1100 1912 1237 1980 ardenti
1263 1912 1487 1981 invocatione
1537 1917 1685 2000 ueticiis,
1707 1931 1782 1987 tum
1800 1920 1905 1988 etiam
1923 1944 1986 2010 pro
2003 1916 2069 1989 hoc
2085 1924 2217 2012 ingenti
2237 1948 2400 2009 munere,
2425 1932 2521 2018 quod

497 2014 728 2082 exercendam
752 2034 835 2080 esse.
1535 2020 1692 2109 depulsis
1720 2021 1873 2089 tenebris
1904 2022 2099 2112 papisticis,
2132 2048 2220 2115 quae
2247 2040 2331 2095 sunt
2363 2024 2522 2098 ethnica-

600 2112 670 2182 Hic
703 2138 783 2182 cum
819 2135 941 2181 rursus
975 2113 1207 2203 interrogaret
1239 2112 1413 2195 Ascanius
1443 2117 1488 2184 de
1535 2145 1615 2189 rum
1631 2121 1779 2203 similes,
1805 2123 1961 2193 reddidit
1987 2124 2089 2191 nobis
2105 2122 2291 2215 Evangelii
2311 2129 2437 2199 lucem.

497 2214 702 2287 discrimine
719 2212 978 2297 Personarum,
1006 2240 1069 2284 eur
1086 2216 1177 2286 filius
1199 2209 1307 2315 λόγος
1325 2217 1488 2286 nomine·
1640 2221 1745 2291 lonae
1761 2224 1837 2292 viro
1853 2225 1993 2295 erudito
2010 2226 2047 2292 in
2063 2228 2224 2295 doctrina
2239 2227 2418 2299 Ecclesiae
2435 2245 2468 2300 11
2485 2233 2521 2299 in

497 2333 575 2402 tur,
603 2316 706 2387 tertia
722 2337 872 2407 persona
885 2314 1059 2408 Spiritus,
1083 2319 1236 2406 graviter
1257 2319 1488 2409 ingemiscens
1536 2324 1618 2391 lure
1632 2326 1777 2407 dixerat,
1798 2326 1912 2394 videri
1929 2326 1996 2395 sibi
2010 2323 2259 2426 aomotoyiuv
2274 2354 2346 2399 esse
2358 2332 2396 2398 in
2414 2333 2521 2402 latina

497 2413 675 2491 Lutlterus
703 2418 889 2509 deplorare
913 2418 1129 2489 calamitates
1152 2416 1329 2490 Ecclesiae
1360 2422 1489 2512 coepit,
1537 2425 1827 2516 interpretatione
1845 2428 2094 2497 inconcinnam
2110 2443 2143 2498 et
2160 2432 2367 2516 obscuram,
2392 2434 2431 2502 iu
2450 2437 2522 2524 pri-

422 2589 425 2597 ,
498 2537 630 2593 1111111
664 2520 919 2591 controversias
953 2521 1136 2612 repetivit,
1169 2534 1203 2592 et
1229 2538 1407 2593 execratus
1438 2537 1489 2593 est
1536 2522 1962 2617 maepistolaloltannis,
1988 2527 2296 2625 incapiteitertio:
2337 2534 2521 2606 Peccatum

498 2620 1489 2709 (11111111111111111118111111111ιί,Α1111111111111111,
1536 2644 1586 2697 est
1607 2628 1788 2720 iniquitas.
1839 2627 2038 2720 Respondit
2063 2629 2165 2700 lonas
2190 2634 2391 2725 interpretis
2410 2638 2522 2725 negli-

499 2752 541 2796 ex
555 2727 684 2820 quibus
699 2737 776 2794 orta
791 2737 841 2795 est
857 2723 986 2793 deinde
1006 2721 1224 2816 blasphemia
1238 2721 1489 2809 Mahometica‚
1537 2730 1653 2819 gentia
1664 2730 1938 2802 eruditissimam
1948 2734 2188 2802 definitionem
2203 2737 2423 2807 obscuratam
2439 2761 2521 2807 esse.

500 2829 628 2898 deinde
644 2839 677 2897 et
691 2827 869 2920 querelam
887 2824 1024 2895 addidit
1050 2828 1094 2894 de
1113 2826 1327 2916 negligentia
1339 2828 1489 2918 scripto·
1537 2831 1584 2903 Ut
1600 2833 1694 2899 enim
1712 2832 1925 2921 privationes
1940 2834 2160 2925 definiuntur
2174 2837 2370 2922 collatione,
2386 2855 2521 2908 ut'cum

500 2955 580 3002 rum
602 2930 815 3013 recentium,
848 2928 1059 3018 inquorum
1083 2928 1384 3018 disputationibus
1408 2954 1489 2998 vere
1537 2934 1686 3002 dicimus
1712 2935 1875 3001 tenebras
1898 2959 1970 3003 esse
1995 2937 2229 3024 privationem
2252 2939 2358 3019 lucis,
2392 2940 2439 3009 ita
2466 2939 2521 3009 lo-

501 3029 578 3103 boc·
590 3031 734 3115 accidit,
767 3044 806 3100 ut
837 3029 937 3121 plura
963 3030 1034 3098 sint
1060 3022 1230 3127 πάρεργα
1252 3054 1357 3122 quam
1387 3027 1488 3127 ἔργα.
1537 3030 1691 3102 1111111111
1713 3036 1903 3104 rectissime
1921 3037 2086 3115 definire,
2114 3053 2294 3127 peccatum
2311 3064 2394 3119 esse,
2421 3042 2522 3133 quic-

499 3132 575 3219 Est,
598 3133 715 3227 inquit
735 3132 839 3212 filius,
864 3131 998 3219 integra
1019 3133 1133 3221 imago
1149 3133 1282 3200 aeterni
1299 3131 1406 3221 patris
1426 3127 1489 3201 καὶ
1536 3135 1623 3228 quid
1648 3149 1699 3205 est
1721 3134 1935 3205 contrarium
1958 3138 2044 3224 legi,
2078 3132 2100 3229 ἡ
2121 3134 2288 3232 ἁμαρτία
2312 3136 2413 3213 ἐστὶν
2434 3142 2522 3214 ἀνο-

498 3231 743 3334 ὑφισταμένη,
752 3226 880 3332 Λόγος
895 3247 1011 3303 aulem
1029 3234 1160 3304 dicitur
1174 3257 1247 3303 non
1265 3234 1391 3316 solunt,
1406 3232 1489 3326 quia
1535 3233 1615 3327 μία.
1669 3235 1801 3306 Noctua
1824 3252 1875 3307 est
1897 3238 2075 3322 iusticias,
2103 3241 2155 3308 fex
2175 3238 2261 3320 Dei,
2288 3266 2377 3335 qttae
2394 3258 2445 3313 est
2468 3269 2522 3313 sa·

502 3339 612 3433 patris
635 3360 711 3421 sese
734 3334 907 3405 intuentis
932 3334 1145 3423 cogitatione
1172 3337 1312 3424 genitus
1333 3347 1402 3419 est,
1429 3336 1488 3403 sed
1539 3339 1669 3431 pientia
1704 3340 1741 3406 iu
1770 3339 1843 3409 Deo
1877 3355 2017 3410 aeterna
2047 3356 2082 3411 et
2107 3342 2272 3423 immota,
2305 3346 2405 3415 cuius
2433 3347 2521 3415 radii

500 3442 625 3521 etiam,
658 3438 742 3529 quia
774 3458 836 3527 per
864 3457 945 3504 eum
967 3437 1166 3520 decretum,
1203 3441 1246 3508 de
1268 3450 1341 3507 toto
1364 3439 1490 3505 ordine
1538 3441 1704 3510 transfusi
1727 3455 1809 3510 suut
1832 3443 1870 3510 iu
1896 3445 2083 3512 rationales
2107 3458 2301 3524 creaturas,
2328 3460 2361 3513 et
2377 3470 2466 3536 quae
2484 3448 2521 3514 in

503 3537 693 3609 creationis
719 3549 753 3606 et
776 3535 1008 3606 restitutionis
1037 3535 1183 3607 humani
1201 3539 1339 3630 generis
1355 3537 1488 3605 dictum
1538 3542 1820 3631 promulgatione
1844 3543 2007 3628 Decalogi
2042 3547 2187 3633 repetita
2217 3559 2281 3616 est.
2335 3543 2520 3617 Contraria

502 3655 572 3712 est:
602 3637 672 3709 Hic
688 3652 740 3709 est
754 3639 898 3728 augelus
912 3640 1029 3730 magni
1047 3641 1203 3721 consilii,
1232 3639 1490 3731 proferensad·
1537 3637 1619 3709 huic
1651 3663 1795 3707 tturtuae
1820 3653 1854 3708 et
1879 3641 2070 3729 sapientiae
2100 3667 2184 3710 suae
2207 3646 2302 3712 Deus
2322 3649 2467 3721 damnat
2489 3666 2523 3721 et

503 3745 705 3813 mirandum
729 3756 762 3813 et
784 3765 949 3811 arcanum
975 3747 1172 3828 decretum,
1195 3746 1240 3811 de
1262 3738 1489 3811 1111111111-
1538 3756 1673 3833 peccata
1690 3741 1870 3823 nominat,
1896 3766 1935 3808 ac
1953 3753 2150 3830 propterea
2174 3743 2333 3811 fontibus
2349 3747 2521 3831 irascitur,

504 3847 587 3926 11111,
613 3869 652 3914 ex
669 3844 750 3915 sinu
764 3843 897 3914 aeterni
913 3846 1032 3936 patris,
1048 3858 1149 3915 sonat
1167 3871 1287 3914 vocem
1305 3840 1489 3932 Evangelii
1536 3860 1569 3914 et
1589 3867 1648 3912 eos
1665 3842 1825 3915 destruit.
1876 3839 1928 3911 Ac
1943 3844 2086 3932 adparet
2106 3840 2275 3911 loannem
2298 3861 2430 3916 motum
2448 3872 2520 3919 esse

502 3950 547 4016 ad
565 3944 680 4018 Adam
695 3961 729 4018 et
745 3944 882 4018 Hevant
892 4001 903 4032 ,
927 3961 1042 4016 servat
1058 3971 1154 4016 nunc
1170 3971 1311 4039 quoque
1328 3945 1490 4014 ministe·
1537 3947 1677 4016 licentia
1691 3969 1832 4027 eorum,
1858 3945 1919 4036 qui
1934 3970 1974 4012 111
1990 3946 2152 4033 gentibus
2169 3948 2212 4014 ad
2228 3943 2420 4017 Ecclesiam
2436 3975 2522 4019 con·

502 4051 596 4120 rium
613 4044 819 4139 Evangelii,
851 4063 885 4120 et
910 4073 993 4117 voce
1015 4045 1198 4138 Evangelii
1222 4048 1308 4118 dicit
1330 4047 1489 4116 consola.
1537 4048 1629 4116 versi
1653 4060 1773 4132 eraut,
1798 4048 1928 4138 quibus
1949 4049 2167 4116 ostendenda
2190 4048 2258 4119 fuit
2279 4074 2400 4118 norma
2425 4057 2521 4121 unde

503 4154 636 4223 tionem
653 4151 692 4219 in
706 4151 890 4234 cordibus,
916 4165 1088 4222 monstrat
1111 4165 1262 4242 patrem,
1290 4150 1407 4219 reddit
1423 4173 1489 4216 no·
1538 4150 1750 4228 iudicarent,
1776 4173 1866 4240 quate
1885 4149 1974 4217 mula
1992 4149 2063 4218 siut
2079 4175 2098 4218 a
2115 4147 2190 4219 Deo
2206 4155 2389 4235 damnata,
2411 4156 2523 4223 dedu-

502 4255 558 4326 bis
580 4255 708 4334 vitam,
733 4266 768 4323 et
788 4256 849 4324 dat
863 4254 1036 4344 Spiritum
1062 4269 1240 4333 sanctum,
1267 4253 1328 4345 qui
1353 4253 1390 4320 in
1410 4275 1489 4320 cor·
1537 4253 1584 4321 cit
1599 4252 1707 4341 igitur
1723 4273 1786 4319 uos
1804 4251 1846 4318 ad
1866 4251 1996 4338 legem,
2009 4270 2131 4344 *quam
2149 4266 2241 4322 recte
2257 4254 2332 4321 vult
2349 4255 2510 4345 intelligi.

501 4359 607 4428 dibus
631 4356 825 4440 laeticiam,
857 4355 1136 4440 invocationem,
1163 4369 1197 4425 et
1219 4354 1377 4423 accendit
1401 4353 1489 4422 alios
1638 4351 1886 4421 Delectabatur
1909 4365 1944 4420 et
1964 4353 2199 4424 similitudine
2219 4380 2323 4448 quam
2353 4357 2522 4429 recitabat

502 4462 587 4530 tales
610 4473 747 4546 motus,
773 4458 889 4553 qualis
904 4470 954 4526 est
976 4458 1068 4547 ipse,
1094 4459 1239 4526 undeet
1256 4453 1410 4546 Spiritus
1427 4479 1490 4545 ap-
1537 4455 1580 4527 D.
1598 4455 1823 4523 Pomerauus.
1879 4451 1925 4524 Ut
1939 4457 2094 4523 11111111
2110 4480 2236 4545 magno
2251 4457 2465 4542 aestimatur,
2489 4475 2524 4529 et

503 4562 646 4653 pallatio
661 4576 723 4645 est,
749 4562 833 4654 quia
850 4559 952 4630 tertia
968 4582 1115 4649 persona
1135 4559 1184 4626 sic
1201 4558 1304 4626 nobis
1319 4556 1487 4647 patefacta
1537 4571 1675 4626 amatur
1690 4569 1832 4646 propter
1848 4581 2040 4644 getntuatn,
2066 4560 2320 4642 Adamautem,
2344 4575 2406 4629 aut
2422 4558 2523 4630 Sma-

503 4675 571 4746 est,
599 4663 693 4754 quod
708 4663 849 4730 divinos
865 4675 982 4730 motus
1000 4661 1038 4728 iu
1056 4661 1161 4728 corde
1180 4659 1347 4726 accendit.
1538 4661 1695 4742 ragdum,
1719 4682 1791 4726 uon
1808 4673 1951 4747 propter
1966 4683 2103 4743 11111111,
2130 4661 2179 4729 111
2193 4662 2337 4730 dicitur:
2364 4660 2451 4731 Fide
2468 4663 2523 4731 iu-

607 4759 648 4831 11
669 4756 760 4830 banc
773 4761 1143 4831 commemorationem
1162 4759 1338 4844 ingressus
1353 4751 1488 4827 Luthe·
1537 4759 1677 4826 stificari
1705 4754 1867 4828 homiues
1903 4774 2046 4850 propter
2077 4787 2270 4851 gemmam,
2306 4766 2418 4835 lilium
2448 4763 2523 4849 Dei,

501 4888 562 4934 sus
578 4864 689 4935 multa
706 4862 800 4931 dicta
817 4862 1020 4945 enarrabat,
1045 4855 1115 4953 τὴν
1131 4855 1250 4955 ἀρχὴν
1266 4854 1322 4930 ὅτι
1337 4853 1402 4931 καὶ
1424 4861 1488 4928 λα·
1537 4855 1628 4928 hanc
1643 4877 1759 4929 atatem
1776 4885 1950 4954 gemmam
1967 4861 2034 4931 tide
2051 4865 2307 4954 amplectimur.

500 4972 553 5039 λῶ
569 4961 687 5062 riuis(
724 4959 772 5036 Et
787 4963 824 5032 in
841 4964 1031 5036 Salomone
1046 4966 1090 5033 de
1106 4963 1296 5056 sapientia:
1322 4960 1391 5032 Fui
1407 4984 1487 5029 cum
1649 4961 1738 5030 Cum
1786 4957 1963 5031 loachimo
2003 4964 2203 5035 Camerario
2245 4969 2439 5041 disserebat
2480 4971 2523 5038 de

501 5095 543 5140 eo
560 5071 704 5155 artifex,
730 5068 858 5138 ludens
875 5066 912 5134 in
929 5068 1014 5136 orbe
1030 5079 1142 5138 terrae
1157 5092 1257 5150 suae,
1283 5078 1316 5135 et
1334 5066 1487 5134 delecta·
1536 5064 1696 5133 omnium
1715 5078 1865 5133 aetatum
1890 5058 2067 5149 historiis,
2093 5071 2137 5135 de
2159 5069 2390 5159 imperiorum
2409 5082 2521 5142 mubi-

498 5171 612 5242 tiones
627 5194 725 5240 meae
740 5195 819 5240 eum
834 5170 916 5242 filiis
934 5165 1131 5238 hominum.
1160 5169 1256 5258 Quid
1272 5169 1410 5239 dulcius
1427 5179 1487 5249 est,
1537 5168 1694 5238 tionibus
1712 5182 1744 5236 et
1766 5165 1937 5257 periodis,
1959 5181 1993 5236 et
2009 5192 2129 5235 earum
2147 5172 2280 5254 causis,
2307 5181 2350 5245 de
2372 5167 2520 5242 motibus

499 5274 636 5368 inquit,
671 5269 735 5341 hac
757 5273 946 5353 sententia,
979 5273 1023 5341 de
1054 5271 1126 5340 filio
1150 5272 1243 5339 enim
1266 5269 1486 5347 dicitur‚.in
1535 5270 1744 5340 coelestibus
1769 5282 1804 5337 et
1825 5270 1868 5336 de
1893 5270 2057 5362 syderum
2083 5271 2277 5346 effectione.
2341 5274 2454 5345 Multa
2487 5298 2521 5351 et

498 5400 569 5469 quo
593 5376 702 5463 fulget
726 5370 802 5441 idea
830 5375 960 5463 opificii
975 5373 1119 5454 mundi,
1142 5386 1175 5441 et
1190 5372 1249 5465 qui
1267 5392 1302 5440 se
1326 5371 1487 5463 patefecit
1536 5378 1579 5440 de
1606 5367 1723 5461 phrapi
1748 5370 1785 5438 in
1814 5371 1915 5438 libris
1938 5373 2141 5460 apostolicis
2166 5377 2414 5446 sciscitabatur.
2468 5379 2520 5450 Ac

496 5479 618 5568 generi
640 5471 798 5544 humano
820 5474 914 5542 edita
932 5498 1035 5555 voce,
1061 5472 1154 5544 ludit
1179 5473 1350 5543 mirandis
1368 5474 1486 5565 operi·
1536 5488 1573 5542 ut
1594 5474 1693 5541 aiunt
1710 5471 1894 5542 Platonem
1913 5471 1963 5540 sic
1985 5497 2120 5545 amasse
2139 5471 2417 5574 vauoloymdv
2434 5486 2521 5552 scri-

497 5581 563 5650 bus
579 5581 617 5649 in
632 5574 809 5649 creatione
825 5587 859 5644 et
882 5575 919 5642 in
938 5572 1136 5662 colligenda
1151 5571 1317 5644 Ecclesia.
1371 5575 1486 5664 Quale
1536 5588 1652 5665 ptum,
1678 5575 1734 5644 cui
1760 5575 1884 5643 titulus
1902 5573 1971 5645 fuit
1986 5573 2172 5669 Sophron,
2194 5587 2233 5642 ut
2255 5579 2321 5644 sub
2337 5581 2520 5654 culcitram

496 5683 591 5750 enim
622 5678 860 5773 spectaculum
891 5689 942 5746 est
968 5671 1124 5746 bominis
1156 5675 1337 5759 formatio,
1368 5676 1485 5768 qualia
1534 5677 1734 5759 collocarit,
1760 5689 1801 5745 ut
1825 5677 1864 5744 in
1888 5678 1978 5746 lecto
1996 5679 2099 5747 etiam
2121 5682 2163 5744 ad
2182 5698 2325 5745 manum
2342 5698 2447 5770 esset,
2473 5689 2522 5758 sie

495 5784 690 5874 spectacula
705 5793 789 5850 suut
803 5778 1004 5870 adsumptio
1021 5790 1168 5848 naturae
1184 5772 1369 5860 humanae,
1395 5779 1485 5846 libe·
1535 5777 1707 5847 Ascanius
1721 5778 1861 5846 amabat
1878 5776 2108 5848 Solomonem
2125 5788 2159 5844 et
2174 5775 2370 5866 Sirarideu,
2397 5801 2430 5856 et
2447 5812 2521 5859 sae.

493 5885 582 5956 ratio
598 5881 720 5955 Nubae
737 5883 775 5951 in
794 5881 941 5967 diluvio,
969 5880 1093 5972 populi
1110 5880 1148 5948 in
1167 5876 1340 5971 Aegypto,
1369 5902 1484 5949 resur·
1535 5902 1578 5970 pe
1599 5881 1738 5952 dicebat
1762 5902 1908 5967 gnomas
1931 5902 2005 5948 esse
2028 5877 2193 5947 eximium
2214 5873 2369 5975 ἐφόδιον
2388 5889 2425 5957 11
2440 5892 2524 5977 vita,
