6025 6775
459 608 531 683 4„
1093 589 1358 666 rainneri
1396 584 1846 687 nannncnoms.
2406 603 2482 680 soe

558 774 593 850 8.
624 767 861 846 Defendimus
874 778 911 840 et
926 760 1170 837 exclusivama
1184 757 1297 834 Paulo
1313 760 1444 850 doceri,
1598 758 1673 833 Lex
1695 776 1835 837 tantum
1854 780 1993 840 accusat
2011 780 2047 840 et
2068 767 2299 857 condemnat,
2323 786 2359 846 et
2377 775 2481 851 affert

459 876 607 951 scilicet:
651 872 761 961 Quod
793 870 868 940 sola
899 868 968 936 fide
998 862 1247 949 iustificemur,
1285 858 1355 934 hoc
1376 877 1445 951 est,
1498 863 1780 954 desperationem
1796 877 1831 937 et
1846 866 1970 937 odium
1986 868 2072 939 Dei:
2105 891 2187 960 ergo
2210 870 2268 940 lex
2282 894 2357 941 non
2373 876 2479 948 iusti-

457 980 556 1073 quod
571 974 703 1045 fiducia
716 966 976 1041 misericordiae
991 987 1066 1033 uon
1087 966 1239 1056 pendeat
1258 987 1300 1033 ex
1317 964 1443 1036 condi·
1497 964 1595 1049 licat,
1628 965 1749 1059 itaque
1763 990 1838 1037 non
1853 970 1982 1059 pendet
2001 969 2202 1042 iustificatio
2219 993 2261 1041 ex
2273 972 2480 1048 conditione

458 1083 558 1152 tione
571 1088 714 1146 nostrae
727 1067 920 1159 diguitatiss
971 1062 1050 1135 lmo
1066 1059 1161 1136 nihil
1175 1065 1275 1136 aliud
1288 1065 1386 1138 venit
1403 1068 1443 1137 in
1494 1063 1602 1155 legis,
1626 1078 1794 1160 tanquam
1811 1090 1853 1138 ex
1867 1091 1971 1139 causa
1984 1081 2019 1138 et
2032 1072 2164 1161 precio.

458 1176 699 1273 quaestionem
715 1170 807 1261 apud
821 1165 994 1252 Paulum,
1016 1164 1088 1236 uisi
1105 1164 1168 1236 illa
1190 1166 1384 1251 exclusiva,
1409 1180 1446 1240 et
1596 1162 1694 1236 Haec
1713 1179 1796 1239 sunt
1823 1181 2027 1257 argumenta
2049 1168 2154 1241 Pauli
2162 1179 2179 1257 ‚'
2204 1169 2312 1250 Rom.
2327 1174 2364 1247 4.
2390 1195 2481 1270 quae

460 1277 533 1349 hoc
551 1274 691 1368 proprie
713 1266 881 1357 intelligit
902 1265 1058 1353 Paulus,
1090 1268 1227 1360 quoties
1247 1268 1313 1339 ait:
1354 1266 1444 1339 Fide
1494 1265 1647 1336 defendo
1664 1289 1737 1337 esse
1750 1269 1870 1352 timna,
1895 1282 1930 1339 et
1944 1271 2087 1362 propria
2104 1268 2188 1343 huic
2203 1298 2338 1348 causae.
2388 1275 2482 1347 Nos·

459 1379 697 1452 iustificamur.
747 1366 866 1453 Sentit
881 1368 994 1454 euim,
1019 1369 1115 1462 quod
1130 1367 1215 1440 iusti
1229 1369 1443 1460 pronuncie·
1494 1388 1563 1459 quo
1577 1360 1621 1438 τὸ
1648 1362 1760 1460 ῥητὸν
1778 1368 2018 1455 defendimus,
2043 1384 2077 1441 et
2098 1376 2309 1454 sententiam
2332 1401 2374 1447 ex
2394 1377 2482 1468 ipsis

459 1501 549 1560 mur,
573 1496 647 1544 non
660 1481 805 1563 propter
819 1482 978 1541 nostram
992 1468 1213 1559 dignitatem,
1238 1493 1356 1563 opera,
1373 1493 1442 1540 no·
1492 1463 1599 1537 Pauli
1613 1468 1731 1538 verbis
1748 1463 1949 1554 haurimus,
1974 1493 2081 1563 quam
2094 1494 2196 1565 saepe
2218 1475 2374 1548 inculcat
2385 1476 2481 1548 Pau·-

457 1579 621 1660 vitatem,
647 1574 707 1642 sed
724 1570 833 1661 gratis
845 1582 994 1667 propter
1004 1563 1200 1645 Christum.
1493 1565 1562 1637 lus.
1613 1562 1663 1639 Et
1684 1592 1765 1639 cum
1789 1569 1982 1639 adversarii
1995 1594 2071 1641 nou
2087 1575 2278 1646 retinentes
2290 1571 2337 1647 τὸ
2351 1573 2480 1669 ῥητὸν,

556 1672 595 1750 9.
631 1673 798 1744 Delendo
821 1674 867 1742 ad
890 1667 983 1743 hanc
1004 1670 1214 1742 sententiam
1240 1669 1384 1763 proprie
1407 1683 1443 1744 et
1493 1666 1641 1755 gignartt
1654 1670 1864 1740 sententiam
1878 1670 2142 1744 dissidentema
2160 1677 2276 1746 verbis
2291 1675 2415 1759 Pauli,
2439 1678 2479 1746 in

453 1788 546 1850 recte
562 1776 740 1869 quadrare
753 1785 976 1864 argumenta,
1000 1792 1091 1866 quae
1103 1771 1207 1843 affert
1222 1768 1367 1844 Paulus.
1494 1788 1564 1882 (pua
1583 1767 1694 1883 multa
1710 1768 1836 1840 insunt
1852 1783 1970 1861 aperte
1984 1772 2091 1861 falsa,
2117 1777 2246 1846 rectius
2266 1791 2318 1848 est
2335 1790 2479 1848 seuten-

633 1943 666 2017 1·
706 1946 765 2015 n
785 1944 1010 2016 tectonas
1029 1943 1265 2033 sontum·
1495 1877 1582 1935 '¹⁸¹⁰
1595 1879 1907 2058 tlt‘tinttt
1923 1874 2482 2066 *lassataslasatas

557 2078 718 2152 Credidit
731 2071 915 2148 Abraham
929 2071 1028 2160 Deo,
1052 2088 1088 2146 et
1100 2069 1390 2167 imputatum'est
1410 2071 1444 2142 ei
1494 2088 1570 2136 non
1585 2079 1668 2139 sunt
1681 2061 1913 2161 hyperbolae,
1937 2084 1999 2141 aut
2013 2072 2270 2167 synecdochae,
2293 2078 2384 2149 sicut
2400 2077 2482 2171 qui-

461 2184 504 2253 ad
521 2180 711 2251 iusticiam.
759 2176 830 2248 Hic
842 2174 1024 2267 Scriptura
1039 2169 1443 2268 pronunciatAbraham
1496 2169 1577 2238 dam
1603 2167 1782 2255 scribunt,
1801 2169 1879 2264 'qui
1901 2169 2201 2270 interpretantpr,
2230 2172 2384 2256 Paulum
2407 2199 2482 2250 sen-

457 2284 608 2369 iustum,
632 2279 715 2374 quia
730 2275 930 2350 crediderit.
959 2273 1075 2367 Igitur
1089 2276 1160 2344 fide
1173 2270 1415 2344 iustihcamnr.
1494 2267 1650 2384 rientem
1667 2268 1838 2387 tempori,
1863 2266 2048 2343 rhetoricis
2066 2286 2135 2344 ant·
2144 2275 2263 2367 potius
2279 2273 2481 2384 sophistieip

745 2442 797 2521 11·
826 2442 895 2518 'n
916 2438 1149 2541 sensatione·
1494 2369 2482 2564 11313311.;“;1ὅ111111111ῒῖ111ὶῖ

561 2579 766 2656 lustilimtio
788 2592 842 2648 est
866 2588 1005 2647 tautum
1025 2570 1184 2641 remissio
1209 2581 1443 2661 peccatorum,
1493 2580 1535 2638 ut
1550 2567 1675 2637 durius
1699 2570 1858 2660 castigati
1873 2567 2014 2659 ludaei,
2040 2577 2318 2666 superstitiosam
2336 2601 2483 2670 persua-

458 2683 551 2758 sicut
572 2683 733 2754 Psalmus
756 2679 822 2749 ait:
856 2674 960 2744 Beati
987 2695 1140 2766 quorum
1166 2670 1331 2742 remissae
1360 2686 1443 2742 sunt
1494 2668 1629 2737 sionem
1643 2669 1688 2737 de
1701 2669 1928 2757 ceremoniis,
1953 2695 2041 2766 quas
2065 2677 2342 2766 pertinacissime
2357 2679 2483 2748 delen-

454 2785 673 2878 iuiquitates.
728 2778 843 2868 Igitur
859 2795 982 2846 sumus
997 2771 1101 2852 iusti,
1126 2793 1201 2842 non
1215 2783 1362 2863 propter
1374 2796 1442 2842 no-
1493 2769 1642 2852 debant‚
1668 2769 1869 2846 abiicerent.
1920 2767 1976 2841 Ac
1991 2771 2117 2846 Ricius
2135 2778 2216 2866 plus
2236 2803 2343 2873 quam
2363 2780 2482 2849 iudai.

455 2901 546 2959 otras
560 2884 729 2963 virtutes,
755 2880 816 2950 sed
840 2874 962 2947 divina
982 2871 1241 2964 acceptatione,
1265 2896 1356 2964 quae
1378 2896 1442 2966 ap-
1494 2880 1567 2951 zat,
1593 2866 1656 2957 qui
1672 2864 1777 2939 Pauli
1794 2871 2005 2944 sententiam
2020 2877 2248 2950 transformat
2271 2881 2311 2948 in
2333 2878 2482 2947 durissi-

454 2987 582 3082 ΨΜ
598 2982 778 3073 indignos.
1494 2990 1590 3036 mam
1606 2960 1844 3060 hyberbolen,
1869 2985 1905 3042 et
1919 2974 2120 3059 contendit,
2143 2999 2217 3046 non
2232 2978 2349 3048 solum
2362 2999 2482 3047 mora-

789 3147 798 3164 ·
1493 3066 1589 3137 libus
1606 3067 1791 3158 operibus,
1817 3071 2001 3143 sedetiam
2025 3077 2234 3148 ceremoniis
2253 3077 2481 3150 tribuendam

518 3149 591 3229 111.
632 3152 692 3220 Eo·
711 3139 844 3217 ordene
866 3159 1070 3214 consuram
1092 3145 1132 3210 et
1153 3130 1373 3234 offensem».
1493 3190 1568 3239 οὔ,
1582 3166 1878 3247 iuffififfifiomm·

556 3276 739 3356 Abraham
759 3273 1021 3368 pronunciatur
1041 3270 1155 3342 iustus
1175 3282 1259 3341 ante
1289 3271 1441 3341 circum·
1597 3271 1657 3341 12.
1685 3264 1769 3339 Nou
1785 3267 2050 3342 redduntPauli
2065 3276 2289 3361 sententiam,
2314 3272 2482 3369 quihanc

453 3373 640 3462 'cisionemz
670 3377 781 3471 igitur
805 3372 1024 3448 circumcisio
1045 3396 1121 3442 non
1138 3370 1313 3445 iustificat.
1359 3368 1442 3443 Cir·
1494 3362 1737 3465 synecdochen
1767 3371 2102 3445 comminiscuntur:
2135 3374 2225 3447 Fide
2250 3375 2482 3451 iustificamur

458 3486 623 3563 eumcisio
653 3495 688 3555 et
716 3490 838 3572 postea
868 3476 984 3547 cultus
1005 3472 1091 3563 legis
1116 3467 1319 3543 hahuerunt
1339 3496 1442 3565 prac-
1492 3468 1688 3559 incoative',
1708 3470 1793 3563 quia
1806 3473 1893 3542 fides
1906 3488 2090 3563 regenerat
2103 3489 2138 3546 et
2153 3477 2256 3549 affert
2268 3499 2380 3549 novas
2393 3500 2482 3571 qua-

457 3584 650 3680 eeptallei:
675 3602 758 3670 ergo
771 3579 804 3649 si
819 3599 925 3670 opera
939 3573 1188 3661 iustificahant,
1208 3594 1348 3644 necesse
1363 3574 1442 3660 fuit,
1493 3574 1624 3645 litotes.
1690 3566 1739 3643 Et
1768 3572 1931 3660 iudicant
1956 3588 2098 3646 renatos
2120 3577 2238 3647 verius
2261 3592 2407 3671 propter
2426 3602 2483 3650 se-

461 3688 558 3758 idem
574 3679 817 3754 muraenam
834 3681 879 3748 de
894 3672 952 3746 his
966 3674 1144 3765 operibus.
1189 3670 1239 3744 At
1254 3686 1372 3764 aperte
1387 3687 1443 3745 te·
1493 3684 1643 3769 quentes
1658 3672 1844 3766 qualitates
1859 3671 1971 3745 iustos
1994 3697 2085 3758 esse,
2111 3701 2219 3771 quam
2242 3678 2394 3769 gratuita
2412 3679 2483 3750 im·

459 3800 575 3861 statur
592 3780 791 3872 Scriptura,
815 3772 998 3850 Abraham
1022 3789 1058 3847 et
1071 3771 1244 3846 Davidem
1268 3797 1343 3845 nou
1368 3799 1441 3847 esse
1494 3773 1690 3867 putatione.

457 3893 570 3961 iustos
592 3894 736 3976 propter
755 3881 871 3952 cultus
893 3878 999 3969 legis,
1024 3876 1134 3967 igitur
1156 3898 1272 3968 neque
1294 3877 1442 3947 morali·
1596 3872 1656 3947 15.
1691 3867 1741 3943 Et
1759 3894 1904 3964 prorsus
1925 3876 2120 3969 corrumpit
2139 3873 2245 3948 Pauli
2272 3880 2483 3953 sententiam

454 3992 523 4063 hus
538 3984 706 4081 operibus
722 3993 825 4054 aaut
841 3980 940 4054 iusti.
1089 4024 1099 4036 -
1493 3968 1712 4068 synecdoche
1732 3968 2055 4067 ,scholasticorum
2096 3976 2161 4072 qui
2189 3981 2482 4073 interpretantur,

912 4153 921 4170 ‚
965 4151 974 4168 ,
1029 4151 1038 4167 ‚
1295 4134 1306 4165 ,
1492 4076 1562 4144 fide
1576 4074 1819 4156 iustificamur,
1833 4073 1965 4145 scilicet
1979 4076 2129 4147 formata
2145 4073 2322 4153 charitate.
2349 4078 2483 4173 Aperte

479 4156 547 4235 Π·
586 4159 646 4229 3⁹³
663 4172 780 4228 “im
795 4167 1081 4243 mmmmm
1102 4148 1238 4238 &ique
1259 4162 1416 4236 ‘mim‘
1496 4175 1591 4245 enim
1614 4173 1830 4244 transierunt
1853 4172 2136 4246 iustificationem
2158 4181 2203 4248 ad
2223 4194 2343 4251 nostra
2365 4202 2483 4272 opera,

791 4255 909 4324 mim
931 4251 1093 4345 ”⁰9⁰⁰ii·
1493 4298 1574 4345 cum
1588 4271 1808 4344 contrarium
1827 4270 1914 4341 velit
1929 4271 2074 4346 Paulus.

553 4388 747 4466 Promissio
774 4387 934 4481 pendens
961 4407 1002 4453 ex
1035 4380 1240 4454 conditione
1260 4380 1366 4470 legis,
1403 4379 1441 4448 lit
1597 4371 1659 4445 14.
1699 4369 1742 4440 ln
1766 4385 1892 4464 quarto
1915 4390 2141 4465 argumento,
2174 4380 2237 4449 ubi
2258 4381 2360 4451 dicit:
2393 4379 2480 4453 Ideo

458 4503 603 4571 incerta,
1493 4497 1569 4545 non
1600 4474 1756 4567 pendere
1778 4472 2051 4563 promissionem
2073 4499 2116 4546 ex
2145 4479 2351 4551 conditione
2381 4479 2481 4569 legis,

559 4593 835 4667 Promissionem
872 4581 1169 4658 reconciliationis
1198 4591 1339 4673 oportet
1368 4600 1442 4649 esse
1493 4588 1536 4647 ut
1549 4588 1627 4648 rata
1641 4575 1706 4659 sit,
1729 4596 1804 4644 non
1820 4574 1980 4668 loquitur
1993 4577 2039 4647 de
2051 4578 2394 4673 praedestinatione,
2418 4584 2481 4653 sed

456 4708 570 4772 ratam
585 4709 620 4767 et
632 4707 776 4769 certam.
1493 4680 1539 4748 de
1557 4674 1768 4749 certitudine
1787 4689 1929 4747 nostrae
1942 4678 2071 4750 mentis
2084 4702 2165 4771 erga
2181 4675 2311 4756 Deum.

557 4796 671 4889 lgituc
689 4791 877 4889 promissio
896 4783 1194 4861 reconciliationis
1214 4805 1290 4854 nou
1310 4783 1443 4875 pendet
1596 4772 1657 4849 15.
1687 4771 1894 4848 Adversarii
1907 4803 2023 4874 neque
2037 4775 2082 4852 τὸ
2097 4774 2210 4875 ῥητὸν
2230 4782 2269 4852 in
2286 4778 2399 4853 Paulo
2423 4804 2482 4854 re·

460 4920 501 4968 ex
521 4898 725 4971 conditione
749 4894 836 4986 legis
843 4947 855 4981 ,
888 4893 950 4963 sed
971 4886 1143 4979 accipitur
1159 4886 1234 4956 sol'a
1254 4883 1343 4966 lide,
1366 4906 1442 4954 nou
1494 4881 1628 4966 tinent,
1653 4877 1737 4971 quia
1751 4881 1961 4951 sententiam
1980 4883 2158 4974 quandam
2180 4882 2331 4974 gignunt
2349 4905 2389 4952 ex
2411 4879 2483 4956 ho-

457 5011 605 5090 propter
619 4999 731 5088 legem
746 5010 808 5070 aut
821 5016 969 5090 operum
983 4988 1205 5080 dignitatem.
1494 5004 1597 5052 mana
1612 4980 1751 5103 rptione
1773 4993 1896 5050 contra
1919 4982 2026 5052 verba
2042 4980 2266 5075 Scripturae,
2289 5007 2406 5079 neque
2427 5000 2482 5059 te-

1307 5097 1312 5101 ·
1493 5095 1581 5152 nent
1601 5103 1672 5173 την
1695 5069 1889 5163 διάνοιαν,
1932 5083 2014 5173 quia
2043 5082 2082 5150 in
2114 5085 2273 5173 ipsorum
2307 5088 2483 5159 sententia

660 5166 844 5237 Mffl'mm
868 5156 1005 5253 11θῦ0*
1025 5144 1093 5229 'wi
1113 5149 1238 5226 mm·
1492 5183 1606 5254 multa
1637 5181 1762 5248 insum
1791 5179 1977 5252 manifeste
2008 5180 2115 5269 falsa,
2153 5197 2189 5254 et
2208 5187 2402 5278 pugnantia
2424 5188 2482 5259 tn.

557 5294 631 5368 Lex
652 5317 791 5388 semper
811 5305 947 5365 accusat
967 5302 1002 5360 et
1023 5286 1237 5359 condemnat
1258 5281 1443 5355 conscien·
1491 5295 1548 5353 tec
1566 5304 1614 5352 se.
2338 5309 2343 5318 ·

455 5403 537 5474 tias:
572 5397 685 5489 igitur
701 5394 888 5490 promissio
903 5393 1062 5486 pendeus
1076 5411 1118 5459 ex
1132 5383 1337 5460 conditione
1354 5383 1442 5476 legis
1595 5381 1655 5458 1⁶.
1688 5378 1780 5454 Nam
1794 5380 1978 5455 manifeste
1991 5383 2122 5456 falsum
2137 5399 2208 5475 est,
2238 5388 2482 5461 remissionem

454 5505 492 5576 tit
505 5505 652 5573 incerta.
1490 5494 1718 5576 peccatorum
1749 5483 1954 5576 contingere
1979 5498 2124 5580 propter
2148 5502 2306 5561 nostram
2328 5489 2483 5581 dignita-

553 5600 652 5677 Hinc
674 5601 784 5681 etiam
806 5599 958 5675 sumitur
980 5604 1227 5686 argumentum
1247 5589 1293 5664 de
1313 5586 1439 5683 effectu
1490 5597 1579 5657 tem:
1603 5608 1788 5681 nunquam
1802 5586 1899 5657 enim
1912 5587 1999 5660 certi
2015 5610 2170 5662 esserms
2192 5593 2238 5662 de
2262 5589 2484 5677 remissione,

451 5702 576 5799 logis,¹
1489 5686 1522 5761 si
1536 5710 1579 5762 er
1593 5688 1799 5766 conditione
1813 5696 1957 5768 nostrae
1970 5689 2155 5787 demotis
2169 5691 2351 5787 penderet.
2390 5689 2482 5787 ‘Ma-—
