6025 6775
545 705 620 782 625

548 872 673 956 certis,
703 878 738 937 et
766 861 828 960 qui
858 876 979 929 vocem
1003 847 1184 922 doctrinae
1203 842 1273 918 Dei
1294 845 1535 940 incorruptam

552 993 589 1051 et
607 976 781 1060 integram
803 966 915 1051 legem
938 968 973 1025 et
994 949 1264 1045 promissionem
1284 949 1328 1018 de
1343 949 1536 1040 mediatore

552 1071 787 1170 amplectitur.
851 1056 902 1133 Et
928 1056 1009 1127 talis
1035 1064 1087 1123 est
1109 1046 1285 1135 Ecclesia,
1313 1050 1432 1141 qualia
1454 1060 1538 1119 sunt

550 1183 617 1254 illa
634 1172 812 1256 membra,
838 1175 872 1233 ει
894 1156 1010 1255 qualis
1030 1166 1082 1224 εει
1102 1163 1221 1222 coetus
1242 1149 1455 1242 amplectens
1471 1173 1538 1219 vo-

552 1304 630 1356 cem
651 1271 832 1345 doctrinae
854 1264 1048 1350 integram,
1073 1251 1210 1324 etiamsi
1231 1265 1283 1322 est
1297 1273 1539 1336 aerumnosus,

554 1383 751 1474 dispersus,
776 1384 811 1439 et
826 1382 1013 1458 oppressus
1029 1353 1218 1445 multiplici
1233 1354 1432 1447 tyrannide.

655 1479 692 1553 6.
731 1471 804 1543 Nec
835 1463 1000 1555 fingimus
1028 1459 1145 1527 ideam
1180 1451 1419 1539 Platonicam,
1456 1477 1537 1524 cum

552 1579 748 1657 Ecclesiam
770 1573 809 1640 in
822 1564 898 1637 hac
920 1563 998 1633 vira*
1014 1557 1260 1640 nominamus,
1284 1557 1345 1625 sed
1361 1568 1540 1626 monstra·

553 1705 634 1757 mus
648 1673 844 1750 Ecclesiam
864 1663 1058 1742 visibilem,
1084 1681 1174 1751 quac
1194 1653 1353 1747 conspici
1376 1668 1412 1728 ει
1434 1678 1540 1773 exam.

555 1783 626 1858 diri
646 1779 781 1872 potest,
800 1772 897 1842 iurta
917 1765 1067 1836 dictum:
1094 1758 1136 1828 ln
1156 1780 1298 1827 omnem
1322 1769 1452 1828 terram
1466 1780 1540 1825 exr-

554 1888 608 1959 vit
621 1902 730 1954 sonus
743 1895 881 1947 eorum.
936 1860 1071 1957 Estque
1085 1859 1235 1929 visibilis
1250 1853 1405 1928 Ecclesia
1421 1870 1549 1952 coetus

554 1977 843 2077 amplectentium
863 1970 1105 2057 incorruptam
1119 1957 1307 2049 Evangelii
1329 1957 1540 2043 doctrinam,

555 2104 590 2161 ct
612 2098 704 2157 recte
725 2075 903 2151 utentium
924 2062 1180 2147 Sacramentis,
1205 2061 1243 2128 in
1265 2083 1336 2152 quo
1358 2059 1453 2131 filius
1471 2055 1541 2129 Dei

555 2212 639 2260 vere
662 2196 714 2254 est
734 2180 871 2261 efficax,
901 2183 936 2243 et
956 2169 1087 2239 multos
1110 2174 1292 2252 regenerat
1311 2184 1397 2232 voce
1418 2156 1541 2231 Evan-

557 2290 640 2383 gelii
668 2298 702 2355 ει
733 2278 870 2373 Spiritu
899 2285 1040 2354 sancto,
1085 2277 1120 2334 ct
1145 2263 1228 2334 lacit
1256 2257 1424 2332 haeredes
1449 2261 1541 2332 vitae

474 2444 477 2448 »
558 2404 731 2463 aeternae.
780 2378 829 2453 Et
852 2388 935 2447 sunt
956 2386 1074 2443 tamen
1099 2366 1138 2433 in
1160 2389 1201 2434 eo
1224 2374 1326 2432 coetu
1347 2362 1454 2432 multi
1468 2385 1543 2430 non

559 2489 689 2571 sancti,
712 2485 773 2555 sed
788 2494 908 2553 tamen
926 2476 970 2545 de
986 2466 1146 2541 doctrina
1161 2464 1428 2535 consentientes.

659 2590 698 2663 6.
736 2585 819 2657 Duo
849 2590 933 2651 sunt
963 2592 1090 2665 genera
1112 2566 1294 2638 doctrinae
1317 2567 1357 2636 in
1376 2562 1544 2649 Ecclesia,

449 2686 455 2698 ’
558 2695 643 2767 inde
662 2710 775 2781 usque
798 2685 844 2755 ab
865 2679 990 2760 initio,
1012 2694 1093 2743 cum
1107 2668 1223 2740 Adam
1245 2681 1280 2738 et
1294 2663 1394 2738 Heva
1411 2664 1544 2758 recepti

558 2809 661 2879 sunt,
686 2792 743 2860 lex
760 2800 794 2857 et
807 2776 1054 2869 Evangelium.
1105 2768 1187 2842 Una
1204 2781 1256 2838 cst
1270 2769 1326 2839 lex
1343 2767 1487 2886 moralis
1504 2768 1543 2835 in

559 2910 633 2973 tota
654 2888 875 2970 aeternitate,
900 2900 990 2975 quae
1010 2886 1062 2945 est
1081 2870 1253 2960 sapientia
1268 2881 1410 2941 aeterna
1424 2882 1459 2941 et
1476 2892 1546 2937 rm-

557 3011 654 3070 mota
685 3011 810 3062 norma
839 2980 999 3057 iusticias
1023 2976 1063 3045 in
1085 2974 1188 3058 Deo,
1222 2971 1427 3043 discernens
1452 2982 1545 3040 recta

380 3139 381 3145 ¹
487 3156 490 3162 -
560 3114 596 3173 ει
622 3119 697 3167 non
729 3102 841 3172 recta,
879 3081 1050 3177 patefacta
1080 3073 1247 3147 rationali
1277 3087 1475 3156 creaturae,
1506 3070 1545 3138 in

560 3200 755 3280 creatione,
779 3205 815 3262 et
833 3197 956 3280 postea
978 3201 1064 3252 voce
1089 3176 1211 3247 divina
1226 3196 1327 3263 saepe
1343 3171 1490 3265 repetita
1507 3170 1545 3240 in

557 3298 736 3378 Ecclesia,
761 3290 951 3365 ostendens
972 3281 1069 3376 quod
1090 3278 1137 3348 sit
1152 3276 1270 3357 Dens,
1295 3287 1329 3345 et
1352 3274 1467 3369 qualis
1489 3273 1546 3354 sit,

559 3418 597 3475 ει
619 3401 781 3488 obligans
802 3411 925 3467 omnes
950 3381 1138 3456 rationales
1159 3389 1354 3475 creaturas,
1386 3391 1421 3447 et
1445 3400 1545 3467 prac-

560 3502 714 3593 cipiens,
739 3510 781 3567 ut
802 3494 874 3564 sint
890 3507 1014 3560 omncs
1025 3483 1222 3553 conformes
1236 3474 1332 3563 Deo,
1356 3491 1389 3548 et
1406 3479 1548 3547 denun-

560 3606 659 3675 cians
675 3598 803 3667 iustam
818 3605 853 3662 et
866 3586 1084 3660 horrendam
1097 3582 1187 3650 iram
1199 3575 1269 3648 Dei
1285 3581 1451 3649 adversus
1465 3604 1547 3672 pec-

560 3718 657 3786 cata,
681 3721 772 3792 quac
793 3692 892 3764 Deus
913 3689 1077 3765 damnat,
1099 3694 1133 3750 et
1156 3681 1307 3751 destruit
1330 3703 1452 3750 omnes
1472 3704 1546 3750 non

561 3806 780 3886 conformes,
802 3793 874 3864 nisi
894 3790 954 3860 liat
975 3781 1134 3856 remissio
1156 3793 1190 3852 ct
1208 3781 1446 3852 reconciliatio
1464 3805 1547 3872 pru-

562 3922 643 3998 pter
656 3902 771 3973 filiurn
786 3893 1028 3968 mediatorem.
1185 3983 1195 4002 θ
1254 3982 1264 4002 ·
1404 3984 1413 4002 ι
1496 3984 1505 4003 ⁹

665 4004 702 4079 7.
741 3994 978 4087 Evangelium
999 4002 1050 4059 est
1073 3985 1289 4080 praedicatio
1310 3997 1548 4076 poemtentrae

564 4127 599 4184 et
618 4101 885 4202 promissionis,
909 4115 1000 4188 quae
1022 4112 1096 4160 non
1115 4101 1166 4158 est
1188 4086 1342 4157 naturali
1356 4088 1435 4158 luce
1453 4100 1549 4171 nota,

564 4214 623 4285 sed
647 4235 687 4280 ex
709 4226 838 4279 arcano
858 4195 1007 4270 consilio
1029 4189 1226 4263 divinitatis
1248 4211 1311 4279 per
1333 4188 1447 4258 lilium
1464 4213 1546 4280 pro·

563 4318 635 4386 lata
655 4326 726 4390 est,
760 4304 824 4400 qui
844 4301 973 4371 missus
994 4307 1062 4379 εει,
1094 4306 1135 4363 ut
1159 4305 1304 4384 propter
1328 4314 1409 4362 eum
1432 4304 1466 4361 et
1480 4314 1550 4384 per

564 4440 645 4487 cum
675 4407 878 4481 immediate
907 4397 1093 4485 colligatur
1121 4387 1300 4472 Ecclesia,
1342 4393 1550 4464 ostendatur

562 4511 808 4587 misericordia
831 4502 901 4577 Dei
927 4521 1013 4570 voce
1036 4491 1241 4582 Evangelii,
1274 4505 1309 4562 et
1337 4495 1467 4563 dentur
1493 4517 1551 4562 re-

563 4615 685 4686 missio
715 4620 957 4705 peccatorum,
989 4594 1250 4678 reconciliatio,
1282 4593 1469 4684 imputatio
1492 4594 1550 4663 iu-

564 4716 703 4800 sticiae,
727 4707 915 4781 vivificatio
930 4717 964 4774 et
980 4698 1127 4773 donatio
1142 4694 1295 4785 Spiritus
1311 4694 1442 4777 sancti,
1465 4689 1550 4763 hae-

564 4816 696 4891 reditas
717 4815 811 4884 vitac
830 4821 1012 4886 aeternae,
1047 4796 1206 4871 iusticiae
1228 4809 1263 4867 et
1284 4794 1415 4885 gloriae
1439 4807 1545 4865 aeter.

564 4942 650 4999 nac,
676 4915 804 5006 gratis,
828 4911 898 4980 fide
912 4900 1167 4997 accipientibus
1181 4896 1451 4989 promissionem
1467 4919 1550 4986 pro-

562 5035 641 5116 pter
653 5017 897 5091 mediatorem.
1247 5102 1256 5120 .
1344 5084 1347 5089 Α

543 5177 546 5183 -
666 5122 704 5193 8.
738 5117 819 5189 Ειεί
839 5115 896 5184 lex
918 5128 1061 5205 quoque
1080 5102 1320 5175 testimonium
1344 5112 1395 5170 est
1418 5100 1464 5168 de
1480 5092 1550 5169 Ec-

1316 669 1801 752 DlSPUTATIONES

2495 688 2574 764 624

1687 847 1724 918 9.
1761 845 1843 918 Non
1873 848 2038 921 invocant
2067 874 2193 924 verum
2216 849 2333 924 Deum
2358 851 2575 939 Mahometiff

1585 963 1675 1035 stae,
1700 964 1735 1021 et
1749 973 1873 1020 omnes
1887 950 1946 1019 alii
1961 951 2076 1041 ignari
2090 966 2125 1023 et
2140 950 2261 1025 hostes
2273 951 2426 1041 Christi,
2448 973 2489 1030 ut
2502 956 2570 1032 hoc

1586 1065 1744 1144 tempore
1771 1052 1973 1122 defensores
1997 1051 2134 1126 Serveti
2161 1071 2197 1127 et
2220 1058 2375 1143 similes,
2400 1059 2490 1153 ‘quia
2512 1049 2579 1154 qui

1587 1152 1700 1222 tilium
1715 1177 1789 1224 non
1806 1148 1978 1239 honorat,
2003 1177 2076 1225 non
2091 1150 2246 1228 honorat
2262 1173 2411 1250 patrem.
2513 1164 2520 1184 '

1651 1302 1660 1327 ⁸
1690 1255 1751 1359 10.
1775 1284 1948 1359 Universa
1964 1287 2138 1382 scriptura
2151 1292 2279 1363 veteris
2295 1305 2329 1361 et
2346 1294 2433 1363 novi
2450 1294 2576 1369 Testa·
2678 1357 2693 1374 ,

1588 1388 1702 1460 menti
1739 1389 1911 1482 praecipit
1946 1388 2113 1460 invocare
2140 1390 2318 1468 Messiam.
2384 1390 2433 1466 Et
2464 1400 2577 1487 igitur

1588 1490 1738 1561 Messias
1767 1491 2001 1582 omnipotens
2066 1488 2136 1561 Hic
2164 1508 2352 1586 perpetuus
2382 1519 2575 1570 consensus

1588 1591 1774 1662 universae
1797 1591 1990 1683 scripturae
2013 1593 2058 1665 sit
2071 1598 2121 1662 in
2134 1608 2322 1686 conspectu
2337 1598 2428 1668 etad
2441 1599 2574 1669 confir-

1589 1694 1759 1780 mandum
1775 1694 1913 1782 dogma,
1934 1696 2029 1789 quod
2041 1694 2149 1782 filius,
2171 1697 2233 1789 qui
2246 1709 2297 1766 cst
2312 1697 2424 1785 imago
2438 1702 2571 1772 aeterni

1589 1793 1718 1885 patris,
1750 1795 1796 1864 sit
1816 1794 1929 1877 Deus,
1963 1808 1998 1868 ct
2023 1796 2069 1866 ad
2093 1798 2354 1870 exuscitandam
2377 1798 2571 1872 invocatio·

1590 1918 1682 1967 nem.

1695 2028 1754 2100 11.
1802 2019 1916 2101 Filius
1948 2031 2155 2104 nominatur
2185 2024 2311 2133 λόγος,
2351 2059 2425 2107 non
2456 2036 2574 2109 solum

1591 2130 1675 2225 quia
1702 2130 1913 2219 cogitatione
1929 2132 2045 2223 patris
2072 2134 2249 2223 nascitur,
2280 2136 2467 2208 sedetiam
2488 2140 2574 2231 quis

1592 2246 1644 2303 est
1670 2255 1820 2325 persona
1846 2234 1970 2318 missa,
2000 2246 2041 2306 ut
2063 2259 2126 2327 per
2148 2260 2225 2306 earn
2247 2237 2452 2310 immediate
2472 2240 2575 2309 colli-

1592 2347 1694 2425 gatur
1708 2330 1885 2420 Ecclesia,
1909 2336 2090 2426 proferens
2102 2332 2338 2429 Evangelium
2361 2339 2500 2428 eqsinu
2514 2363 2573 2410 ae-

1592 2435 1686 2504 terni
1709 2436 1839 2525 patris,
1860 2459 1948 2528 quae
1969 2460 2107 2529 semper
2127 2441 2223 2510 adest
2235 2436 2432 2521 Ecclesiae,
2454 2454 2576 2511 osten-

1592 2536 1648 2606 dit
1669 2535 1893 2606 credentibus
1914 2538 2026 2629 patris
2047 2539 2319 2610 misericordiam
2341 2566 2430 2612 voce
2451 2537 2576 2612 Evan-

1592 2636 1696 2728 gelii,
1730 2651 1764 2707 ει
1785 2636 1939 2709 vivificat
1959 2662 2039 2722 eos,
2071 2653 2107 2710 et
2129 2641 2190 2710 dat
2210 2638 2381 2730 Spiritum
2401 2656 2577 2729 sanctum,

1592 2749 1707 2809 servat
1726 2737 1963 2808 ministerium
1979 2735 2163 2828 Evangelii
2179 2754 2214 2812 et
2227 2736 2425 2818 Ecclesiam.
2477 2741 2577 2816 Haec

1592 2838 1676 2910 facit
1705 2838 1789 2909 inde
1820 2861 1930 2931 usque
1953 2841 1997 2910 ab
2017 2840 2121 2911 initio
2146 2853 2181 2913 et
2206 2840 2395 2935 antequam
2413 2847 2577 2916 assumsit

1593 2935 1786 3009 humanam
1813 2953 1996 3025 naturam,
2026 2954 2059 3011 et
2083 2942 2240 3011 nuncin
2264 2958 2390 3015 natura
2412 2960 2578 3019 assumta.

1593 3040 1691 3112 Haec
1713 3041 1954 3133 interpretatio
1976 3042 2222 3133 adpellationis
2245 3036 2355 3143 λόγος
2375 3045 2579 3120 dulcissima

1595 3156 1665 3229 est,
1689 3156 1724 3214 et
1746 3142 2013 3213 commonefacit
2036 3166 2101 3213 nos
2122 3144 2168 3214 de
2188 3159 2357 3235 perpetua
2381 3149 2579 3238 praesentia

1594 3258 1629 3316 et
1648 3244 1800 3314 efficacia
1821 3244 1886 3313 filii
1909 3244 1974 3314 Dei
1995 3244 2032 3313 in
2048 3242 2216 3320 Ecclesia.
2267 3244 2442 3337 Congruit
2461 3262 2579 3321 autem

1595 3370 1675 3416 cum
1695 3345 1806 3417 dicto:
1832 3343 1947 3417 Filius
1962 3346 2025 3439 qui
2040 3359 2091 3417 εει
2107 3345 2147 3417 in
2160 3347 2368 3441 sinupatris
2384 3349 2460 3442 ipse
2474 3375 2579 3423 enar-

1596 3449 1687 3520 ravit
1701 3449 1817 3523 nobis.
1859 3446 1966 3518 ltem:
1991 3445 2060 3542 τὴν
2075 3443 2195 3541 ἀρχὴν
2210 3443 2266 3521 ὅτι
2281 3445 2346 3522 καὶ
2361 3455 2460 3546 λαλῶ
2474 3448 2578 3546 ὑμῖν.

1596 3549 1699 3620 ltem:
1726 3547 1837 3620 Nemo
1861 3551 1961 3621 novit
1981 3563 2115 3643 patrem
2136 3551 2206 3620 nisi
2224 3550 2337 3634 iilius,
2363 3566 2398 3626 ει
2414 3555 2471 3626 cui
2484 3557 2581 3630 volet

1594 3652 1689 3722 filius
1702 3654 1870 3724 revelare.

1624 3876 1626 3883 Ι
1699 3788 1757 3858 12.
1805 3780 1891 3854 Εεεε
1919 3797 2036 3855 autem
2063 3778 2178 3884 λόγον
2204 3782 2487 3884 ὑφιστάμενον.
2518 3819 2580 3866 seu

1596 3910 1800 3981 personam,
1823 3886 1934 3956 multa
1955 3887 2050 3956 dicta
2072 3901 2262 3975 testantur,
2287 3914 2377 3983 quae
2391 3893 2576 3963 adfirmant

1597 4013 1677 4061 eum
1701 4011 1774 4058 esse
1798 3999 1986 4081 antequam
2006 3992 2169 4060 assumsit
2192 3986 2381 4063 humanam
2399 4006 2574 4065 naturam.

1598 4092 1798 4182 Antequam
1822 4082 2004 4159 Abraham
2025 4104 2223 4177 natusest,
2252 4115 2316 4183 ego
2334 4114 2423 4164 sum.
2473 4090 2577 4181 Item,

1597 4191 1728 4262 Paulus
1748 4191 1794 4259 sd
1812 4185 2032 4260 Corinthios:
2057 4188 2234 4265 Bibebant
2253 4218 2295 4263 ex
2317 4193 2493 4283 spirituali
2515 4221 2577 4267 co-

1597 4293 1744 4363 mitante
1759 4314 1818 4360 cos
1831 4304 1946 4382 petra,
1971 4289 2077 4363 Petra
2094 4307 2212 4365 autem
2225 4307 2297 4365 erat
2305 4290 2478 4369 Christus.
2528 4295 2579 4371 Et

1598 4390 1721 4466 Iohan.
1744 4392 1819 4465 17.:
1847 4389 2017 4463 Glorilica
2040 4418 2099 4463 mc
2118 4410 2218 4487 pater
2238 4397 2329 4486 apud
2346 4408 2437 4467 teca
2454 4400 2581 4490 gloria,

1599 4519 1704 4588 quam
1720 4490 1830 4565 habui
1844 4497 1936 4586 apud
1954 4507 2004 4579 tc,
2029 4510 2215 4589 antequam
2231 4497 2300 4566 fuit
2315 4500 2482 4573 mundus.
2533 4499 2582 4575 Et

1599 4598 1638 4664 in
1651 4591 1811 4684 Epistola
1829 4596 1872 4663 ad
1884 4591 2041 4666 Ebraeos
2052 4598 2257 4668 nominatur
2267 4598 2374 4684 filius,
2399 4624 2580 4697 perquem

1599 4696 1718 4767 omnia
1747 4697 1889 4766 condita
1918 4710 2011 4767 sunt.
2065 4697 2113 4769 Et
2141 4693 2201 4770 hic
2229 4700 2323 4771 filius
2351 4702 2482 4774 dicitur
2506 4728 2581 4776 esse

1599 4789 1831 4893 ἀπαύγασμα
1846 4797 1978 4888 gloriae
1991 4812 2025 4870 et
2039 4794 2221 4871 character
2233 4803 2448 4906 substantiae
2461 4808 2584 4898 patris.

1598 4896 1647 4970 Et
1665 4901 1707 4969 ad
1727 4895 1950 4969 Colossenses
1971 4899 2122 4986 dicitur,
2148 4904 2267 4974 omnia
2282 4912 2346 4994 p'er
2362 4905 2478 4996 ipsum
2496 4933 2583 4979 con·

1599 5002 1673 5072 dita
1695 5023 1779 5071 esse.
1830 5002 1937 5086 Item,
1962 5001 2055 5073 dicta
2072 4997 2245 5075 Iohannis
2264 5006 2379 5097 primo
2403 5006 2584 5083 etlohan-

1599 5103 1656 5172 nis
1685 5104 1828 5198 quinto:
1868 5103 1974 5174 Pater
2000 5127 2100 5175 meus
2131 5108 2378 5200 usquemodo
2406 5124 2583 5201 operatur,

542 5223 689 5308 cleris,
713 5242 798 5289 narn
818 5217 858 5285 in
882 5212 958 5283 sola
981 5230 1063 5279 vera
1076 5201 1234 5276 Ecclesia
1255 5225 1394 5295 semper
1413 5214 1551 5273 retenta
1599 5218 1634 5278 et
1649 5209 1717 5296 ego'
1728 5229 1865 5298 operor.
1915 5202 2079 5300 Denique
2091 5205 2163 5279 sint
2177 5208 2216 5277 in
2230 5222 2417 5301 conspectu
2429 5211 2584 5282 illustria

564 5341 620 5401 est
640 5326 778 5412 integra
800 5331 835 5388 et
855 5315 1062 5400 incorrupta
1081 5307 1168 5394 legis
1191 5307 1371 5388 doctrina,
1395 5317 1551 5377 caeterae
1599 5307 1818 5393 testimonia,
1844 5318 1883 5376 ut
1904 5306 1990 5375 fides
2011 5322 2047 5379 et
2068 5308 2248 5382 invocatio
2270 5309 2309 5379 in
2331 5311 2437 5389 nobis
2451 5312 2583 5384 confir·

565 5441 678 5503 sectae
712 5440 836 5494 omnes
863 5437 940 5484 eam
963 5419 1200 5499 corruperunt
1223 5417 1259 5475 et
1280 5405 1550 5478 mutilaverunt:
1599 5421 1754 5491 mentur,
1780 5420 1813 5478 et
1825 5406 2043 5480 celebremus
2055 5405 2149 5482 hanc
2160 5411 2358 5483 mirandam
2373 5413 2584 5501 bonitatem,

543 5547 684 5605 ‘tamen
707 5548 776 5596 vox
796 5511 984 5606 Evangelii
1004 5507 1148 5602 proprie
1170 5505 1254 5576 iacit
1275 5505 1464 5576 discrimen
1480 5503 1550 5577 Ec·
1599 5510 1695 5601 quod
1722 5530 1804 5577 vere
1826 5507 1919 5578 tilius
1941 5507 2009 5581 Dei
2030 5512 2160 5584 missus
2181 5513 2228 5584 sit
2249 5515 2295 5584 ad
2317 5510 2512 5588 Ecclesiam
2535 5520 2582 5590 ab

564 5633 690 5705 etesiae
711 5643 746 5699 et
767 5624 919 5697 aliarum
940 5610 1119 5705 gentium,
1149 5605 1240 5679 sicut
1262 5606 1379 5700 inquit
1399 5605 1550 5678 Paulus:
1598 5609 1722 5700 initio,
1754 5621 1789 5680 et
1815 5611 1911 5703 quod
1935 5636 2018 5684 vere
2041 5614 2087 5686 sit
2109 5628 2227 5686 custos
2247 5609 2443 5705 Ecclesiae,
2478 5621 2585 5693 etsit

563 5732 852 5804 Fundamentum
872 5716 972 5791 aliud
993 5709 1082 5807 poni
1101 5731 1175 5780 non
1194 5721 1325 5800 potest,
1350 5723 1488 5803 praeter
1500 5708 1552 5797 id,
1599 5711 1720 5780 efficax
1744 5734 1828 5780 voce
1851 5714 2052 5805 doctrinae,
2083 5727 2119 5789 et
2141 5737 2286 5809 agamus
2305 5716 2454 5807 gratiss,
2485 5725 2585 5819 quod

565 5834 661 5927 quod
677 5831 831 5924 positum
850 5836 921 5905 est,
945 5816 1041 5914 quod
1059 5825 1110 5885 est
1126 5806 1224 5883 lesus
1240 5803 1414 5883 Christus.
1598 5807 1665 5885 hoc
1689 5811 1854 5886 mirando
1875 5815 2018 5888 loedere
2038 5840 2196 5889 amorem
2216 5830 2361 5891 testatus
2382 5835 2453 5909 est,
2485 5826 2584 5918 quod
