6025 6775
437 619 441 634 ·
497 591 571 668 sos
1130 580 1393 656 nn1n1ev1
1434 579 1881 662 Mnnsnrnonts.
2447 588 2522 660 ooo
2651 569 2656 576 '

496 785 552 833 res
568 761 642 852 ipsa
660 756 825 829 ostendit.
868 750 1069 827 Ecdicium
1086 765 1155 824 est:
1180 751 1479 825 Fidesexauditu
1630 750 1695 831 26.
1727 753 1805 828 Etsi
1825 768 1944 826 autem
1960 756 2023 829 illa
2038 758 2190 828 fanatica
2206 761 2519 854 grandiloquentio

497 879 551 936 est
563 877 630 933 etc.
644 884 685 930 ac
703 860 884 929 docendae
900 870 984 929 suot
998 867 1148 939 mentes,
1170 869 1210 928 ut
1226 855 1334 926 verbo
1348 855 1481 947 scripto
1530 856 1651 928 turbat
1665 856 1820 946 multos,
1842 872 1961 929 tamen
1976 858 2126 929 sciamus
2146 860 2230 932 talia
2256 885 2394 955 semper
2412 863 2520 932 fuisse

495 964 754 1042 adsentiantur,
768 984 832 1030 nec
847 960 923 1029 sine
938 957 1047 1027 verbo
1060 955 1192 1047 scripto
1209 970 1383 1050 quaerant
1397 956 1484 1026 alias
1531 971 1568 1028 et
1588 959 1666 1028 fore
1687 959 1726 1028 in
1750 955 1907 1029 Ecclesia
1931 960 2143 1056 certamina,
2180 976 2215 1033 et
2237 987 2303 1034 nos
2327 963 2520 1055 perspicuis

498 1065 795 1142 illuminationes,
821 1073 861 1131 ut
875 1052 1141 1142 Enthusiastae,
1168 1072 1202 1130 et
1218 1059 1324 1132 multi
1339 1058 1484 1143 similes,
1531 1060 1745 1131 testimoniis
1766 1058 1981 1153 propheticis
2005 1076 2040 1132 et
2069 1064 2272 1153 apostolicis
2302 1066 2517 1150 muniamus,

498 1184 532 1240 0¹
553 1190 676 1238 ΜΕΝ
690 1160 940 1252 AnibaPtiitae
962 1159 1200 1235 mmmmm·
1532 1163 1623 1233 sicut
1639 1162 1808 1254 scripturo
1828 1177 1896 1236 est:
1920 1163 2081 1234 Lucerna
2094 1165 2245 1255 pedibus
2260 1167 2347 1237 meis
2369 1169 2519 1239 verbum

599 1285 660 1357 20.
678 1278 807 1348 ·Multi
831 1290 916 1349 sunt
938 1270 1137 1371 labyrinthi
1162 1277 1203 1346 in
1227 1276 1484 1349 Stenckefeldii
1532 1280 1645 1337 tuum.
1696 1264 1836 1339 Deinde
1857 1264 2067 1357 aspiciamus
2091 1289 2159 1336 nos
2187 1291 2347 1361 quoque,
2371 1271 2457 1362 quid
2481 1270 2522 1339 in

500 1387 654 1478 scriptis,
684 1380 735 1450 ait
757 1380 877 1450 Deum
905 1400 942 1448 se
963 1402 1039 1447 non
1061 1378 1146 1447 dare
1171 1403 1235 1470 per
1255 1380 1423 1464 verbum,
1449 1392 1484 1449 et
1532 1389 1614 1436 vera
1637 1364 1861 1438 invocatione
1882 1383 1916 1437 et
1937 1367 1976 1436 in
2001 1367 2241 1438 consolatione
2267 1370 2341 1440 fiat.
2407 1369 2521 1462 Saepe

499 1506 614 1560 igme„
638 1482 687 1553 ait
708 1504 773 1574 per
797 1480 981 1550 ministros
1000 1476 1190 1569 Evangelii
1214 1482 1292 1552 dari
1308 1479 1482 1572 spiritum
1532 1468 1666 1539 iactitat
1681 1467 1945 1539 Stenckseldius
1959 1492 2041 1540 suos
2060 1464 2347 1541 Enthusiasmos.
2371 1469 2440 1541 His
2455 1496 2520 1564 op·

497 1602 675 1670 sanctum,
717 1583 749 1652 si
780 1596 898 1653 tamen
940 1581 1010 1673 ipsi
1043 1576 1222 1654 habebant
1253 1578 1484 1679 Spiritum
1532 1593 1707 1661 ponamus
1722 1594 1826 1642 veros
1840 1571 1982 1641 dolores
1996 1572 2035 1639 in
2057 1572 2288 1643 conversione
2309 1597 2371 1642 seu
2394 1573 2521 1661 poeni-

496 1702 669 1760 sanctum.
711 1680 759 1754 Et
775 1684 826 1754 ait
842 1684 1031 1753 conciones
1045 1683 1209 1770 aliorum,
1227 1687 1299 1778 qui
1313 1707 1387 1754 non
1402 1695 1485 1753 sunt
1533 1671 1654 1756 tentia,
1680 1685 1716 1742 el
1731 1697 1830 1743 vertis
1845 1673 2115 1758 consolallones,
2140 1697 2231 1767 quae
2245 1674 2430 1744 fiunlfide.
2471 1672 2522 1743 ffi

494 1791 629 1876 sancti,
647 1787 754 1858 utiles
771 1807 856 1859 esse.
908 1782 1006 1855 Haec
1026 1784 1237 1858 donatistica
1262 1788 1368 1866 etiam
1385 1785 1485 1856 reiici
1532 1786 1650 1855 ΝΟΜ
1677 1774 1756 1844 n⁰¹i
1780 1787 1864 1844 ⁸¹1¹st
1885 1775 2051 1846 omnib&
2075 1775 2161 1867 P¹l⁸s
2194 1788 2229 1845 0¹
2252 1775 2456 1847 tofltlmtarl
2476 1778 2522 1846 ‘¹0

497 1904 713 1966 necesseest.
1533 1874 1583 1944 eis
1599 1897 1721 1944 vocem
1739 1875 1898 1948 divinam
1911 1877 2136 1948 manifestum
2153 1888 2216 1947 est.

598 2013 661 2082 21.
696 2005 822 2077 Toties
845 2006 1031 2078 contendit
1051 2018 1217 2076 naturam
1236 1997 1427 2073 humanam
1444 2003 1496 2070 in<
1635 2009 1697 2081 26,
1745 2008 1978 2106 Nequaquam
2012 2012 2137 2083 dicunt
2169 2007 2348 2082 Ecclesiae
2380 2025 2522 2083 nostra,

496 2108 641 2187 Christo
661 2133 736 2179 non
753 2131 828 2178 esse
844 2121 1040 2178 creaturam
1056 2120 1176 2197 postea
1194 2105 1296 2175 addit
1309 2104 1485 2196 interpre-
1532 2116 1644 2186 iustos
1658 2123 1746 2183 'esce
1776 2135 1856 2197 eos,
1897 2113 1960 2205 qui
1993 2114 2106 2182 securi
2132 2126 2167 2184 et
2195 2113 2273 2184 sine
2304 2114 2524 2202 poenitentia

496 2215 687 2296 illimem,
714 2235 749 2280 ὅθ
764 2210 864 2304 loqui
881 2211 925 2280 ¹¹0
939 2208 1196 2298 8¹⁰1lfi⁰⁸fi⁰¹¹⁰
1210 2220 1370 2280 mlum·
1409 2204 1484 2276 Nos
1533 2217 1678 2299 vivunt,
1704 2214 1795 2285 ebrii
1817 2209 2058 2305 voluptatibus
2076 2227 2137 2284 aut
2159 2214 2321 2285 fascinati
2343 2209 2523 2307 hypocrisi

496 2317 648 2388 dicimus
663 2327 827 2385 naturam
842 2306 1036 2381 humanam
1050 2333 1125 2379 non
1137 2308 1392 2379 amicssmesse
1406 2307 1484 2397 glo·
1533 2317 1780 2401 stercoribus,
1804 2331 1865 2387 aut
1884 2317 2109 2407 indulgentes
2129 2316 2384 2407 cupiditatibus
2399 2331 2523 2388 conus

496 2418 712 2498 rlfi⁰⁸l¹01¹0¹
735 2436 939 2507 qumquam
955 2412 1098 2483 ‹¹⁰⁰0ssssst
1114 2410 1288 2480 mellens
1306 2424 1340 2480 ²¹
1356 2409 1483 2479 ineffa-
1532 2419 1794 2493 conscientiam.
1861 2416 1932 2512 Sed
1958 2418 2186 2487 adfirmamus
2216 2417 2372 2486 in·voce
2399 2417 2524 2489 divina

498 2521 583 2590 billi
610 2516 739 2609 thila,
773 2514 1041 2598 lfflm⁰¹¹³¹¹¹³⁸s
1075 2526 1282 2604 miletius
1314 2511 1483 2582 mentite
1533 2520 1752 2592 severissima
1776 2520 1932 2612 praecipi
1954 2518 2222 2591 conversionem
2248 2540 2311 2589 seu
2335 2522 2523 2609 poeniten·
2581 2539 2584 2547 ’

499 2621 642 2691 (livinae
673 2632 708 2688 0¹
737 2616 873 2686 Ῑθθῑῑῑὶδ
903 2637 1074 2707 ⁵¹¹P⁸¹³¹¹³
1107 2614 1269 2710 munim?
1297 2615 1482 2685 bealorum
1532 2624 1638 2708 tiam,
1661 2637 1696 2695 et
1710 2623 1840 2693 scimus
1858 2622 1896 2690 in
1910 2622 2142 2694 conversione
2164 2643 2267 2692 veros
2288 2620 2429 2692 dolores
2449 2646 2523 2693 esse

496 2726 612 2807 doni,
641 2717 931 2811 lmpasslblllffls
963 2715 1131 2807 Regnum
1158 2729 1192 2785 et
1218 2714 1483 2790 sacerdotium.
1532 2739 1716 2817 oportere,
1742 2739 1779 2796 ut
1804 2721 1935 2794 inlo‘e'l
1955 2724 2211 2816 scriptumest:
2238 2721 2400 2794 Scindite
2416 2727 2524 2794 corda

495 2825 581 2920 qula
596 2819 684 2893 llaec
699 2841 965 2913 per80n³,qtlae
979 2816 1140 2889 estDeus
1155 2830 1189 2888 ei
1205 2812 1329 2905 homo,
1345 2817 1482 2905 colligit
1532 2839 1665 2912 vestra,
1702 2840 1737 2898 et
1759 2825 2010 2899 convertimini
2033 2827 2077 2894 ad
2102 2823 2298 2900 Dominum
2321 2822 2436 2895 Deum
2462 2850 2524 2895 ve..

490 2921 711 3008 Ecclesiam,
735 2921 895 2993 defendit
916 2934 952 2992 et
974 2932 1109 3007 servat,
1138 2935 1172 2991 et
1195 2943 1262 3010 pro
1283 2943 1323 2991 ea
1345 2942 1483 3009 semper
1532 2942 1658 2999 strum.
1717 2927 1823 2999 Item:
1854 2927 2011 3024 spiritus
2033 2927 2149 3016 arguit
2170 2928 2346 2997 mundum
2371 2929 2415 2996 de
2439 2951 2523 3017 pec.

368 3111 372 3120 Ι
498 3027 702 3111 lulertedll,
728 3022 876 3115 depellit
892 3020 1065 3093 Diabolos
1087 3021 1483 3107 el-ludlcaitntlndum,
1531 3043 1630 3115 cato,
1655 3031 1751 3123 quod
1770 3053 1843 3098 non
1859 3028 2062 3100 creduntin
2079 3051 2148 3103 me,
2198 3024 2523 3098 Horrendaetene.

498 3152 612 3226 neque
628 3142 747 3199 tamen
762 3126 922 3195 facienda
939 3139 991 3196 est
1006 3124 1167 3195 consutio
1182 3137 1403 3210 naturarum,
1417 3147 1481 3192 ne·
1531 3134 1616 3202 hrae
1639 3131 1776 3201 suntin
1798 3153 1925 3220 genere
1946 3126 2126 3209 humano,
2151 3127 2302 3198 retinere
2318 3128 2436 3213 idola,
2461 3142 2524 3200 aut

498 3231 714 3327 qneshiecto
737 3228 883 3299 alterius
905 3241 1063 3297 naturae.
1531 3234 1712 3325 epicureas
1741 3231 1947 3322 opiniones,
1984 3247 2019 3303 et
2048 3253 2122 3301 non
2149 3229 2241 3299 velle
2264 3231 2387 3300 audire
2409 3231 2524 3301 filium

599 3353 666 3424 22.
709 3345 822 3421 Recte
857 3348 960 3416 docet
988 3344 1156 3442 Synodus
1178 3340 1378 3437 Ephesius,
1410 3367 1481 3415 una
1531 3334 1600 3407 Dei
1633 3349 1698 3407 etc.
1761 3330 1889 3404 Esaiae
1916 3332 2062 3406 ultimo:
2114 3328 2174 3403 Ad
2196 3354 2304 3425 quem
2327 3332 2524 3423 respiciam,

496 3454 616 3528 Latria
641 3451 802 3522 invocari
826 3450 1013 3519 dominum
1044 3461 1207 3519 nostrum
1233 3448 1350 3518 lesum
1371 3443 1480 3518 Chri·
1531 3437 1603 3509 nisi
1626 3437 1670 3508 ad
1695 3436 1886 3510 contritum
1912 3437 2041 3529 spiritu
2064 3449 2098 3508 et
2120 3448 2329 3507 trementem
2345 3458 2524 3506 sermones

499 3571 591 3628 stom
605 3552 720 3625 Deum
741 3565 774 3623 et
798 3547 1001 3635 hominem,
1026 3551 1088 3644 qui
1113 3553 1258 3621 adsidue
1273 3574 1338 3640 pro
1355 3548 1481 3620 Eccle-
1532 3563 1640 3615 meos.

500 3662 549 3729 ¹¹⁸
572 3654 776 3740 ¹⁰¹⁸¹⁶¹¹¹¹¹2
802 3669 837 3726 ²¹
861 3678 937 3723 ⁰¹¹ss
961 3653 1113 3742 ⁰⁰¹¹¹d¹¹s
1145 3654 1320 3745 P¹⁰¹⁰8¹¹s
1352 3667 1480 3739 ‘emh
1632 3673 1694 3747 27.
1727 3672 1834 3745 Tales
1855 3675 1893 3743 in
1910 3674 2040 3768 quibus
2056 3686 2139 3744 sunt
2157 3671 2259 3744 initia
2276 3673 2525 3763 poenitentiae,

499 3775 533 3832 0¹
549 3756 714 3831 ⁸²¹V³b¹¹0
1531 3777 1769 3848 iustificantur
1790 3778 1864 3848 sola
1888 3777 1956 3846 fide
1978 3776 2016 3846 in
2032 3770 2236 3859 Christum,
2268 3774 2304 3844 id
2329 3787 2401 3855 est,
2432 3776 2524 3845 acci·
2640 3778 2646 3792 '

597 3877 659 3948 25.
701 3870 947 3968 Reprehendit
973 3874 1236 3946 Stenkeleldius
1263 3887 1298 3944 et
1330 3868 1399 3943 hoc
1423 3874 1480 3942 di·
1531 3880 1635 3973 piont
1648 3879 1893 3949 remissionem
1910 3891 2133 3969 peccatorum
2147 3890 2183 3947 et
2195 3876 2523 3947 reconciliationem

495 3980 644 4052 ctumiss
661 3973 985 4060 Εθθῐθῡὶῑδῐῐῠῦῖῐῖδ,
1007 3980 1103 4071 quod
1120 3970 1480 4068 impossihilesitho·
1531 4005 1594 4053 seu
1627 3983 1896 4074 imputationem
1927 3980 2104 4065 iusticiae,
2143 3994 2178 4051 et
2209 3978 2435 4048 vivificantur
2459 4000 2524 4070 per

494 4083 608 4154 mines
628 4082 669 4152 in
693 4076 762 4151 hac
782 4080 855 4150 vita
886 4079 1048 4165 mortali,
1081 4079 1151 4170 legi
1174 4078 1241 4149 Dei
1271 4077 1478 4149 satisfacere.
1531 4084 1644 4154 filium
1667 4079 1753 4166 Dei,
1786 4096 1821 4154 et
1843 4084 2024 4151 donantur
2048 4079 2187 4171 Spiritu
2210 4092 2349 4161 sancto,
2375 4094 2409 4149 et
2433 4080 2531 4169 fiunt

493 4182 570 4257 Hoc
604 4187 739 4256 dictum
772 4204 931 4273 expresse
960 4184 1131 4252 traditum
1167 4193 1218 4251 est
1249 4177 1356 4252 Rom.
1383 4180 1418 4250 8.
1446 4194 1480 4251 et
1531 4181 1701 4253 haeredes
1720 4183 1813 4252 vitae
1828 4194 1991 4251 aeternae
2012 4181 2119 4272 gratis
2142 4196 2287 4272 propter
2309 4180 2423 4250 lilium
2440 4172 2529 4265 Dei,¹

493 4290 532 4358 in
560 4289 682 4361 multis
704 4286 785 4355 aliis
807 4282 1012 4368 sententiis,
1039 4300 1073 4355 et
1094 4296 1200 4354 notae
1221 4297 1306 4353 sunt
1326 4282 1480 4372 explica·
1532 4309 1606 4354 non
1619 4298 1764 4375 propter
1779 4283 1959 4376 propriam
1975 4282 2197 4372 dignitatern.

494 4390 646 4460 tissimae
679 4402 713 4459 et
742 4385 968 4481 planissimae
996 4386 1242 4459 distinctiones
1263 4397 1405 4453 nostrae
1435 4386 1479 4453 de
2116 4383 2118 4387 ’

496 4484 583 4575 lege.
633 4488 714 4560 Non
737 4488 853 4561 renati
878 4498 1027 4579 possunt
1056 4488 1179 4581 aliquo
1203 4487 1313 4554 modo
1337 4500 1477 4556 externa

498 4588 584 4676 legis
607 4612 713 4678 opera
731 4594 857 4665 iacere.
911 4586 953 4658 ln
970 4590 1102 4659 renatis
1127 4612 1211 4657 vero
1238 4600 1290 4658 est
1313 4583 1478 4659 inchoata

495 4690 700 4761 obedientia
728 4695 830 4765 etiam
859 4690 1019 4763 interior.
1071 4689 1141 4761 Sed
1171 4713 1394 4784 nequaquam
1428 4705 1480 4763 est

496 4794 647 4879 perlecta
672 4791 760 4883 legis
780 4796 951 4888 impletio.
1004 4792 1090 4863 ldeo
1107 4793 1238 4863 dicitur
1262 4794 1301 4863 in
1316 4792 1478 4865 Psalmo:

496 4890 577 4959 Non
598 4894 844 4967 iustificabitur
859 4900 898 4968 in
916 4909 1105 4989 conspectu
1125 4907 1188 4965 tuo
1213 4896 1330 4966 omnis
1345 4896 1478 4968 vivens.

1637 4421 1700 4494 28.
1733 4418 1810 4491 Hac
1825 4420 1894 4491 fide
1911 4418 1949 4488 in
1965 4430 2084 4489 mente
2100 4431 2310 4508 agnoscente
2326 4418 2439 4489 filium
2455 4413 2524 4486 Dei

1531 4522 1810 4594 misericordiam
1841 4522 2050 4615 promissam
2075 4533 2221 4614 propter
2245 4520 2363 4611 ipsum
2388 4517 2524 4588 accedit

1533 4626 1664 4696 enred
1688 4622 1824 4707 Deum,
1865 4638 1899 4696 et
1928 4623 2118 4718 acquiescit
2141 4646 2180 4692 ac
2201 4621 2354 4693 laetatur
2374 4621 2412 4690 in
2434 4617 2524 4700 Deo,

1531 4727 1622 4800 sicut
1652 4728 1823 4820 scripturn
1852 4741 1906 4798 est
1926 4723 2034 4798 Rom.
2062 4748 2138 4821 cap.
2152 4720 2206 4796 5.:
2242 4721 2426 4795 lustilicati
2454 4721 2523 4790 lide

1532 4854 1653 4920 pacem
1675 4825 1847 4901 hahemus
1869 4831 1963 4922 apud
1980 4825 2117 4912 Deum,
2148 4849 2211 4918 per
2228 4824 2423 4897 Dominum
2453 4847 2520 4893 no-

1531 4945 1644 5003 strum
1660 4930 1776 5004 lesum
1791 4927 1993 5016 Christum,
2019 4953 2201 5024 perquem
2220 4950 2396 4997 accessum
2412 4921 2525 4995 habe-

597 5028 658 5098 24.
684 5026 982 5105 Cumulatetalia
1001 5031 1393 5119 falsacriminamulta,
1418 5035 1478 5103 sed
1532 5058 1611 5105 mus
1641 5034 1710 5104 lide
1738 5033 1955 5123 ingratiam
1986 5028 2091 5106 hanc.
2151 5028 2199 5101 Et
2219 5024 2351 5119 Ephes.
2370 5028 2420 5097 S:
2456 5025 2524 5097 Per

495 5129 679 5199 manifesta
706 5131 883 5202 calumnia
906 5151 973 5221 est,
1013 5137 1110 5231 quod
1132 5132 1363 5218 vociferatur,
1403 5160 1478 5206 non
1531 5159 1638 5229 quem
1668 5137 1839 5206 audemus
1868 5138 2032 5207 accedere
2058 5132 2293 5215 confidenter,
2335 5130 2525 5222 perfidem

494 5232 614 5301 doceri
639 5233 840 5303 doctrinam
863 5235 907 5303 de
930 5261 1022 5308 nova
1046 5236 1249 5309 obedientia
1278 5236 1317 5304 in
1348 5238 1479 5307 nostris
1531 5238 1616 5309 eius.
1669 5233 1767 5307 ldern
1790 5260 1935 5330 prorsus
1953 5240 2081 5308 docent
2097 5228 2296 5324 Prophetae
2313 5228 2454 5302 Psalmo
2471 5229 2523 5299 6.:

491 5328 675 5410 Ecclesiis.
728 5334 905 5406 Dissentit
921 5350 1036 5409 nutem
1052 5345 1096 5412 de
1113 5338 1373 5425 iustificatione,
1396 5341 1479 5433 quia
1530 5334 1663 5409 Anima
1697 5363 1774 5409 mea
1804 5340 1946 5413 turbata
1980 5352 2032 5408 est
2061 5336 2175 5405 valde.
2234 5330 2285 5406 Et
2307 5347 2346 5404 tu
2367 5331 2524 5402 Domine

493 5439 679 5510 contendit
695 5433 861 5507 homines
877 5436 987 5508 iustos
1002 5462 1075 5511 esse
1088 5455 1233 5536 propter
1247 5463 1376 5513 novam
1392 5442 1478 5511 obe-
1530 5441 1743 5536 usquequo?
1775 5442 1921 5514 Salvum
1942 5465 1998 5509 me
2014 5440 2068 5507 fac
2082 5451 2228 5530 propter
2243 5434 2524 5506 misericordiam

492 5538 678 5623 dientiam,
705 5562 795 5634 qnae
811 5540 849 5609 in
866 5539 916 5607 eis
932 5533 1130 5626 inchoatur,
1157 5547 1214 5617 cui
1231 5544 1359 5617 tribuit
1372 5545 1475 5616 etiam
1530 5556 1641 5614 tuom.
1702 5541 1751 5614 Et
1771 5542 1901 5615 Daniel
1932 5540 2065 5635 inquit:
2103 5539 2186 5613 Non
2216 5541 2255 5606 in
2288 5536 2426 5604 iusticia
2456 5559 2524 5605 no-

491 5634 675 5713 Osiander
698 5665 828 5714 nomen
852 5640 1012 5712 insciciae
1034 5647 1227 5719 essentialis
1253 5662 1286 5720 et
1310 5648 1398 5719 alias
1412 5671 1478 5718 en·
1528 5658 1619 5730 stra,
1643 5646 1706 5715 sed
1723 5645 1967 5721 misericordie
1991 5656 2051 5716 tua
2075 5655 2220 5738 propter
2241 5635 2439 5708 Dominum
2465 5660 2525 5707 ex-

492 5735 997 5840 thnsiasticasadpellationes.
1527 5748 1705 5823 audinos.
