6025 6775
319 386 530 399 ..w-q...-
566 386 683 418 ,s-

342 419 549 474 ..fs

486 491 556 575 nc
1067 437 1225 548 nucu
1256 465 1330 542 nn
1361 464 1591 543 senona
1622 469 1913 545 cosroen.
2355 554 2360 564 .
2422 478 2494 551 ne

491 661 701 740 Academiae
722 658 834 745 legem
859 673 934 718 non
957 647 1186 734 abrogamus,
1217 639 1279 708 sed
1301 662 1381 708 cum
1406 662 1466 708 ex·
1514 634 1723 711 habentium
1739 627 2002 729 contendimus,
2026 645 2064 712 in
2081 646 2209 738 quibus
2222 648 2495 738 ferepertotam

491 766 652 858 ceptione
682 758 886 830 retinemus.
952 746 1051 836 Quae
1080 740 1200 812 omnia
1229 753 1263 810 et
1293 738 1398 809 saluti
1432 751 1483 807 et·
1516 739 1745 830 Germaniam
1762 743 2003 830 superioribus
2018 747 2121 815 annis
2138 748 2276 837 publice
2298 747 2493 817 mandaba-

491 866 677 939 commodo
698 853 892 929 iuventutis
912 848 1087 926 serviunt,
1109 853 1144 910 et
1165 864 1238 910 non
1258 853 1341 910 sunt
1362 862 1463 929 prae-
1515 855 1590 926 tur,
1614 854 1654 910 ut
1674 836 1872 913 scholastici
1890 843 2052 931 privatim
2070 841 2240 917 haberent
2255 870 2337 917 suos
2353 870 2492 915 morum

384 965 390 974 ’
491 983 672 1060 ceptorum
693 957 882 1034 avariciae,
908 962 942 1019 et
957 942 1116 1036 quaestui
1138 941 1292 1010 inventa.
1342 936 1390 1009 Et
1411 953 1466 1007 ta·
1515 940 1723 1029 Magistros,
1745 956 1780 1011 et
1795 937 1992 1012 studiorum
2008 946 2279 1030 gubernatores,
2301 962 2334 1015 et
2356 947 2394 1014 id
2409 969 2492 1014 sane

492 1092 576 1139 men
604 1076 699 1135 tanta
728 1070 780 1127 est
802 1050 938 1121 malicia
963 1042 1136 1113 humanae
1159 1041 1287 1111 mentis
1312 1040 1350 1107 in
1373 1051 1466 1107 recte
1517 1042 1676 1110 moribus
1697 1043 1856 1112 nondum
1872 1055 1950 1134 tam,
1967 1047 2142 1133 corruptis
2168 1061 2202 1116 et
2228 1046 2342 1117 malis.
2393 1044 2492 1132 Qua·

491 1168 593 1240 factis
618 1163 711 1234 male
741 1146 1029 1242 interpretandis,
1058 1158 1097 1213 ut
1118 1142 1222 1221 nohis
1243 1142 1304 1210 illa
1326 1140 1466 1209 crimini
1516 1155 1659 1233 propter
1671 1141 1702 1208 si
1717 1164 1781 1210 nos
1796 1143 1889 1210 idem
1907 1154 1976 1210 tam
1998 1147 2187 1233 depravato
2210 1146 2327 1213 seculo
2351 1144 2389 1210 in
2402 1146 2494 1213 Aca·

492 1274 579 1342 dare
603 1288 676 1335 non
697 1258 910 1328 erubescant.
965 1244 1060 1313 Hinc
1081 1243 1295 1312 arbitramur
1315 1242 1398 1311 satis
1420 1240 1467 1306 li·
1516 1242 1632 1310 demia
1654 1240 1888 1326 retineamus,
1925 1243 1981 1310 cui
2003 1244 2097 1311 bono
2123 1256 2158 1312 et
2182 1245 2347 1331 prudenti
2369 1244 2496 1333 displi-

493 1391 618 1465 φερε,
651 1383 720 1453 quo
746 1356 841 1432 iure,
878 1360 912 1415 et
936 1370 1041 1437 quam
1061 1366 1143 1411 vere
1163 1344 1249 1410 tales
1274 1340 1467 1411 iuventutis
1517 1363 1594 1410 cere
1616 1341 1767 1431 poterit?
1821 1340 2030 1412 Praesertim
2051 1367 2130 1411 cum
2153 1343 2227 1411 eius
2247 1344 2399 1412 instituti
2420 1345 2494 1412 sive

492 1464 711 1556 corruptelae
724 1474 790 1521 nos
806 1452 844 1517 in
857 1446 1027 1515 avariciae
1041 1444 1174 1512 crimen
1188 1455 1326 1514 vocent.
1366 1440 1466 1528 Quo·
1518 1456 1662 1525 natura,
1692 1440 1765 1508 sive
1781 1438 1878 1509 Dens
1900 1455 2004 1510 autor
2030 1443 2091 1521 sit,
2116 1445 2211 1532 quod
2238 1458 2271 1512 ct
2286 1440 2495 1511 Aristoteles

491 1592 571 1640 mm
601 1555 794 1632 calumnias
824 1570 897 1617 non
928 1547 975 1615 ita
1008 1542 1160 1633 graviter
1184 1541 1394 1630 accipimus,
1433 1552 1468 1608 et
1517 1541 1661 1625 iudicat,
1674 1542 1772 1609 unde
1787 1536 1872 1611 haec
1885 1537 2069 1610 hominum
2083 1542 2364 1633 distinctioapud
2377 1541 2494 1630 ipsum

491 1672 586 1759 ipsos
601 1657 741 1732 anobis
759 1651 936 1722 discedere
951 1647 1039 1714 adeo
1055 1666 1128 1711 non
1144 1642 1289 1711 moleste
1310 1642 1467 1722 ferimus,
1517 1654 1600 1709 nata
1613 1653 1682 1721 est,
1708 1641 1871 1711 videlicet
1890 1642 1978 1711 alios
1998 1664 2071 1709 esse
2090 1656 2214 1713 natura
2235 1643 2349 1711 iudice
2364 1663 2494 1725 servos,

488 1781 529 1839 ut
543 1762 726 1855 cupiamus
738 1748 903 1826 Scholam
919 1758 1074 1814 nostram
1090 1738 1294 1810 huiusmodi
1313 1738 1467 1809 homini·
1518 1742 1606 1810 alios
1621 1753 1740 1840 contra
1755 1737 1947 1824 Dominos,
1972 1743 2065 1832 quod
2086 1742 2139 1810 illi
2155 1742 2217 1834 qui
2232 1743 2300 1813 sibi
2323 1764 2387 1810 nec
2410 1742 2495 1809 satis

490 1871 557 1939 bns
574 1856 771 1934 exonerari,
796 1874 866 1943 quo
884 1844 1021 1916 bonesti
1038 1843 1287 1925 adolescentes,
1312 1841 1356 1909 ab
1373 1842 1468 1929 ipso·
1518 1841 1735 1932 prospicere,
1768 1833 1946 1910 nec'recte
1963 1843 2146 1911 consulere
2169 1854 2333 1932 possunt,
2367 1855 2493 1910 natura

488 1990 569 2038 rum
585 1959 747 2047 contagio
773 1966 807 2022 et
829 1971 965 2018 veneno
986 1944 1072 2026 tuti,
1098 1941 1215 2032 quiete
1230 1954 1263 2011 et
1278 1939 1467 2032 tranquille
1518 1942 1591 2010 sint
1617 1941 1727 2026 servi,
1757 1952 1792 2010 et
1814 1941 1858 2010 iis
1880 1965 2003 2032 parere
2025 1943 2194 2023 debeant,
2225 1944 2285 2035 qui
2311 1956 2344 2012 et
2366 1942 2434 2010 sibi
2460 1955 2495 2010 et
2542 1978 2544 1980 ·

489 2070 530 2137 in
563 2069 739 2137 bonarum
771 2053 900 2121 artium
931 2061 966 2118 ct
996 2042 1113 2115 omnis
1142 2041 1282 2111 virtutis
1311 2040 1466 2110 studium
1518 2040 1597 2109 aliis
1617 2053 1710 2110 recta
1733 2042 1879 2111 consilia
1901 2044 2006 2125 dare,
2032 2055 2066 2112 et
2087 2041 2292 2133 providere,
2314 2066 2403 2135 quae
2423 2042 2495 2110 sint

488 2165 695 2239 incumbere
714 2152 860 2247 possint.
1521 2140 1577 2209 vel
1596 2142 1779 2230 pmfutura
1802 2142 1857 2210 vel
1880 2142 2042 2211 nocitura
2064 2155 2217 2234 queunt,
2256 2144 2319 2236 qui
2351 2155 2495 2212 naturae

591 2264 685 2337 Sunt
698 2258 803 2327 etiam
818 2248 946 2344 quibus
960 2239 1125 2315 Scholam
1144 2241 1322 2333 publicam
1338 2238 1376 2305 in
1391 2235 1469 2328 pri-
1520 2240 1691 2310 sententia
1728 2243 1876 2311 aliorum
1916 2238 2063 2311 Domini
2104 2257 2136 2312 et
2174 2239 2291 2312 Duces
2330 2238 2496 2311 habendi.

490 2383 606 2441 vatam
628 2368 831 2433 convertere
854 2348 1035 2430 videmur,
1060 2345 1155 2435 quod
1180 2364 1244 2409 nec
1266 2338 1469 2427 cogitatum,
1520 2338 1629 2428 Quod
1649 2353 1795 2410 naturae
1817 2355 2039 2432 pracceptum
2067 2355 2100 2412 et
2125 2342 2321 2432 exemplum
2345 2338 2494 2412 Schola-

490 2495 556 2541 uec
569 2470 699 2536 factum
713 2481 733 2526 a
749 2451 853 2523 nobis
867 2470 959 2530 esse,
979 2458 1054 2514 tum
1069 2441 1220 2513 docendi
1236 2440 1337 2521 ratio,
1362 2459 1468 2528 quam
1519 2464 1618 2525 rum,
1644 2464 1715 2533 quo
1729 2441 1818 2509 aliae
1832 2439 2061 2525 Academiae,
2086 2444 2173 2511 viris
2187 2443 2357 2532 sapientia
2374 2456 2408 2512 et
2422 2444 2495 2512 vir·

491 2573 530 2641 in
552 2560 681 2639 Schola
702 2574 884 2633 tenemus,
918 2561 993 2618 tum
1025 2544 1228 2613 auditorum
1251 2536 1467 2614 distributio,
1519 2553 1593 2610 tute
1614 2539 1753 2627 magnis
1767 2540 1913 2608 mirifice
1937 2544 2246 2626 commendantur,
2272 2557 2412 2613 nostrae
2429 2568 2497 2633 pu-

492 2693 564 2764 qua
576 2664 632 2736 usi
652 2678 794 2739 sumus,
818 2650 902 2721 satis
917 2657 1086 2735 arguunt,
1110 2656 1145 2713 ct
1159 2642 1251 2710 clare
1265 2638 1468 2709 ostendunt.
1519 2634 1808 2718 blicaeScholae,
1834 2653 1875 2709 ut
1891 2653 2071 2730 putamus,
2094 2664 2159 2712 nec
2173 2645 2313 2727 obesse,
2339 2666 2403 2711 nec
2419 2644 2495 2713 iure

491 2770 565 2841 Nec
579 2765 662 2835 satis
675 2754 800 2828 mirari
814 2768 1015 2843 possumus,
1040 2744 1135 2814 unde
1150 2738 1241 2809 hanc
1261 2738 1467 2830 opinionem
1520 2741 1553 2809 ei
1569 2739 1655 2811 vitio
1671 2740 1761 2810 veni
1775 2740 1915 2829 poterit,

493 2864 636 2939 veritati
649 2856 829 2930 manifeste
843 2858 1098 2939 repugnantem
1115 2837 1297 2912 hauserint
1318 2838 1365 2921 ii,
1388 2835 1470 2928 qui·
1621 2837 1728 2924 Quod
1742 2839 1774 2908 si
1787 2838 1952 2908 Lectores
1972 2862 1993 2909 a
2017 2839 2159 2930 publico
2182 2841 2330 2913 docendi
2349 2866 2496 2913 munere

493 2973 562 3041 bus
576 2976 697 3035 nostra
712 2977 834 3050 pamm
850 2949 1058 3042 probantur.
1106 2940 1181 3011 Nos
1195 2940 1290 3011 enim
1313 2937 1469 3029 privatae
1520 2942 1564 3009 ad
1579 2938 1715 3030 aliquas
1727 2939 1881 3030 privatae
1894 2940 2127 3010 institutionis
2146 2955 2259 3031 partes
2273 2942 2322 3011 ita
2335 2947 2497 3013 traduce-

494 3064 704 3158 disciplinae
724 3076 829 3148 opera
854 3043 1005 3122 Scholac
1024 3042 1184 3135 publicae
1208 3056 1243 3112 et
1263 3037 1468 3127 dignitatem
1520 3060 1656 3121 remus,
1678 3052 1719 3109 ut
1744 3040 1886 3109 illorum
1910 3064 1978 3108 vox
1996 3040 2035 3109 in
2054 3041 2195 3133 publica
2210 3035 2339 3111 Schola
2359 3045 2498 3113 deside-

494 3184 530 3242 et
545 3165 716 3238 bonorem
736 3153 849 3237 tueri,
871 3164 905 3221 et
919 3169 1066 3229 ornare,
1086 3165 1192 3235 quam
1205 3139 1353 3210 maxime
1368 3136 1469 3204 labo-
1519 3151 1675 3223 caretur,
1699 3150 1776 3209 tum
1804 3162 1868 3208 nos
1890 3163 2052 3229 peccare,
2086 3165 2151 3210 nec
2177 3144 2310 3234 absque
2333 3166 2437 3213 causa
2457 3146 2497 3212 in

492 3289 622 3343 ramus.
674 3258 772 3350 Quid
792 3273 921 3348 quaeso
941 3245 1085 3316 maioris
1107 3236 1255 3313 Scholae
1271 3235 1410 3306 nomini
1436 3246 1470 3303 et
1520 3240 1653 3309 crimen
1666 3240 1785 3309 vocari
1799 3261 2075 3328 agnosceremus.
2127 3239 2262 3310 Verum
2278 3238 2346 3310 hoc
2361 3256 2500 3314 tantum

494 3376 586 3444 farne
601 3381 672 3439 tam
685 3376 801 3450 turpe,
826 3365 860 3424 et
873 3351 1092 3428 indecorum,
1117 3364 1222 3434 quam
1237 3332 1471 3410 Scholasticos
1521 3340 1638 3425 abest,
1660 3351 1701 3409 nt
1716 3362 1738 3411 a
1752 3339 1855 3410 nobis
1870 3339 1917 3410 sit
1931 3340 2081 3425 factum,
2105 3353 2146 3411 ut
2168 3364 2214 3410 ne
2233 3343 2395 3432 cogitatio
2419 3346 2500 3436 qui-

391 3548 395 3554 ,
495 3487 530 3544 et
560 3467 666 3540 oflicii
700 3474 735 3528 ct
767 3447 1019 3542 temperantiae
1049 3443 1196 3524 oblitos,
1241 3437 1340 3531 sequi
1369 3451 1471 3526 turpe
1521 3442 1603 3510 dem
1619 3452 1689 3509 tam
1702 3440 1801 3511 stulti
1814 3441 1948 3531 incepti
1962 3443 2265 3534 unquamanobis
2275 3443 2319 3512 sit
2331 3457 2500 3534 suscepta.

493 3573 620 3649 otium,
644 3577 677 3633 et
690 3554 881 3627 libidinum
895 3545 1067 3636 stipendia
1084 3542 1222 3620 mereri,
1247 3535 1472 3608 &Musarum
1523 3538 1621 3612 Tum
1637 3539 1677 3608 in
1696 3553 1818 3610 nostra
1833 3536 2041 3624 Academia,
2066 3543 2155 3612 sicut
2176 3556 2211 3612 et
2232 3544 2271 3611 in
2293 3543 2389 3628 aliis,
2413 3547 2499 3613 ado-

496 3666 693 3757 negligere,
722 3669 758 3726 et
779 3653 945 3720 lectorem
968 3645 1007 3712 in
1030 3636 1160 3714 Schola
1184 3640 1229 3710 ab
1252 3637 1472 3716 auditoribus
1521 3641 1690 3710 lescentcs
1723 3639 1932 3708 inferiorum
1969 3641 2097 3707 artium
2138 3665 2213 3708 non
2246 3644 2402 3733 imperiti
2437 3668 2502 3715 nec

498 3765 681 3847 derelicta,
707 3752 812 3852 qnasi
820 3745 972 3818 Aeolum
987 3743 1141 3835 aliquem
1165 3762 1274 3810 vacua
1296 3736 1471 3808 dominari
1523 3739 1649 3828 ignari,
1674 3750 1708 3806 et
1723 3759 1806 3807 suae
1822 3737 1915 3807 vitae
1930 3758 2044 3829 neque
2060 3737 2144 3805 mali
2162 3762 2276 3830 neque
2292 3741 2501 3830 impruden.

499 3873 539 3942 in
555 3867 654 3943 aula,
679 3871 714 3930 et
735 3849 927 3947 parietibus
951 3859 987 3916 et
1006 3842 1181 3915 subselliis
1195 3863 1278 3912 suae
1294 3837 1474 3910 doctrinae
1523 3853 1575 3910 tes
1590 3837 1852 3928 gubernatores,
1876 3836 1906 3904 si
1922 3835 2047 3905 volunt
2061 3860 2081 3904 a
2094 3837 2251 3926 privatae
2266 3838 2500 3909 institutionis

498 3976 682 4064 praecepta
702 3957 897 4029 decantare.
955 3946 1031 4016 Hos
1053 3944 1116 4037 qui
1137 3942 1301 4035 privatim
1323 3938 1474 4029 respicit,
1522 3939 1660 4028 legibus
1683 3938 1806 4028 procul
1826 3950 1909 4007 sunt
1929 3935 2073 4021 remoti,
2097 3950 2131 4007 et
2155 3937 2194 4007 iu
2218 3938 2394 4009 curriculo
2417 3962 2501 4010 suo-

501 4085 670 4142 eteorum
686 4058 858 4130 rationem
875 4046 1002 4132 habet,
1024 4040 1195 4116 cessantes
1212 4039 1413 4119 extimulat,
1439 4049 1474 4106 et
1524 4061 1604 4109 rum
1637 4039 1836 4109 studiorum
1861 4035 2042 4106 liberrime
2070 4051 2282 4123 versantur,
2321 4039 2412 4109 nulli
2438 4055 2501 4112 ant

499 4174 542 4243 ad
560 4185 691 4238 munus
706 4159 762 4229 sui
773 4151 904 4225 laboris
917 4148 1158 4242 exequendum
1172 4143 1312 4235 publice
1338 4152 1372 4209 et
1399 4138 1475 4229 pri-
1524 4153 1619 4210 certo
1634 4133 1825 4209 habitandi
1833 4138 1923 4220 loco,
1947 4149 2008 4207 aut
2018 4137 2101 4227 legi,
2115 4161 2205 4231 quae
2219 4139 2383 4209 discenda
2399 4164 2502 4231 prae-

501 4270 610 4342 vatim
628 4261 741 4335 redire
758 4252 945 4343 compellit,
961 4264 996 4320 et
1010 4247 1238 4319 detestatione
1253 4244 1297 4312 ad
1313 4240 1474 4331 volupta-
1524 4240 1670 4322 scrihat,
1709 4238 1861 4326 alligati,
1898 4238 1960 4306 sed
1993 4237 2083 4322 sibi,
2130 4252 2164 4308 et
2196 4240 2357 4330 publicae
2387 4243 2502 4313 nostri

502 4373 547 4443 tis
562 4366 761 4458 amplexum
783 4352 1002 4433 delabentes,
1025 4349 1064 4417 iu
1084 4348 1199 4417 locum
1221 4346 1397 4413 desertum
1418 4361 1476 4407 re·
1526 4337 1713 4432 Gymnasii
1741 4337 1948 4428 disciplinae
1976 4337 2112 4418 relicti,
2145 4362 2243 4408 suam
2276 4354 2351 4409 tum
2379 4343 2501 4430 vitam,

503 4467 629 4554 trahit,
653 4462 746 4536 etad
761 4454 867 4529 oflicii
891 4462 1004 4544 partes
1030 4460 1065 4518 et
1092 4447 1271 4515 meliorem
1285 4443 1422 4528 frugem
1439 4460 1475 4507 sc
1526 4453 1600 4509 tum
1615 4438 1776 4508 discendi
1790 4437 1977 4515 rationem,
2003 4451 2042 4507 ut
2058 4439 2194 4523 volunt,
2219 4442 2312 4531 quod
2330 4426 2503 4512 libertatis

504 4572 633 4638 referre
646 4563 756 4653 cogit,
778 4556 929 4648 facitque
944 4562 984 4622 ut
998 4547 1159 4639 publicae
1171 4539 1321 4616 Scholae
1340 4539 1397 4609 sui
1412 4561 1476 4609 au·
1525 4552 1579 4609 cst
1606 4537 1809 4629 proprium,
1852 4536 2056 4606 instituunt.
2125 4537 2220 4608 Hinc
2244 4541 2347 4609 facile
2379 4543 2502 4634 liquet,

460 4672 464 4681 '
505 4669 635 4737 ditores
661 4680 695 4733 et
721 4656 886 4746 discipuli
907 4654 995 4734 sint,
1021 4643 1330 4739 amitternum,
1353 4638 1476 4732 quiad
1525 4661 1631 4731 qnam
1650 4637 1749 4707 nulla
1765 4661 1784 4705 a
1802 4635 1907 4705 nobis
1924 4635 1969 4705 sit
1984 4631 2067 4705 huic
2087 4638 2326 4710 criminationi
2346 4646 2426 4712 data
2442 4666 2503 4713 oc·

476 4800 479 4804 ·
505 4761 726 4836 obedientiae
745 4758 838 4844 leges
856 4767 891 4823 et
917 4772 1057 4822 morum
1077 4742 1299 4834 disciplinam
1321 4753 1404 4811 sunt
1427 4738 1476 4808 ita
1527 4736 1645 4823 c'asio,
1670 4752 1704 4808 ct
1718 4738 1837 4806 omnia
1854 4759 1944 4829 quae
1965 4735 2099 4806 faciunt
2114 4739 2157 4806 ad
2175 4741 2337 4829 publicae
2353 4738 2504 4813 Scholae

506 4860 704 4943 assuefacti,
735 4867 775 4924 ut
794 4854 921 4923 artium
945 4864 980 4920 et
1001 4848 1171 4915 virtutum
1193 4841 1389 4910 doctrinam
1412 4861 1477 4906 nec
1526 4840 1686 4921 laudem,
1725 4852 1759 4907 et
1782 4836 2007 4925 dignitatem,
2045 4851 2111 4907 nos
2130 4839 2218 4926 tide,
2254 4854 2290 4911 et
2310 4842 2506 4931 diligentia,

508 4965 610 5035 inviti
634 4958 796 5035 audiant,
834 4975 899 5020 nec
921 4946 1091 5037 gravatim
1115 4945 1248 5025 colant,
1283 4954 1400 5010 utrum
1426 4932 1477 5016 hi,
1526 4961 1595 5031 qua
1609 4938 1795 5021 debemus,
1818 4950 1853 5006 et
1866 4957 2052 5026 possumus
2065 4939 2169 5013 tueri.

506 5068 568 5159 qui
583 5065 643 5132 illa
659 5058 813 5129 efficiunt
828 5050 960 5136 aliquid
978 5049 1021 5115 de
1034 5041 1168 5116 honore
1190 5040 1349 5133 publicae
1365 5033 1477 5108 S'cho·
1626 5033 1744 5106 Habes
1759 5034 2025 5126 optimeLector
2038 5060 2157 5108 causas
2171 5039 2388 5130 disciplinae,
2409 5045 2503 5131 apud

506 5169 562 5237 lae
575 5164 789 5238 diminuere,
815 5166 849 5222 et
871 5153 914 5219 de
933 5147 1103 5238 dignitate
1127 5149 1200 5215 eius
1223 5135 1405 5213 detrahere
1422 5137 1477 5204 vi·
1526 5161 1592 5207 nos
1606 5138 1643 5205 in
1659 5131 1786 5207 Schola
1801 5132 2049 5224 Philosophica
2071 5138 2266 5222 restitutae,
2292 5155 2326 5210 et
2340 5143 2500 5210 ordinem
2535 5197 2538 5203 .

507 5271 653 5348 dentur,
679 5285 724 5330 an
738 5253 964 5348 potiusillam
979 5248 1132 5318 officiose
1146 5245 1250 5327 tueri,
1276 5257 1310 5310 et
1327 5239 1478 5326 diligen·
1527 5251 1601 5307 tum
1625 5238 1795 5320 docendi,
1820 5250 1897 5307 tum
1919 5235 2097 5316 discendi,
2120 5251 2156 5308 et
2174 5241 2349 5323 rationes,
2373 5238 2501 5331 quibm

506 5384 560 5439 ter
573 5355 801 5435 conservare?
839 5352 908 5422 Hic
925 5365 1064 5421 nostrae
1078 5347 1232 5437 privatae
1246 5338 1478 5410 institutionis
1526 5336 1762 5407 adolescentes
1802 5359 1927 5426 parum
1956 5336 2045 5405 honi
2077 5327 2239 5427 impulsi,
2286 5351 2499 5432 praesentem

506 5489 650 5558 scopus,
687 5457 745 5529 hic
764 5453 844 5521 linis
865 5466 933 5533 est,
961 5465 996 5521 et
1016 5447 1086 5516 fuit
1106 5440 1225 5513 eterit
1245 5462 1399 5530 semper,
1431 5438 1477 5505 ad
1526 5430 1676 5527 Scholae
1690 5450 1830 5506 nostrae
1845 5449 1973 5523 statum
1988 5437 2148 5528 improbe
2163 5440 2440 5522 calumnientur,
2466 5449 2502 5505 et

466 5622 471 5629 .
508 5593 613 5663 quern
635 5554 833 5636 imitatione
860 5562 895 5619 et
916 5545 1077 5636 exemplo
1092 5538 1363 5614 Academiamm
1387 5539 1477 5608 bene
1526 5534 1699 5604 malitiose
1715 5535 1927 5624 deforment,
1950 5559 2104 5632 φιοωω
2118 5551 2215 5612 tanta
2228 5540 2338 5610 animi
2353 5538 2502 5621 inscitia,
