6025 6775
560 532 635 636 sss
957 517 1232 602 nucunu
1263 515 1584 597 cnanrrou
1614 517 2190 630 arenunarmnrnus.
2472 514 2586 601 ‘sss

558 723 619 790 tur
643 705 789 774 illorum
812 696 955 781 officiis,
980 694 1036 763 vel
1055 708 1097 765 ut
1120 691 1231 765 multa
1254 692 1480 785 speculentur
1502 692 1547 761 ad
1599 688 1691 763 Cum
1713 706 1916 766 reverenter
1933 690 2132 770 exhibitum
2151 719 2225 771 esse
2241 692 2454 793 αὐτόματον
2460 749 2472 783 ,
2500 701 2585 770 bar-

515 883 519 890 ,
561 807 622 880 e'os
644 807 742 899 ipsos
763 800 987 880 evertendos,
1013 820 1033 865 a
1056 794 1184 887 quibos
1207 794 1247 862 in
1270 792 1546 864 familiaritatem
1600 793 1686 864 baro
1706 793 1762 863 illi
1781 793 1850 865 fuit
1871 792 2024 891 ἄκαιρος
2048 796 2194 885 εὔνοια,
2221 801 2283 893 qui
2305 825 2386 872 cnm
2403 801 2471 873 alia
2489 801 2587 870 dona

562 907 707 979 admissi
733 916 826 975 suut.
877 897 973 968 Haec
993 895 1139 967 Sinonis
1162 907 1224 989 aut
1239 892 1336 965 Sexti
1354 893 1548 985 Tarquinii
1589 894 1787 980 retineret,
1810 890 1880 966 hoc
1903 892 2290 991 pulcherrimumopus
2307 925 2387 972 cum
2403 914 2586 972 coutume-

563 1009 710 1080 artificia
740 1027 819 1074 curu
849 1000 908 1069 vir
936 997 1051 1066 caveri
1084 996 1157 1066 ulla
1189 995 1370 1085 vigilantia
1402 994 1549 1086 possint,
1599 995 1648 1064 lia
1669 995 1774 1066 etiam
1797 996 1901 1066 reddi
1923 998 2041 1084 iussit,
2073 1000 2157 1092 quia
2180 1025 2254 1071 uon
2277 1002 2324 1075 sit
2347 1003 2446 1094 pium
2468 1002 2587 1072 consi-

562 1109 667 1182 bonis
681 1101 894 1175 conscientia
910 1093 1076 1167 honestae
1094 1097 1284 1166 volontatis
1300 1110 1417 1166 tamen
1428 1108 1548 1186 postea
1601 1097 1724 1165 derare
1746 1112 1863 1169 motus
1886 1098 2062 1171 coelestes.
2122 1098 2218 1169 Hinc
2243 1116 2278 1172 et
2297 1102 2411 1190 gentis
2432 1115 2466 1171 et
2487 1103 2588 1173 ducis

564 1210 689 1281 solatio
716 1218 778 1275 est.
835 1200 904 1294 Sed
933 1198 990 1266 illi
1011 1194 1127 1267 Deum
1157 1199 1335 1267 vindicem
1362 1218 1435 1266 esse
1460 1197 1548 1265 insi·
1600 1197 1800 1266 barbariem
1814 1199 2006 1270 aestimate.
2057 1198 2255 1270 Sedmulto
2272 1197 2588 1274 humaniusFran-

563 1313 704 1382 diarum
728 1319 760 1375 et
782 1301 931 1372 violatae
954 1298 1036 1367 fidei
1059 1299 1198 1368 debitae
1221 1299 1343 1369 amicis
1365 1298 1550 1389 experien-
1601 1319 1663 1368 cus
1685 1311 1813 1369 noster.
1864 1295 1933 1367 Hic
1950 1312 1990 1369 ut
2005 1300 2096 1369 liber
2111 1301 2351 1372 moltisnotus
2367 1303 2486 1384 lieret,
2513 1305 2588 1375 ius-

564 1428 642 1496 tur,
668 1422 707 1477 ut
721 1428 800 1472 vere
817 1401 951 1471 dietum
968 1414 1019 1470 est
1034 1424 1054 1469 a
1070 1405 1188 1489 podta:
1601 1400 1646 1467 sit
1667 1423 1747 1467 eum
1772 1399 1809 1466 in
1825 1397 1992 1468 Latinum
2014 1423 2213 1469 sermonem
2238 1401 2431 1472 transferri.
2484 1402 2587 1476 Fuit-

1601 1524 1670 1591 que
1689 1500 1863 1591 interpres
1882 1494 2058 1570 lohannes
2076 1498 2222 1586 Scotus,
2247 1503 2310 1595 qni
2324 1516 2410 1574 tunc
2424 1499 2588 1575 Lutetiae

1601 1602 1716 1671 studia
1732 1602 1912 1672 doetrinae
1928 1602 2148 1689 gubernavit.

652 1778 661 1795 .
706 1775 716 1794 .
924 1771 933 1789 .
1109 1772 1118 1789 .
1399 1771 1407 1789 ‚
1460 1772 1469 1789 ,
1701 1697 1781 1773 Etsi
1794 1716 1912 1772 autem
1928 1701 2172 1793 interpretatio
2190 1725 2412 1799 nequaquam
2430 1716 2481 1774 est
2497 1704 2584 1775 uiti.

562 1779 684 1850 Tertia
705 1789 799 1845 mter
820 1768 987 1844 Charites
1011 1767 1140 1842 Thalea
1167 1785 1235 1856 cst,
1268 1795 1358 1865 quae
1379 1771 1550 1859 significat
1601 1802 1666 1886 da,
1691 1816 1809 1873 tamen
1834 1805 1920 1873 fides
1936 1804 2051 1874 amori
2066 1828 2139 1873 non
2156 1803 2278 1889 defuit,
2303 1805 2365 1898 qui
2381 1828 2586 1876 commone·

562 1881 838 1972 30‘mlmm‘m’
887 1873 1050 1991 vffd‘l'c‘l
1074 1874 1345 1993 glafistudm‘m’
1391 1895 1548 1991 lm‘mP
1599 1903 1712 1974 factus
1730 1905 1806 1973 eius
1821 1905 1906 1975 libri
1922 1905 2093 1990 lectione,
2117 1919 2237 1997 postea
2256 1908 2424 1998 quasdam
2441 1906 2584 1977 vitiosas

560 2005 626 2073 9‘0
653 2002 789 2058 Μεθ’
821 1975 934 2045 ⁰ffi⁰¹³
960 1997 1025 2090 ΡΨ
1049 1973 1186 2091 ⁰ffi⁰¹¹⁸j
1243 1971 1313 2044 Sed
1338 1968 1549 2092 h³{⁰‚³⁰‘¹¹³
1600 2005 1824 2075 adorationes
1845 2006 1988 2077 taxavit.
2041 2006 2082 2076 ld
2102 2031 2181 2076 cum
2202 2028 2304 2096 aegre
2322 2006 2429 2079 ferret
2442 2008 2584 2079 audito-

562 2078 654 2173 prola
682 2080 803 2162 dolor,
826 2075 950 2167 procul
974 2075 1061 2143 alias
1083 2086 1259 2168 sequatur,
1283 2087 1549 2193 moesticiamet
1599 2129 1679 2175 mm
1704 2107 1829 2193 turha,
1861 2108 1999 2199 impetu
2024 2107 2062 2176 in
2086 2131 2204 2177 senem
2228 2108 2340 2192 facto,
2375 2107 2437 2202 qui
2459 2110 2583 2179 sedulo

562 2184 666 2254 vultu
689 2193 723 2250 et
748 2178 891 2249 sordida
909 2188 1004 2245 veste
1017 2177 1217 2293 ostendens.
1266 2168 1436 2292 Ostendat
1453 2198 1548 2293 eorm
1600 2229 1659 2275 eos
1676 2207 1783 2299 longo
1796 2222 1953 2301 tempore
1967 2210 2152 2294 docuerat,
2177 2221 2213 2279 et
2226 2202 2478 2300 comprehenso
2494 2209 2582 2281 effo-

564 2285 632 2354 ''lffl
652 2279 848 2351 ⁰⁰¹⁰¹¹¹¹¹¹¹l⁸
862 2300 968 2371 ΨΜ
985 2300 1064 2346 ‘²¹¹³
1079 2289 1125 2345 ⁸¹²
1139 2297 1355 2367 P'0‘m³g¹¹¹⁸
1371 2277 1549 2346 benefilu‘
1600 2306 1706 2380 diunt
1734 2309 1867 2382 oculos.
1925 2308 2027 2380 Talis
2055 2311 2166 2401 gratia
2198 2309 2350 2380 fideliter
2375 2310 2583 2382 docentibus

542 2383 751 2478 .8'³¹ll¹¹d⁰·
811 2377 972 2449 Primum
990 2400 1095 2469 ‘luam
1112 2377 1549 2469 lurpllesingsallmnffi
1599 2432 1701 2502 saepe
1725 2409 1896 2481 redditur.
1945 2405 2052 2506 Addo
2074 2424 2110 2483 et
2128 2410 2368 2481 narrationem
2384 2412 2428 2481 de
2445 2405 2584 2505 hospite

564 2506 683 2556 snmus
699 2480 795 2564 Deo,
821 2478 921 2549 cuius
940 2478 1109 2548 beneficia
1129 2478 1168 2547 in
1187 2477 1419 2547 fabricatione
1433 2477 1547 2547 nostri
1599 2510 1739 2599 ingrato
1769 2510 1939 2582 memoria
1967 2513 2110 2601 dignam
2167 2533 2257 2606 quae
2288 2511 2385 2604 apud
2414 2509 2585 2582 Senecam

563 2584 741 2677 corporis,
780 2581 820 2649 in
847 2581 1040 2650 donatione
1066 2581 1178 2664 vitae,
1208 2578 1247 2647 in
1278 2579 1446 2649 missione
1472 2578 1549 2664 lilii,
2120 2566 2131 2599 ’

1600 2625 1705 2682 extat.
1754 2608 1945 2704 Philippus
1968 2610 2118 2683 Macedo
2147 2615 2315 2684 audacem
2345 2612 2495 2683 militem
2521 2607 2586 2683 ba-

489 2757 492 2762 .
562 2682 794 2779 patefactione
808 2680 1007 2799 doctrinae,
1032 2681 1240 2799 collectione
1255 2673 1459 2798 Ecclesiae,
1477 2704 1548 2748 nu·
1599 2714 1697 2797 buit,
1721 2736 1827 2805 quem
1843 2709 2046 2785 uthabmt
2064 2715 2370 2807 obsequentiorem
2388 2714 2428 2782 in
2443 2713 2586 2805 perieu-

564 2786 750 2858 fricatione
770 2795 803 2853 et
825 2782 965 2851 assidua
986 2795 1223 2872 protectione,
1248 2793 1549 2876 quotusquisque
1598 2815 1661 2895 ἰὴ,
1686 2814 1820 2905 petenti
1841 2814 1975 2883 maiora
1997 2815 2154 2907 praemia
2177 2816 2276 2888 dedit
2296 2837 2404 2908 quam
2426 2816 2584 2887 cnemis·

563 2889 619 2958 “¹
635 2885 789 2959 tenuiter
804 2882 1012 2955 ⁰⁰⁰⁵id⁰f³l·
1598 2913 1690 2987 Cum
1714 2928 1831 2985 autem
1848 2916 1886 2983 in
1902 2938 2005 2985 saeva
2021 2928 2224 3005 tempestate
2239 2915 2390 2987 misisset
2404 2939 2488 2985 eum
2503 2939 2583 3006 spe-

665 3013 891 3113 Alplronsum
905 3013 1040 3105 Regem
1056 3014 1331 3108 Neapolitanum
1354 3019 1547 3109 sapientem
1598 3017 1754 3087 sulatum
1771 3016 1849 3085 loca
1863 3018 2056 3109 quaedam,
2080 3018 2222 3086 rediens
2238 3017 2340 3086 miles
2356 3018 2581 3107 naufragium

562 3123 764 3218 Principem
794 3130 958 3202 narrant,
988 3117 1019 3186 si
1046 3119 1188 3209 quando
1213 3119 1323 3189 iratus
1346 3119 1414 3189 fuit
1439 3120 1547 3191 alicui
1596 3118 1700 3198 facit,
1724 3130 1759 3188 et
1779 3117 1820 3185 iu
1842 3117 1933 3187 mari
1950 3118 2128 3208 periisset,
2154 3115 2225 3187 nisi
2240 3118 2444 3188 rusticnsin
2459 3117 2580 3188 vicino

561 3226 717 3316 ingrato,
743 3221 885 3292 solitum
905 3242 977 3288 sese
994 3219 1040 3288 ab
1054 3218 1152 3289 illios
1166 3219 1425 3310 vituperatione
1440 3244 1546 3292 revo-
1596 3219 1732 3304 littore,
1758 3232 1943 3309 conspecto
1957 3219 2054 3290 illius
2069 3217 2238 3311 periculo,
2263 3241 2415 3309 propere
2428 3219 2466 3288 in
2481 3242 2583 3313 cym-

561 3351 652 3408 eare,
670 3320 726 3395 his
742 3322 874 3394 verbis:
899 3316 976 3410 Ego
991 3344 1074 3390 vero
1090 3343 1153 3391 cur
1166 3315 1274 3391 buius
1290 3322 1414 3413 culpae
1427 3335 1546 3395 tanto·
1596 3322 1678 3391 bam
1695 3319 1948 3405 descendisset,
1973 3333 2007 3392 ct
2022 3344 2103 3392 eum
2118 3322 2205 3391 dum
2222 3319 2317 3389 inter
2330 3320 2460 3392 fluctus
2474 3319 2584 3392 iacta·

560 3453 645 3521 pere
663 3446 868 3506 succenseo,
894 3423 957 3512 qui
979 3445 1093 3490 meam
1117 3444 1277 3493 accusare
1300 3424 1416 3514 potius
1438 3425 1546 3495 debe-
1597 3436 1657 3494 tur
1682 3421 1882 3514 excepisset.
1943 3417 2106 3516 Cumque
2130 3420 2375 3492 semianimem
2397 3422 2436 3489 in
2456 3422 2581 3491 villam

560 3550 655 3609 rem,
681 3546 761 3592 cum
776 3521 853 3591 Deo
872 3521 984 3591 multo
1001 3521 1112 3611 magis
1127 3522 1283 3611 ingratus
1299 3523 1383 3604 sim,
1409 3524 1472 3617 qui
1487 3526 1546 3594 in·
1596 3542 1695 3594 suam
1725 3523 1892 3603 vexisset,
1924 3522 2044 3593 triduo
2073 3542 2154 3592 eum
2182 3522 2337 3593 officiose
2361 3532 2512 3607 recreat,-
2544 3535 2580 3592 et

561 3623 795 3696 numerabilia
811 3623 906 3693 bona
920 3617 1011 3691 mihi
1026 3622 1163 3694 tribuit.
1214 3621 1284 3693 Sed
1300 3647 1365 3693 oro
1379 3648 1479 3709 carm,
1504 3640 1546 3697 ut
1595 3635 1790 3694 recreatum
1820 3623 1950 3693 viatico
1981 3624 2138 3695 iustruit.
2200 3620 2266 3692 llle
2293 3623 2477 3693 discedens
2493 3645 2580 3715 pro-

561 3724 628 3797 bae
655 3724 875 3796 confessione
899 3747 997 3793 meae
1017 3723 1141 3813 culpae
1163 3722 1327 3795 leniatur.
1386 3722 1465 3795 Hoc
1488 3748 1544 3796 sa·
1595 3725 1702 3794 mittit
1718 3746 1754 3792 se
1773 3724 1981 3793 beneficium
1999 3725 2075 3793 eius
2090 3721 2181 3815 Regi
2197 3723 2483 3814 praedicaturum
2497 3746 2583 3810 esse,

559 3826 773 3921 pientissimi
785 3823 894 3914 Regis
910 3824 1109 3912 exemplum
1125 3844 1225 3913 saepe
1239 3826 1482 3907 recordemur,
1509 3841 1544 3898 et
1594 3839 1629 3896 et
1651 3823 1887 3915 perfecturum
1909 3837 1949 3896 ut
1969 3824 2002 3895 ei
2025 3824 2137 3915 gratia
2160 3826 2342 3897 referatur.
2398 3820 2580 3896 Reversus

558 3941 716 3997 nostram
733 3925 1023 4016 ingratitudinem
1040 3922 1273 4011 deploremus.
1323 3923 1465 4015 Singuli
1480 3928 1543 3997 de·
1593 3927 1638 3996 ad
1654 3921 1863 4015 Philippum
1885 3939 2007 3996 narrat
2029 3926 2268 4017 naufragium,
2294 3922 2463 3992 beneficia
2485 3923 2578 3992 libe-

559 4030 644 4098 inde
677 4041 841 4119 parentes
871 4036 1007 4092 vestros
1040 4021 1269 4112 intueamini,
1313 4039 1347 4096 et
1383 4028 1542 4118 cogitetis
1592 4027 1719 4097 tatoris
1733 4026 1789 4095 sui
1802 4037 1916 4097 astute
1931 4028 2102 4107 occultat,
2128 4041 2162 4098 et
2176 4037 2216 4095 nt
2231 4033 2366 4091 norunt
2378 4021 2479 4091 aulae
2494 4043 2576 4092 ver-

558 4141 690 4224 qnanta
713 4149 768 4196 res
784 4126 831 4196 sit
846 4117 983 4221 στοργὴ
999 4122 1036 4191 iu
1047 4125 1220 4196 'cordibus
1233 4151 1356 4197 eorum
1371 4151 1452 4218 erga
1467 4152 1541 4211 vos,
1592 4151 1670 4198 sum
1685 4124 1850 4196 Hesiodi:

525 4246 528 4253 ’
558 4243 691 4323 quanta
712 4225 932 4311 sollicitudo,
958 4239 1129 4317 quantum
1146 4228 1309 4298 laborum
1326 4244 1360 4301 et
1375 4230 1540 4302 dolorum
1688 4222 1786 4297 aldais
1807 4220 1866 4289 οὐκ
1886 4221 1993 4306 &fail
2015 4213 2197 4301 *ἕκιημθθι
2220 4213 2323 4300 ἄιδθα
2344 4215 2467 4296 ’‘wll“-

557 4331 597 4400 in
619 4328 846 4411 educatione,
871 4326 911 4394 in
931 4324 1087 4412 morbis,
1113 4341 1146 4398 et
1166 4330 1246 4400 aliis
1271 4331 1446 4422 periculis.
1496 4330 1540 4401 ln
1592 4327 1771 4400 Audacter
1793 4329 1908 4421 poscit
1928 4350 1991 4416 pro
2014 4323 2135 4392 labore
2155 4321 2370 4411 praemium,
2393 4336 2428 4393 et
2451 4340 2576 4397 narrat

556 4428 623 4502 bac
647 4427 925 4502 consideratione
949 4428 1106 4498 saniores
1127 4452 1248 4499 omnes
1273 4433 1374 4501 valde
1392 4433 1538 4522 pudebit
1590 4433 1629 4501 in
1650 4455 1691 4500 eo
1711 4431 1831 4501 littore
1855 4427 1975 4497 villam
1999 4436 2096 4507 esse,
2124 4445 2230 4515 quam
2252 4436 2422 4516 tanquam
2443 4446 2576 4497 monu-

556 4530 823 4623 iugratitudinis
843 4553 938 4603 suae.
994 4527 1137 4616 Quanta
1158 4533 1378 4601 coutumacia
1400 4545 1453 4603 est
1471 4534 1540 4602 ad·
1589 4546 1749 4603 mentum
1771 4530 1830 4601 sui
1849 4526 1999 4620 periculi
2022 4525 2092 4595 sibi
2116 4523 2243 4594 donari
2258 4526 2361 4618 petit.
2412 4523 2493 4598 Rex
2508 4529 2576 4598 do·

556 4654 678 4699 versus
697 4629 944 4716 Magistratus,
967 4628 1131 4699 Pastores
1144 4625 1380 4701 Ecclesiarum
1405 4647 1439 4705 et
1452 4633 1540 4702 lide·
1589 4647 1651 4706 uat
1668 4647 1702 4709 et
1717 4631 1826 4704 mittit
1839 4641 2082 4724 quaestorem,
2105 4627 2168 4719 qui
2182 4626 2215 4696 ei
2232 4627 2485 4719 possessionem
2501 4644 2574 4700 tra·

555 4730 607 4798 les
630 4727 810 4800 Doctores.
875 4727 1023 4799 Miserat
1044 4726 1173 4799 Carolo
1196 4734 1321 4817 Magno
1344 4730 1540 4820 imperator
1590 4736 1661 4809 dat.
1711 4731 1818 4810 Dolet
1832 4730 2038 4807 toronicus.
2052 4754 2093 4801 ex
2109 4742 2221 4799 suoet
2236 4729 2412 4799 maiorum
2427 4753 2573 4801 suornm

555 4827 970 4916 constantinopolitanus
991 4829 1084 4897 inter
1103 4829 1171 4898 alia
1191 4831 1284 4918 regia
1297 4832 1390 4902 dona
1406 4834 1538 4906 librum
1587 4838 1701 4922 fundo
1724 4832 1937 4928 expelli,‚,etss
1952 4833 2096 4926 quidem
2120 4828 2375 4897 benemeritam
2389 4832 2434 4900 de
2450 4831 2574 4904 milite.

553 4928 718 5024 Dionysii
739 4949 902 5017 graecum
933 4942 1091 4998 accurate
1111 4929 1303 5021 scriptum,
1344 4934 1413 5005 fuit
1443 4936 1537 5007 enim
1586 4933 1747 5030 Exponit
1768 4930 2082 5035 ignaeQuastori
2101 4926 2275 5011 integram
2296 4929 2380 5003 facti
2395 4933 2575 5009 narratio-

555 5031 641 5101 olim
658 5027 812 5119 Regium
835 5026 917 5097 talia
939 5027 1051 5112 dona,
1077 5041 1112 5100 et
1133 5031 1255 5102 dantes
1278 5046 1312 5104 et
1328 5036 1538 5130 accipientes
1587 5062 1689 5123 nem,
1715 5054 1825 5131 ῳιιιιιι
1844 5029 2074 5121 miles,·quie¹
2091 5046 2218 5112 negare
2241 5050 2316 5098 non
2339 5045 2495 5122 poterat,
2519 5037 2573 5103 fa·

520 5142 522 5149 ’
553 5131 798 5220 magnifacere.
861 5125 966 5198 Nunc
992 5143 1123 5222 quanta
1152 5132 1198 5203 s'it
1215 5130 1337 5207 'huius
1367 5142 1538 5231 temporis
1568 5153 1682 5223 'tetur
1705 5158 1823 5207 veram
1847 5156 1930 5204 esse.
1962 5126 2115 5205 ¹,Censet
2138 5126 2247 5221 igitur
2270 5128 2447 5218 Quaestor
2469 5155 2569 5209 man-

553 5231 754 5315 barbaries‚
779 5252 900 5301 reeens
914 5231 1111 5320 exemplum
1128 5238 1294 5313 ostendit.
1343 5234 1426 5309 Non
1440 5241 1538 5311 enim
1587 5242 1669 5311 data
1692 5235 1890 5308 differenda
1909 5249 2004 5311 esse,
2028 5239 2065 5296 et
2084 5225 2181 5297 iubet
2195 5244 2376 5323 utrunque
2389 5235 2567 5305 secum-ad

552 5335 666 5405 multo
686 5345 768 5403 ante
792 5342 941 5402 mortem
956 5330 1108 5425 inclytus
1122 5330 1348 5409 RexDaniae
1361 5335 1537 5411 Christia-
1585 5336 1719 5427 Regem
1743 5328 1926 5423 proficisci·
1950 5344 1953 5354 '
1992 5325 2107 5398 Audit
2128 5326 2436 5421 Rex.poste⁵s0ri⁸
2459 5333 2568 5401 meri·

552 5456 621 5506 nus
651 5434 748 5503 misit
778 5444 982 5502 automaton
1009 5447 1214 5531 argenteum
1236 5454 1396 5512 motuum
1420 5441 1536 5511 coele·
1585 5453 1681 5519 tum,
1705 5448 1745 5505 et¹
1760 5428 1916 5501 officiunt
1942 5426 2017 5498 eins
2037 5430 2177 5516 laudat,
2201 5445 2238 5509 st
2258 5433 2356 5508 iubet
2377 5444 2462 5500 eum'
2478 5433 2567 5503 reti·

551 5538 676 5621 stium,
703 5548 738 5607 et
751 5533 934 5605 artificiose
950 5534 1101 5618 factum,
1125 5541 1173 5607 ad
1186 5535 1321 5612 Ducem
1329 5539 1535 5611 Moscovio-
1569 5557 1670 5627 nere
1693 5532 1834 5614 villam,
1857 5552 1948 5623 quae
1970 5543 2005 5601 el
2027 5531 2179 5602 maiores
2196 5531 2356 5622 ipsimet
2372 5529 2487 5622 ipsum
2502 5559 2568 5605 va·

551 5663 648 5726 rum,
681 5652 721 5710 ut
752 5636 961 5720 nominant,
991 5640 1209 5729 acturus-de
1230 5646 1330 5738 pace
1350 5638 1542 5713 Linonine.¹
1568 5636 1718 5731 aientes
1733 5645 1935 5723 exceperat..
1981 5630 2142 5732 ¹Militem
2159 5633 2257 5709 iubet
2266 5654 2351 5707 ,cum
2367 5631 2567 5761 ignominia

613 1547 647 1610 st
662 1559 695 1606 tn
710 1546 822 1605 oblitus
839 1564 887 1619 es,
915 1554 946 1601 at
960 1537 1015 1601 Dii
1028 1545 1246 1617 meminerunt,
1272 1542 1411 1600 meminit
1423 1538 1508 1606 fides.

612 1643 699 1737 Quae
714 1658 744 1708 te
759 1660 794 1707 ut
807 1645 961 1728 poeniteat
981 1642 1142 1723 postmodo
1156 1642 1230 1704 l'aoti
1242 1642 1332 1703 faeiat
1347 1645 1402 1703 tul.
