6025 6775
994 552 1144 630 635

2539 506 3517 591 DISPUTATIONES

4841 630 4852 639 ⁸
4902 517 5068 597 636

1206 720 1279 791 δ.
1343 711 1499 786 Etsi
1530 723 1763 782 autem
1799 691 2062 796 species
2088 690 2443 765 Ecclesiae
2474 687 2683 757 valde
2714 699 2982 757 moesta
3032 706 3044 775 ,ι
3089 687 3297 764 ssatus
3331 686 3612 756 divinos
3642 682 3796 754 fieri
3824 680 3979 755 sine
4008 707 4178 755 voce
4214 697 4284 757 et
4314 684 4730 777 cogitatione
4768 693 5072 785 scriptae

1011 842 1154 908 est,
1212 838 1451 895 tamen
1497 826 1567 884 et
1612 823 2066 904 quaeramus,
2116 818 2297 889 quae
2343 792 2437 861 sit
2480 787 2793 861 Ecclesia
2827 786 2987 867 Dei,

1012 946 1090 1002 et
1116 926 1245 1000 ubi
1287 922 1419 1005 sit,
1484 930 1556 986 et
1597 912 1898 984 sciamus
1942 922 2089 969 esse
2138 898 2504 965 immotam
2550 893 2986 962 voluntatem

3093 788 3484 861 doctrinae.

3296 903 3371 977 9.
3440 903 3587 976 Nec
3619 903 3939 974 membra
3986 916 4156 975 sunt
4199 899 4560 976 Ecclesiae
4589 901 4726 975 Dei
4751 904 5074 1001 Papistae

1018 1031 1202 1112 Dei,
1247 1038 1330 1096 ut
1364 1015 1623 1107 singuli
1664 1029 1796 1077 nos
1832 1006 1912 1073 in
1960 1022 2115 1070 eam
2158 993 2874 1112 simili-invocatione
2921 1003 2991 1061 et
3097 1007 3551 1101 pertinaciter
3578 1006 4034 1078 defendentes
4066 1007 4282 1093 idola,
4335 1009 5078 1101 quorum'multicon-

1022 1123 1463 1202 eduressione
1502 1111 1979 1186 includamus,
2028 1113 2097 1169 ²2
2138 1122 2290 1166 eam
2337 1096 2752 1183 d¹¹¹8³m¹²⁸2
2801 1105 2993 1163 ¹⁰¹¹³
3101 1127 3207 1183 tra
3273 1108 3774 1179 conscientiam
3838 1118 4282 1180 assentantur
4345 1109 4796 1202 potentibus,
4872 1114 5084 1183 multi

1026 1236 1336 1304 dictum:
1384 1220 1656 1305 Rogate
1688 1229 1867 1303 quae
1901 1206 1984 1273 ad
2022 1223 2260 1293 pacem
2291 1211 2459 1267 sunt
2488 1195 2894 1267 Ierusalem.

3101 1211 3423 1283 fascinati
3451 1233 3578 1280 sua
3612 1209 3996 1300 sapientia,
4049 1212 4311 1283 nolunt
4347 1211 4799 1282 considerare
4846 1214 5085 1283 mani-

1230 1326 1303 1397 4.
1361 1318 1539 1388 Vult
1565 1313 1755 1385 Deus
1793 1303 2104 1397 c0¹¹·‘’l³iti
2153 1314 2219 1370 Εἴ
2266 1296 2582 1368 ‘nudiri
2610 1294 2998 1367 Beck-‘’3⁸¹“
3105 1317 3274 1383 festa
3318 1311 3721 1382 testimonia
3768 1311 4011 1380 divina
4060 1311 4140 1381 in
4185 1313 4466 1404 scriptis
4524 1309 4964 1405 propheticis
5021 1330 5091 1388 et

1029 1438 1109 1504 in
1140 1448 1390 1522 genere
1421 1416 1776 1500 humano,
1829 1407 2007 1477 sicut
2039 1403 2376 1493 scripturn
2408 1412 2544 1469 est:
2600 1397 2685 1467 Iu
2713 1421 3000 1517 omnem
3048 1496 3049 1502 ἵ
3109 1414 3509 1504 apostolici,
3576 1414 3855 1487 gradum

2283 1499 2381 1573 Et
2434 1499 2728 1572 trad1d1t
2783 1521 3005 1587 signa,

1027 1553 1291 1607 terram
1353 1519 1568 1593 exivit
1629 1535 1845 1583 sonus
1895 1530 2170 1579 eorum.

1029 1658 1161 1730 per
1186 1648 1361 1724 quae
1390 1617 1673 1711 agnosci
1705 1626 1952 1705 potest,
1998 1630 2179 1702 quae
2209 1618 2374 1675 sunt
2403 1601 2565 1691 tria,
2610 1626 2746 1671 vox
2765 1595 3007 1670 Evan-

1033 1730 1201 1826 gelii
1246 1729 1700 1812 incorrupta,
1768 1712 2126 1804 legitimus
2167 1729 2339 1778 usus
2365 1703 3010 1783 sacramentorum,

1035 1852 1107 1906 et
1159 1824 1563 1902 obedientia
1610 1817 1845 1889 debita
1887 1809 2301 1882 ministerio.
2436 1802 2605 1875 Ideo
2656 1803 3011 1905 visibilem

1030 1931 1424 2009 Ecclesiam
1458 1926 1536 1994 iu
1572 1917 1704 1992 hac
1731 1918 1877 1987 vita
1908 1914 2006 1983 sic
2039 1910 2442 1982 definimus.
2552 1902 2869 1975 Ecclesia
2901 1902 3010 1970 vi-

1036 2020 1267 2110 sibilis
1294 2043 1399 2100 est
1421 2024 1658 2097 coetus
1679 2012 2248 2110 amplectentium
2276 2010 2756 2097 incorruptam
2772 2001 3017 2076 Evan-

1041 2137 1208 2228 gelii
1240 2130 1634 2202 doctrinam
1653 2178 1673 2207 ,
1724 2137 1794 2193 et
1824 2113 2093 2187 habens
2124 2112 2513 2201 legitimum
2541 2132 2747 2179 usum
2766 2105 3017 2178 Sacra-

1041 2250 1477 2315 mentorum,
1519 2228 1593 2295 iu
1626 2246 1765 2317 quo
1798 2233 2001 2290 coetu
2027 2214 2214 2284 filius
2230 2211 2362 2282 Dei
2393 2234 2518 2301 per
2543 2208 3019 2278 ministerium

1042 2332 1424 2426 Evangelii
1455 2343 1643 2401 certo
1687 2336 1790 2394 est
1830 2320 2108 2401 efficax,
2161 2329 2230 2387 et
2275 2314 2351 2381 in
2401 2310 2642 2380 multis
2684 2310 3021 2380 noticiam

1047 2436 1319 2512 aeterni
1380 2431 1600 2526 patris
1653 2420 2014 2506 accendit,
2091 2416 2217 2509 qui
2261 2414 2561 2484 credunt
2612 2434 2688 2481 se
2737 2422 3023 2503 propter

1046 2543 1275 2610 filium
1310 2531 1531 2626 recipi
1548 2543 1709 2618 „gt
1739 2547 1857 2594 eos
1887 2518 2269 2591 sanctificat
2301 2514 2575 2606 Spiritu
2607 2536 2733 2582 suo
2764 2523 3028 2593 sancto,

1054 2657 1126 2712 et
1168 2656 1406 2712 tamen
1453 2645 1619 2703 sunt
1660 2629 1742 2697 in
1794 2626 2041 2694 eodem
2084 2629 2288 2689 coetu
2333 2615 2544 2687 multi
2584 2638 2735 2684 non
2782 2612 3028 2696 sancti,

1048 2743 1174 2812 sed
1224 2742 1313 2808 de
1358 2733 1681 2806 doctrina
1728 2722 2267 2798 consentientes.
2398 2716 2518 2787 Sic
2578 2719 2667 2784 de
2710 2711 3023 2786 Ecclesia

1051 2841 1376 2936 loquitur
1407 2833 1760 2907 Dominus
1794 2828 1870 2896 in
1903 2818 2518 2902 similitudinibus,
2567 2811 2828 2891 Mattb.
2862 2814 2978 2886 1³.

1261 2940 1333 3014 5.
1418 2933 1570 3006 Hac
1614 2928 2028 3001 definitione
2080 2918 2508 3004 confirmati,
2578 2918 2842 2987 scimus
2892 2917 3032 2984 im-

1054 3041 1394 3140 possibile
1436 3059 1579 3107 esse
1605 3009 2154 3104 Mahtimeticam
2196 3019 2571 3091 colluviem
2609 3042 2755 3090 esse
2788 3014 3036 3089 Eccle-

1057 3148 1231 3219 siam
1265 3140 1441 3225 Dei,
1480 3141 1889 3229 quanquam
1933 3141 2004 3198 et
2040 3146 2295 3213 magua
2344 3135 2486 3207 est,
2529 3134 2599 3190 et
2650 3117 2865 3189 habet
2904 3142 3036 3203 po-

1053 3244 1446 3319 tentissima
1483 3236 1800 3329 imperia.
1906 3221 2095 3317 Quia
2125 3222 2561 3316 impossibile
2591 3232 2696 3288 est
2721 3241 2867 3288 esse
2896 3214 3036 3287 Ec-

1058 3347 1347 3421 clesiam
1375 3341 1511 3416 Dei
1553 3360 1708 3422 eos,
1775 3333 1902 3428 qui
1945 3332 2256 3401 fatentur
2302 3348 2374 3394 se
2403 3316 2921 3412 Prophetarum
2968 3333 3036 3388 et

1058 3448 1572 3540 Apostolorum
1615 3439 1838 3509 libros
1878 3456 2011 3502 nec
2058 3432 2325 3518 legere,
2391 3448 2522 3493 nec
2568 3423 2907 3513 probare,
2969 3433 3032 3489 ct

1050 3553 1298 3643 ,palam
1327 3542 1769 3614 contendunt
1806 3537 1884 3604 in
1914 3528 2050 3601 hoc
2083 3525 2139 3597 I
2148 3547 2236 3646 es·
2257 3553 2302 3595 ιι
2322 3576 2342 3606 ,
2407 3523 2534 3617 qui
2573 3523 3036 3615 lerosolymae

1065 3647 1437 3722 crucifixus
1467 3652 1569 3710 est
1599 3653 1669 3710 et
1702 3661 1784 3706 ex
1812 3645 2038 3705 morte
2071 3642 2363 3713 revixit,
2410 3637 2688 3695 tantum
2721 3646 2865 3693 esse
2909 3647 3036 3691 na-

1060 3767 1295 3823 turam
1323 3742 1745 3824 humanam,
1796 3749 1865 3807 et
1904 3733 2182 3810 rident,
2228 3741 2568 3820 tanquam
2597 3724 2909 3804 fabulas,
2961 3748 3036 3793 ea

1062 3872 1247 3946 quae
1273 3845 1761 3922 adfirmamus,
1814 3838 1904 3904 de
1942 3852 2241 3926 persona
2292 3828 2502 3898 missa
2531 3828 2619 3896 ad
2650 3824 3040 3897 Ecclesiam

1061 3954 1156 4025 ab
1185 3947 1427 4030 initio,
1485 3936 1654 4012 item
1702 3941 1789 4009 de
1838 3932 2067 4007 hostia
2106 3955 2238 4024 pro
2266 3952 2524 4021 genere
2552 3925 2903 4014 humano,
2971 3941 3040 3997 et

1067 4057 1158 4123 «lc
1188 4047 1462 4121 iusticia
1499 4043 1684 4114 fidei.

1271 4150 1341 4226 6.
1403 4144 1502 4218 Et
1528 4138 1960 4232 impossibile
1995 4149 2097 4208 est
2139 4157 2285 4205 esse
2331 4133 2650 4202 membra
2678 4124 3040 4201 Ecclesiae

1064 4251 1206 4328 Dei
1249 4252 1426 4322 alios
1472 4244 1799 4316 similiter
1843 4237 2389 4310 contumeliosos
2434 4237 2769 4303 adversus
2813 4232 3036 4301 filium

1060 4355 1204 4432 Dei
1220 4369 1262 4440 ,⁸
1313 4350 1557 4446 quales
1597 4342 1807 4416 multi
1847 4353 1916 4410 et
1961 4352 2128 4410 sunt
2173 4351 2240 4408 et
2288 4349 2540 4419 erunt,
2597 4347 2678 4406 ut
2707 4331 3040 4405 Servetus

1066 4472 1139 4530 et
1184 4455 1452 4528 Petrus'
1483 4448 1770 4544 Conyza
1817 4442 2204 4523 Lituanus,
2282 4437 2452 4531 quia
2505 4434 2848 4525 scriptum
2905 4447 3040 4503 cst:
3086 4536 3088 4539 ι

1068 4557 1215 4648 Qui
1248 4583 1394 4626 non
1426 4550 1728 4623 honorat
1767 4544 2035 4627 filium,
2084 4563 2231 4608 non
2264 4532 2571 4607 honorat
2607 4544 2899 4625 patrem.

1269 4657 1340 4729 7.
1406 4654 1647 4724 Maior
1687 4642 2101 4718 Thammeri
2145 4641 2375 4711 rabies
2427 4648 2565 4719 est,
2617 4634 2742 4727 qui
2778 4657 3036 4702 nomen

1067 4751 1205 4829 filii'
1241 4756 1375 4829 Dei
1435 4768 1502 4824 et
1548 4750 1858 4843 Spiritus
1891 4743 2113 4814 sancti
2159 4739 2614 4811 transformat
2655 4735 2732 4802 in
2776 4734 3036 4824 alle'go—

1066 4864 1245 4940 rias,
1298 4856 1588 4948 perinde
1633 4873 1711 4918 ac
1755 4846 1816 4914 si
1849 4844 2143 4914 Hesiodi
2196 4836 2646 4928 theogoniam
2692 4837 3036 4929 interpre-

1068 4974 1370 5038 taretur,
1448 4969 1514 5025 et
1569 4948 1736 5019 facit
1777 4945 2201 5033 religionum
2268 4939 2753 5022 confusiones,
2839 4940 3036 5032 quasi

3984 1408 4081 1483 Et
4141 1415 4276 1484 sibi
4338 1428 4736 1506 praetextus
4787 1416 5089 1505 fingunt,

3110 1519 3359 1585 dicunt
3418 1516 3679 1605 scripta
3728 1508 4133 1606 prophetica
4196 1529 4264 1586 et
4332 1517 4713 1607 apostolica
4750 1519 5083 1607 ambigua

3113 1641 3294 1701 esse,
3371 1618 3785 1687 sumendam
3838 1617 4494 1707 interpretationem
4561 1643 4643 1688 ex
4711 1619 5087 1698 autoritate

3113 1717 3573 1803 Pontificum,
3654 1731 3738 1788 ut
3798 1718 3876 1786 in
3934 1717 4222 1789 iudiciis
4282 1720 4652 1808 civilibus,
4726 1719 4920 1812 regia
4971 1721 5082 1791 vel

3113 1820 3463 1912 praetoria
3491 1819 3830 1890 autoritas
3859 1832 3964 1890 est
3983 1818 4329 1913 interpres
4359 1823 4614 1913 legum.

3324 1955 3442 2027 10.
3493 1951 3835 2024 Tenenda
3866 1966 3970 2025 est
3996 1956 4275 2046 regula:
4329 1954 4407 2027 Si
4438 1957 4600 2051 quis
4633 1958 4822 2030 aliud
4843 1953 5090 2031 Evan-

3122 2055 3382 2148 gelium
3418 2058 3660 2137 docet,
3712 2052 4083 2127 anathema
4111 2058 4229 2129 sit.
4306 2056 4489 2129 Cum
4524 2058 5081 2153 igiturPapistae

3124 2159 3385 2227 multos
3412 2179 3703 2245 magnos
3744 2180 4016 2228 errores
4063 2173 4307 2230 contra
4351 2160 4723 2230 manifesta
4769 2162 5090 2233 testimo-

3123 2260 3241 2328 nia
3274 2256 3644 2348 Evangelii
3694 2273 3761 2330 et
3810 2259 4294 2353 symbolorum
4347 2261 4768 2345 defendant,
4812 2285 5102 2335 necesse

3127 2373 3226 2431 est
3265 2362 3355 2429 ab
3384 2360 3484 2429 cis
3518 2360 3889 2430 dissentire
3922 2374 3988 2430 et
4017 2361 4394 2432 discedere.
4498 2361 4646 2452 Qui
4687 2363 4829 2433 sint
4855 2378 5093 2435 autem

3128 2485 3398 2531 errores
3444 2461 3805 2553 papistici,
3856 2462 4201 2531 consessio
4235 2464 4630 2534 communis
4659 2458 4924 2535 'harum
4951 2463 5094 2535 Ec·-

3129 2565 3496 2633 clesiarum
3531 2564 3877 2644 ostendit,
3926 2565 4011 2632 ad
4051 2587 4263 2656 quam
4306 2587 4436 2634 nos
4474 2566 4877 2647 referimus,
4927 2566 5099 2658 qnia

3131 2679 3359 2736 totum
3392 2686 3647 2754 corpus
3679 2662 4042 2733 doctrinae
4080 2663 4452 2756 complecti
4480 2668 4806 2736 docentes
4844 2666 4921 2734 in
4953 2662 5098 2736 Ec-

3123 2768 3341 2835 clesia
3373 2778 3669 2858 oportet.
3741 2764 3887 2836 Nec
3915 2765 4082 2835 satis
4111 2780 4213 2837 est
4239 2789 4606 2856 excerpere
4631 2789 4857 2836 unum
4887 2780 5100 2860 atque

3129 2870 3433 2938 alterum
3477 2866 3915 2952 membrum,
3964 2868 4153 2960 quod
4189 2866 4666 2959 plausibiliter
4693 2867 5104 2957 exagitetur,

3136 2983 3206 3040 et
3267 2969 3343 3036 in
3405 2969 3726 3051 caeteris,
3796 2982 4020 3038 astute
4085 2969 4439 3040 occultare
4495 2969 4954 3054 sententiam,
5017 2983 5101 3041 ut

3136 3070 3516 3141 Staucarus
3562 3083 3629 3139 et
3672 3070 3877 3139 multi
3927 3094 4212 3139 errones
4264 3069 4555 3145 faciunt.
4687 3069 4922 3158 Facile
4972 3082 5100 3155 est,

3138 3171 3372 3263 inquit
3400 3169 3921 3248 Nazianzenus.
3972 3165 4522 3262 reprehendere,
4572 3172 4693 3243 sed
4743 3184 4933 3242 recta
4970 3174 5101 3241 do-

3138 3295 3293 3341 cere
3325 3272 3646 3356 difficile,
3696 3268 4401 3343 sicutDemosthenes
4437 3274 4708 3367 iuquit:
4759 3271 5102 3366 ἐπιτιμᾶν

3138 3370 3414 3454 παντὸς
3445 3370 3636 3460 ἐστὶ,
3685 3367 4223 3468 συμβουλεύειν
4251 3368 4333 3449 δὲ
4366 3370 4454 3448 οὐ
4482 3369 4782 3457 παντὸς.

3348 3511 3465 3579 11.
3522 3507 3923 3598 Utrumque
3956 3509 4106 3579 vult
4141 3508 4405 3581 Paulus
4447 3511 4811 3580 doctorem
4853 3509 5112 3592 facere.

3137 3623 3218 3680 ut
3267 3611 3349 3678 ad
3402 3610 3651 3680 Titum
3695 3610 3970 3680 scribit:
4052 3607 4499 3702 ἀντέχεσθαι
4543 3615 4681 3682 τοῦ
4731 3606 4925 3682 κατὰ
4964 3608 5106 3704 τὴν

3141 3707 3461 3803 διδαχὴν
3511 3715 3776 3783 πιστοῦ
3827 3704 4091 3809 λόγου,
4167 3709 4295 3781 καὶ
4357 3709 4534 3792 τούς
4593 3708 5112 3810 ἀντιλέγοντας

3142 3811 3477 3910 ἐλέγχειν.
3580 3809 4057 3882 Adfirmamus
4098 3812 4314 3900 igitur
4343 3816 4593 3884 nosde
4625 3827 4776 3886 toto
4819 3838 5110 3907 corpore

3141 3915 3504 3984 doctrinae
3548 3913 3878 4004 amplecti
3920 3913 4174 4002 scripta
4221 3911 4636 4009 prophetica
4701 3929 4770 3987 et
4826 3930 5107 4007 aposto-

3140 4016 3312 4100 lica,
3361 4029 3427 4084 et
3456 4017 3743 4108 quidem
3781 4016 3855 4083 in
3889 4039 3966 4083 ea
3999 4018 4383 4102 sententia,
4450 4041 4631 4111 quae
4668 4017 4744 4086 in
4774 4017 5116 4111 symbolis

3139 4138 3463 4209 expressa
3496 4129 3639 4201 est,
3704 4128 3771 4186 et
3814 4132 3993 4208 qu'ae
4040 4116 4379 4189 recitatur
4413 4120 4494 4190 in
4533 4119 4898 4189 communi
4937 4143 5114 4189 con-

3140 4219 3442 4287 fessione
3474 4217 3659 4287 edita
3691 4241 3851 4286 cum
3899 4209 4540 4308 subscriptionibus
4589 4219 4990 4288 docentium
5027 4219 5107 4288 in

3140 4316 3275 4390 hac
3304 4316 3617 4390 Ecclesia
3651 4331 3721 4387 et
3753 4317 4039 4405 vicinis,
4091 4332 4162 4389 et
4193 4324 4582 4403 contrarias
4607 4330 4823 4388 sectas
4851 4331 4921 4390 et
4946 4319 5106 4411 opi..

3143 4422 3394 4491 niones
3422 4420 3799 4490 reiicimus.

3354 4539 3469 4609 12.
3532 4536 3693 4607 Non
3727 4549 3831 4606 est
3870 4537 4155 4632 alligata
4185 4533 4495 4609 Ecclesia
4537 4535 4626 4605 ad
4673 4538 5115 4611 ordinariam

3143 4636 3669 4708 successionem
3718 4634 4275 4732 Episcoporum,
4323 4638 4440 4706 sed
4486 4638 4575 4705 ad
4621 4633 5117 4729 Evangelium.

3145 4738 3256 4809 lbi
3286 4753 3388 4809 est
3416 4734 3731 4809 Ecclesia
3768 4738 3938 4825 Dei,
3986 4742 4113 4811 ubi
4141 4765 4274 4812 vox
4307 4733 4682 4827 Evangelii
4729 4755 4832 4813 est
4874 4742 5115 4812 incor-

3141 4854 3378 4932 rupta,
3406 4840 3599 4909 iuxta
3631 4841 3934 4911 dictum:
3990 4837 4184 4912 Oves
4214 4863 4408 4907 meae
4443 4865 4688 4910 vocem
4725 4865 4951 4913 meam
4987 4868 5116 4914 au-

3144 4944 3375 5011 diunt.
3467 4937 3562 5010 Et
3612 4943 3980 5012 manifeste
4041 4943 4301 5012 dicitur
4362 4957 4612 5013 contra
4670 4940 5122 5036 blasphemos

1065 5050 1308 5151 gentes
1338 5060 1623 5148 ignarae
1639 5044 2055 5136 Evangelii,
2104 5066 2375 5134 semper
2411 5053 2480 5112 et
2506 5040 2773 5111 fuerint
2801 5055 2866 5111 et
2899 5041 3040 5108 sint
3144 5045 3477 5113 iactantes
3516 5043 3959 5114 ordinarium
4004 5041 4551 5113 successionem:
4607 5043 4754 5113 Vos
4798 5070 4882 5116 ex
4925 5062 5122 5140 patre

1064 5161 1379 5235 Ecclesia
1427 5156 1599 5239 Dei,
1641 5151 1809 5245 quia
1854 5141 2218 5217 Christum
2263 5145 2541 5226 norint,
2595 5143 2665 5212 id
2718 5157 2859 5228 est,
2908 5140 3044 5210 ali-
3143 5141 3453 5215 Diabolo
3486 5146 3671 5220 estis.
3761 5144 4187 5238 Quanquam
4223 5166 4483 5213 nomen
4522 5147 4927 5218 ordinariae
4961 5170 5116 5217 suc·

1066 5287 1280 5360 quam
1309 5258 1616 5334 habeant
1657 5252 1830 5342 legis
1875 5246 2228 5319 noticiam.
2326 5244 2533 5316 Hanc
2578 5245 2770 5314 enim
2817 5243 3044 5313 inter·-
3145 5246 3482 5316 cessionis
3514 5242 3701 5316 nihil
3732 5260 3857 5330 est,
3898 5246 4035 5316 nisi
4069 5249 4319 5340 σχῆμα
4347 5239 4599 5344 λόγου,
4635 5272 4794 5317 cum
4823 5246 5113 5333 collegia

1061 5379 1380 5463 pretatur
1406 5383 1557 5432 esse
1584 5350 1944 5429 Christum
1962 5401 1985 5431 ,
2036 5348 2447 5442 sapientiam
2474 5344 2637 5417 Dei.
2846 5373 2866 5381 ·
3113 5442 3114 5446 Ἴ
3147 5349 3290 5416 sint
3313 5349 3370 5417 si
3381 5372 3466 5417 ne
3502 5348 3812 5441 antiquis
3843 5347 4351 5427 monumentis,
4399 5348 4555 5418 siue
4581 5349 4827 5419 studiis
4852 5345 5116 5417 doctri-

1267 5466 1339 5542 8.
1449 5462 1728 5534 Interea
1793 5466 1864 5526 et
1929 5447 2530 5526 Stenckefeldifflfi
2596 5439 3044 5537 blasphemas
3146 5473 3279 5519 nae
3308 5463 3378 5519 et
3405 5448 3698 5540 pietatis,
3741 5448 3895 5518 sine
3917 5450 4241 5542 iegitima
4272 5449 4635 5536 electione,
4671 5447 4924 5518 similia
4952 5470 5119 5516 cen-

1063 5569 1451 5645 rautilenas
1494 5549 1752 5641 edunt,
1812 5559 1888 5626 in
1932 5555 2195 5651 quibus
2235 5565 2317 5622 ut
2357 5547 2587 5641 furiae
2629 5546 3044 5628 diabolicae,
3100 5565 3101 5568 ’
3149 5562 3515 5621 taurorum
3563 5548 4008 5622 exercitibus.
4108 5549 4417 5622 Basilius
4460 5551 4590 5635 ait,
4652 5572 4726 5617 se
4771 5542 5122 5619 Ecclesias

996 5694 1005 5703 “
1058 5685 1358 5759 canunt,
1408 5661 1596 5741 nihil
1627 5682 1807 5755 opus
1835 5680 1980 5731 esse
2010 5650 2407 5726 ministerio
2436 5645 2876 5738 evangelico,
2916 5647 3044 5717 ad·-
3093 5652 3101 5740 ξ
3150 5649 3556 5742 praecipuas
3606 5650 3902 5732 adiisse,
3982 5666 4064 5737 ut
4108 5651 4512 5724 testimonia
4553 5664 4623 5723 et
4661 5644 5123 5721 monumenta
