6025 6775
846 758 946 828 73

1783 743 2101 818 DECL.
2186 744 2333 817 DE
2402 742 2958 819 GEORGIO
3037 744 3401 819 PRINC.
3473 744 3973 818 ANHALT.

4814 753 4914 827 74

850 926 1129 997 Ebreae
1164 922 1517 1003 studium,
1566 929 1977 1008 tantumque
2003 917 2081 984 in
2114 913 2348 986 Ebrea
2381 918 2703 1008 profecit,
2757 932 2833 985 nt
2882 920 2886 990 Ι
2932 917 3125 985 mina
3159 917 3721 986 consolationum
3753 913 4221 989 humanarum
4262 935 4329 991 et
4359 922 4788 1003 divinarum,
4841 937 4908 994 et

852 1054 985 1119 par
1022 1041 1209 1096 esset
1241 1026 1317 1092 in
1359 1048 1431 1090 ea
1464 1020 1683 1088 doctis
1732 1020 2260 1109 interpretibus.
2364 1019 2587 1110 Saepe
2623 1020 2829 1087 etiam

858 1134 955 1198 de
1005 1128 1332 1199 omnibus
1368 1121 1865 1205 controversiis
1909 1142 2071 1189 cum
2121 1121 2417 1192 eruditis
2451 1135 2521 1190 et
2552 1121 2830 1211 sapien-

864 1232 1067 1300 tibus
1096 1225 1475 1295 disserebat.

1074 1328 1375 1396 Tandem
1420 1325 1640 1414 igitur
1672 1324 1797 1392 diu
1841 1325 2161 1413 cogitatis
2194 1328 2511 1396 omnium
2547 1339 2832 1393 senten-

872 1434 999 1513 tiis,
1050 1453 1203 1497 cum
1232 1427 1581 1496 iudicaret
1610 1423 2082 1495 Ecclesiarum
2117 1443 2520 1497 nostrarum
2558 1428 2830 1495 conses—

858 1534 1163 1613 sionem,
1214 1550 1632 1599 consensum
1682 1550 1827 1596 esse
1880 1530 2137 1596 veteris
2188 1525 2543 1597 Ecclesiae
2589 1524 2830 1600 catho-

850 1634 1028 1701 licae
1053 1629 1213 1715 Dei,
1261 1632 1604 1702 traditum
1644 1629 1721 1697 in
1756 1629 2035 1719 scriptis
2076 1625 2508 1721 propheticis
2551 1644 2621 1699 et
2659 1654 2830 1719 apo-

850 1734 1156 1816 stolicis,
1205 1734 1332 1800 etsi
1370 1735 1535 1801 odia
1582 1745 1650 1801 et
1683 1730 1991 1821 pericula
2033 1732 2544 1823 prospiciebat,
2595 1745 2829 1801 tamen

849 1837 1164 1906 ostendit
1196 1834 1425 1924 palam
1457 1855 1531 1901 se
1561 1832 1887 1923 amplecti
1922 1848 2322 1904 nostrarum
2355 1831 2830 1903 Ecclesiarum'

852 1936 1366 2007 confessionem
1386 1990 1406 2019 ,
1460 1948 1529 2006 et
1559 1935 1648 2003 ab
1679 1937 2241 2005 adversariorum
2274 1937 2587 2005 consiliis
2615 1950 2683 2005 et
2717 1959 2830 2003 sa-

850 2039 1133 2108 crificiis
1185 2038 1530 2120 discessit,
1599 2061 1807 2128 seque
1844 2051 2068 2107 totum
2119 2038 2394 2107 dedidit
2442 2036 2826 2128 precationi

856 2156 926 2210 et
955 2139 1286 2229 lectioni,
1335 2153 1404 2208 et
1433 2139 1682 2208 fratres
1708 2138 2010 2228 optimos
2045 2139 2431 2230 Principes,
2481 2163 2637 2208 cum
2668 2137 2826 2227 qui·
2869 2158 2871 2165 ·

854 2245 989 2311 bus
1037 2243 1116 2310 in
1163 2254 1303 2311 tota
1354 2241 1493 2309 vita
1544 2241 1642 2308 sic
1689 2240 1899 2324 vixit,
1968 2256 2045 2310 ut
2091 2241 2287 2310 nulla
2346 2264 2457 2309 res
2512 2262 2825 2329 unquam

858 2368 1105 2414 eorum
1135 2342 1579 2411 concordiam
1612 2341 2154 2422 labefactaverit,
2193 2344 2268 2410 in
2301 2340 2664 2408 laboribus
2696 2363 2825 2427 gu—
2871 2406 2872 2416 ,

853 2445 1294 2515 bernationis
1322 2445 1566 2512 sedulo
1601 2444 1895 2512 adiuvit.
1988 2445 2094 2512 Ac
2127 2444 2433 2531 primum
2467 2441 2824 2510 communi

856 2548 1152 2616 consilio
1186 2571 1347 2616 cum
1380 2546 1717 2616 fratribus
1746 2545 2167 2613 instauravit
2196 2539 2545 2612 Ecclesias
2580 2544 2655 2612 in
2702 2569 2825 2635 pa-

857 2648 1013 2731 tria,
1062 2648 1389 2738 praefecit
1419 2648 1714 2717 idoneos
1744 2658 2093 2734 pastores,
2142 2646 2347 2729 iussit
2372 2660 2553 2715 recte
2581 2647 2824 2715 doceri

859 2750 1223 2840 populum,
1278 2750 1588 2818 abolevit
1621 2748 1798 2815 ritus
1830 2746 2164 2831 viciosos,
2221 2749 2585 2818 constituit
2624 2742 2826 2815 scho-

855 2852 995 2934 las,
1045 2851 1373 2922 attribuit
1417 2849 1784 2939 stipendia.
1886 2849 1994 2919 Ita
2047 2851 2224 2920 facta
2278 2864 2379 2918 est
2426 2849 2824 2918 emendatio

853 2954 1005 3022 sine
1038 2950 1601 3021 dissensionibus
1644 2964 1712 3021 et
1765 2950 1918 3021 sine
1962 2953 2110 3021 ullo
2147 2952 2482 3024 tumultu.
2586 2949 2680 3020 Et
2715 2950 2827 3017 iu-

854 3055 1057 3124 diciis
1115 3078 1195 3124 ac
1248 3054 1589 3143 exemplis
1658 3054 1936 3145 piorum
1987 3053 2401 3144 Principum
2470 3052 2681 3122 multi
2741 3054 2821 3118 ad

852 3156 1289 3242 agnitionem
1335 3156 1647 3224 veritatis
1699 3157 1980 3224 invitati
2041 3170 2248 3240 sunt,
2316 3155 2523 3224 multi
2570 3156 2828 3221 confir-

857 3251 1059 3322 mati.
1160 3250 1408 3317 Postea
1469 3264 1536 3319 et
1578 3253 1656 3317 in
1713 3254 1871 3320 aliis
1921 3257 2237 3341 partibus
2296 3254 2831 3341 gubernationis

857 3351 1161 3420 fideliter
1190 3362 1258 3418 et
1286 3349 1561 3421 utiliter
1592 3352 1857 3443 patriae
1887 3353 2200 3425 servivit.

1033 3449 1312 3518 Deinde
1342 3468 1628 3522 vocatus
1659 3455 1749 3521 ad
1768 3451 2118 3523 Ecclesias
2142 3454 2480 3541 regendas
2508 3453 2531 3520 i
2542 3477 2583 3519 n
2606 3451 2832 3520 Mers-

853 3551 1190 3640 burgensi
1219 3552 1504 3637 diocesi,
1556 3555 1656 3621 ibi
1687 3577 1968 3644 quoque
2000 3565 2186 3618 recte
2215 3553 2452 3618 doceri
2486 3552 2827 3638 populum

857 3654 1162 3737 curavit,
1226 3664 1295 3721 et
1356 3655 1658 3742 praefuit
1705 3650 2040 3720 Ecclesiis
2097 3651 2469 3718 universae
2520 3649 2828 3738 regionis

860 3755 1266 3849 Mysorum,
1327 3752 1603 3845 fuitque
1640 3748 1757 3821 hic
1803 3765 1871 3821 et
1911 3751 2096 3822 vitae
2143 3774 2389 3820 cursus
2421 3774 2645 3820 annos
2685 3751 2828 3818 fere

860 3858 1150 3947 viginti,
1202 3856 1426 3923 donec
1460 3879 1541 3923 ex
1573 3851 1701 3923 hac
1730 3853 2013 3923 mortali
2050 3853 2189 3921 vita
2224 3855 2311 3921 ad
2341 3853 2657 3922 coelestis
2687 3847 2825 3919 Ec-

862 3960 1107 4028 clesiae
1152 3956 1555 4026 societatem
1603 3968 1888 4025 vocatus
1932 3967 2074 4038 est,
2120 3954 2297 4024 vixit
2347 3966 2530 4022 caste
2576 3954 2653 4021 in
2686 3952 2828 4021 vita

861 4061 1115 4145 celibe,
1163 4059 1318 4126 sine
1361 4059 1504 4128 ulla
1543 4057 2186 4140 contaminatione,
2241 4056 2649 4125 cubiculum
2679 4055 2831 4122 eius

861 4176 1007 4232 erat
1036 4160 1375 4252 templum
1400 4209 1421 4240 ,
1473 4160 1829 4229 academia
1886 4173 1954 4228 et
1991 4158 2208 4231 curia.
2308 4155 2489 4226 Nam
2522 4157 2624 4225 ibi
2660 4151 2830 4224 haec

858 4261 1511 4356 fiebant2quotidie,
1582 4263 1935 4353 precatio,
2015 4260 2264 4344 lectio,
2345 4259 2678 4350 scriptio,
2762 4271 2829 4326 et

862 4365 1403 4436 deliberationes
1463 4365 1551 4431 de
1612 4361 2142 4453 gubernatione.
2261 4359 2369 4430 Ac
2412 4374 2491 4431 ut
2537 4358 2827 4442 Esdras,

857 4482 1151 4560 utraque
1187 4468 1265 4535 in
1298 4489 1374 4533 re
1404 4466 1671 4555 patriae
1700 4465 2007 4556 profuit,
2058 4462 2302 4534 docuit
2335 4476 2404 4532 et
2454 4462 2829 4532 confirma-

859 4570 959 4639 vit
1004 4569 1269 4639 multos
1320 4568 1785 4637 concionibus
1833 4580 1902 4636 et
1949 4565 2154 4635 editis
2185 4565 2500 4655 scriptis,
2550 4576 2618 4634 et
2651 4563 2831 4631 rexit

858 4671 1151 4740 consilia
1180 4668 1735 4759 gubernationis.
1836 4666 2207 4737 Neminem
2238 4667 2465 4736 sciens
2509 4688 2826 4757 unquam

858 4774 1095 4851 laesit,
1162 4771 1508 4842 benefecit
1552 4770 1882 4859 privatim
1931 4782 1999 4839 et
2039 4771 2322 4860 publice
2357 4769 2641 4846 multis,
2693 4767 2829 4837 fuit

867 4896 1107 4942 suasor
1169 4874 1353 4963 pacis
1417 4873 1605 4943 inter
1657 4871 2057 4962 Principes,
2128 4871 2482 4940 mulorum
2546 4869 2830 4938 diremit

863 4975 1405 5056 controversias,
1495 4970 1874 5046 abhorruit
1924 4975 2011 5043 ab
2071 4974 2403 5042 omnibus
2456 4972 2827 5049 seditiosis,

2877 1033 2886 1062 ⁴
2930 1041 3132 1109 saepe
3165 1014 3333 1087 haec
3366 1020 3552 1088 dicta
3587 1022 3968 1109 repetebat:
4033 1021 4378 1093 Subditus
4413 1038 4562 1093 esto
4596 1023 4788 1107 Deo,
4838 1039 4907 1094 et

2930 1145 3053 1188 ora
3100 1144 3295 1204 eum3
3369 1119 3602 1210 Prope
3643 1135 3746 1191 est
3790 1117 4142 1191 Dominus
4190 1120 4336 1209 his,
4388 1128 4510 1218 qui
4561 1127 4901 1196 tribulato

2929 1236 3095 1293 sunt
3124 1225 3333 1291 corde
3355 1277 3374 1305 ,
3429 1236 3496 1291 et
3522 1216 3828 1290 humiles
3858 1224 4111 1312 spiritu
4143 1226 4460 1295 salvabit.

3133 1337 3422 1422 Studia,
3472 1339 3788 1419 dolores,
3839 1339 4228 1410 adsiduitas
4261 1342 4335 1408 in
4371 1342 4902 1430 gubernatione,

2929 1441 3233 1533 precatio
3278 1441 3724 1509 abducebant
3769 1464 3930 1508 eum
3983 1442 4072 1507 ab
4134 1443 4467 1512 omnibus
4516 1445 4903 1536 voluptati-

2927 1546 3060 1614 bus
3093 1542 3430 1634 corporiS.
3536 1539 3641 1609 Ac
3680 1554 3834 1631 post
3877 1541 4431 1628 consolationes,
4482 1568 4654 1637 quas
4686 1547 4748 1613 ei
4781 1572 4902 1616 co-

2927 1646 3171 1735 gitatio
3206 1645 3611 1713 divinarum
3658 1643 4212 1733 promissionum
4269 1658 4337 1713 et
4385 1646 4739 1716 invocatio
4775 1649 4904 1716 ad-

2927 1748 3244 1816 ferebant
3267 1802 3285 1830 ,
3342 1746 3620 1814 dicebat
3653 1768 3723 1812 se
3760 1769 3907 1812 non
3939 1740 4196 1814 habere
4225 1744 4433 1813 aliam
4478 1747 4900 1817 levationem

2926 1849 3362 1930 moesticiae‚
3415 1847 3554 1915 nisi
3599 1847 3947 1938 colloquia
4006 1848 4439 1938 optimorum
4485 1848 4781 1917 fratrum
4835 1864 4904 1918 et

2925 1950 3231 2017 aliorum
3265 1944 3724 2016 honestorum
3755 1972 3834 2017 ac
3864 1949 4233 2019 doctorum
4267 1949 4621 2034 virorum,
4666 1973 4744 2021 ac
4778 1953 4901 2019 de-

2925 2052 3316 2121 lectabatur
3348 2045 3483 2117 hoc
3516 2072 3754 2117 versu:

3171 2158 3294 2245 ἡδύ
3337 2186 3401 2247 γε
3447 2161 3632 2247 φίλου
3674 2158 3858 2245 λόγος
3901 2162 4032 2264 ᾗσι-τὶ
4077 2171 4207 2237 τοῖς
4247 2165 4664 2245 λυπουμένοις.

2925 2287 3032 2358 De
3080 2288 3481 2357 forensibus
3542 2288 4043 2356 controversiis
4096 2287 4483 2357 disserebat
4528 2313 4685 2357 cum
4734 2285 4904 2356 viris

2924 2391 3330 2461 clarissimis
3351 2386 3902 2473 Iurisconsultis‚
3941 2388 4280 2480 sapientia
4314 2404 4380 2460 et
4415 2389 4675 2460 virtute
4704 2412 4904 2479 prae-

2924 2494 3295 2576 stantibuS,
3340 2489 3782 2584 Hieronymo
3805 2486 4159 2562 Schurffio
4197 2489 4642 2561 etLudovico
4675 2486 4905 2558 Fach-

2924 2598 3068 2679 sio,
3137 2598 3224 2664 de
3272 2593 3588 2683 corporis
3638 2589 3932 2662 humani
3995 2610 4281 2679 natura,
4344 2595 4434 2662 de
4486 2593 4904 2660 morborum

2926 2696 3150 2766 causis
3185 2710 3252 2765 et
3284 2694 3650 2773 remediis,
3706 2720 3865 2765 cum
3903 2695 4342 2785 peritissimis
4377 2693 4717 2773 Medicis,
4772 2690 4903 2762 Se-

2925 2799 3251 2867 bastiano
3304 2792 3755 2882 Aurbachio,
3820 2794 4220 2887 Augustino
4277 2792 4602 2869 Schurfio
4664 2811 4731 2866 et
4792 2791 4903 2862 Ia-

2928 2900 3104 2968 cobo
3130 2892 3488 2964 Milichio.

3132 3012 3238 3083 De
3272 3012 3595 3080 doctrina
3627 3008 3977 3082 Ecclesiae
4017 3039 4175 3084 cum
4207 3012 4561 3098 Luthero,
4613 3012 4784 3083 Iona
4832 3026 4906 3083 et

2931 3113 3247 3186 Iohanne
3281 3105 3744 3201 Bugenhagio
3772 3110 4167 3179 Pomerano
4189 3166 4208 3194 ,
4259 3139 4338 3181 ac
4378 3117 4632 3182 multas
4662 3136 4907 3182 eorum

2929 3217 3482 3306 disputationes,
3546 3212 3791 3301 plenas
3842 3212 4262 3281 eruditionis
4315 3226 4384 3281 et
4442 3214 4718 3303 pietatis
4758 3236 4907 3280 me-

2933 3318 3295 3390 minimus,

3135 3431 3559 3504 Adsedimus
3589 3455 3748 3500 cum
3779 3428 4674 3520 interrogaretLutherum,
4727 3459 4907 3526 quo-

2930 3537 3143 3602 modo
3208 3535 3559 3601 invocatio
3630 3535 3706 3600 in
3768 3528 4082 3601 Ecclesia
4140 3534 4601 3604 discernenda
4663 3536 4754 3604 sit
4813 3538 4904 3608 ab

2928 3629 3209 3704 ethnica
3257 3635 3740 3716 invocatione,
3795 3658 3955 3702 cum
4002 3631 4406 3704 etlEthnici
4454 3660 4603 3704 non
4653 3638 4904 3707 furiosi

2929 3737 3330 3825 cogitarunt
3396 3761 3609 3803 unam
3678 3759 3823 3804 esse
3906 3750 4213 3805 mentem
4280 3732 4906 3808 architectatricem

2929 3838 3229 3906 mundi?
3302 3836 3411 3906 lbi
3439 3831 3794 3906 Lutherus
3828 3839 4230 3928 respondit,
4283 3862 4556 3931 semper
4585 3841 4660 3907 in
4698 3841 4904 3910 invo-

2930 3940 3204 4008 catione
3236 3939 3684 4026 cogitandum
3722 3963 3906 4028 esse,
3963 3939 4131 4031 quid
4163 3941 4643 4033 alloquamur,
4697 3955 4762 4012 et
4797 3967 4905 4011 se-

2929 4041 3358 4129 iungendam
3394 4064 3541 4109 esse
3570 4054 3882 4109 nostram
3914 4041 4439 4111 invocationem
4468 4045 4559 4112 ab
4597 4037 4905 4127 ethnica,

2928 4166 3008 4211 ac
3043 4140 3413 4232 praecipua
3445 4163 3590 4208 esse
3621 4142 3766 4209 duo
3808 4142 4260 4222 discrimina,
4312 4145 4612 4216 alterum
4651 4147 4738 4212 de
4792 4167 4905 4214 es-

2929 4244 3152 4312 sentia
3185 4240 3360 4326 Dei,
3414 4243 3712 4311 alterum
3761 4243 3848 4310 de
3891 4244 4294 4330 voluntate,
4345 4269 4425 4316 ac
4474 4249 4562 4314 de
4602 4259 4906 4338 utroque

2930 4345 3363 4427 discrimine,
3415 4356 3646 4412 mente
3681 4343 4058 4414 intuendas
4091 4369 4236 4414 esse
4267 4347 4769 4437 patefactiones
4796 4347 4911 4416 di-

2928 4447 3132 4514 vinas
3187 4447 3263 4514 in
3311 4445 3661 4536 baptismo
3716 4445 3846 4513 filii
3895 4459 3962 4514 et
4006 4447 4215 4527 alias,
4281 4472 4362 4517 ac
4404 4448 4909 4539 promissiones

2928 4547 3273 4616 divinitus
3315 4548 3628 4620 traditas.
3736 4544 3940 4617 Hanc
3989 4548 4212 4639 ipsam
4261 4551 4355 4618 ob
4408 4571 4687 4619 causam
4741 4575 4908 4640 pro-

2928 4650 3142 4718 diisse
3173 4646 3402 4719 Deum
3438 4672 3521 4716 ex
3565 4672 3816 4718 arcana
3866 4651 4065 4735 sede,
4114 4663 4193 4719 ut
4239 4651 4315 4718 in
4346 4645 4459 4719 his
4499 4651 4910 4742 patefactio-

2929 4753 3143 4821 nibus
3199 4764 3647 4842 agnoscatur,
3713 4762 3781 4819 et
3832 4776 3869 4819 a
3926 4752 4435 4822 commenticiis
4492 4753 4911 4824 numinibus

2930 4853 3175 4945 procul
3241 4854 3669 4940 seiungatur.
3790 4849 3895 4919 Ac
3953 4852 4029 4920 in
4085 4853 4507 4941 cogitatione
4568 4856 4911 4926 essentiae

2928 4951 3120 5025 hunc
3160 4953 3429 5038 Deum,
3480 4953 3603 5045 qui
3638 4967 3835 5043 pater
3864 4969 3965 5025 est
3991 4969 4317 5025 aeternus
4352 4955 4647 5025 Domini
4682 4958 4911 5027 nostri

856 5074 1331 5155 turbulentis,
1389 5073 1819 5148 Alcibiadeis
1877 5075 2227 5159 consiliis,
2298 5078 2387 5144 ab
2442 5074 2828 5144 ambitione
2873 5057 2882 5143 l
2931 5055 3089 5126 1⁸⁵⁰
3116 5052 3422 5135 Chri-‘³²52
3471 5070 3537 5123 et
3590 5079 3747 5122 cum
3796 5055 3943 5124 5¹5⁰
3996 5070 4064 5125 ‘³²
4094 5055 4366 5147 Spiritu
4397 5071 4636 5126 83Ποῑο
4669 5059 4910 5128 omnia

856 5174 1343 5246 alienissimus
1367 5177 1519 5247 fuit.
1615 5178 1997 5271 Nunquam
2039 5177 2181 5262 ira,
2234 5178 2341 5246 vel
2376 5177 2665 5258 odium,
2717 5175 2828 5242 vel
2873 5161 2882 5285 1

855 5277 1217 5346 vindictae
1269 5275 1612 5365 cupiditas
1653 5305 1812 5350 eum
1859 5280 2184 5370 impulit,
2232 5292 2310 5349 ut
2348 5292 2591 5348 contra
2625 5277 2829 5345 iusti-

856 5381 1030 5449 ciam
1059 5379 1355 5461 saceret,
1409 5391 1532 5448 aut
1573 5383 2151 5477 tranquillitatem
2184 5404 2629 5465 communem
2676 5393 2828 5449 tur-

2931 5159 3293 5243 condidit,
3345 5170 3412 5226 et
3455 5157 3990 5247 promissionem
4042 5158 4642 5230 reconciliationis
4685 5162 4911 5231 tradi-

2930 5261 3059 5344 dit,
3089 5283 3382 5353 eamque
3412 5258 3754 5346 sanguine
3781 5273 3848 5327 et
3878 5261 4388 5328 resurrectione
4420 5261 4545 5330 filii
4577 5263 4910 5349 obsigna-

2879 5414 2880 5417 η
2930 5362 3073 5444 vit,
3144 5362 3713 5450 compellandum
3776 5383 3962 5444 esse,
4027 5360 4207 5430 sicut
4264 5362 4504 5456 inquit
4549 5361 4906 5434 Christus:

852 5483 1069 5554 haret.
1170 5478 1485 5550 Iniurias
1529 5483 1734 5552 etiam
1780 5486 2040 5555 multas
2087 5496 2155 5553 et
2210 5505 2499 5572 magnas
2560 5483 2827 5549 excelso
2880 5459 2882 5467 Α
2930 5462 3075 5551 QUi
3112 5488 3222 5532 me
3256 5465 3483 5547 Videt,
3540 5463 3728 5531 Videt
3762 5481 4055 5552 patrem.
4160 5460 4268 5533 De
4303 5466 4666 5535 voluntale
4702 5469 4909 5534 emm

855 5584 1089 5652 animo
1129 5584 1566 5653 condonavit
1608 5585 2103 5681 tranquillitati
2138 5585 2510 5676 publicae,
2548 5584 2830 5652 dolores
2929 5566 3220 5654 ΰθὲἷῑθῐῖ
3253 5580 3577 5656 ΟΡΟΓῙΕῙἚ
3606 5566 4075 5636 mediatorem
4111 5579 4179 5635 ²²
4213 5569 4738 5655 Promi³⁵30¹¹e⁵·

856 5685 1062 5754 etiam
1108 5685 1282 5754 alios
1328 5710 1405 5754 ea
1453 5686 1681 5755 animi
1733 5686 2221 5759 moderatione
2263 5688 2465 5767 tulit,
2532 5699 2612 5757 ut
2657 5685 2825 5753 satis

3132 5683 3320 5754 Huic
3351 5709 3554 5754 verae
3602 5685 4035 5752 invocationi
4086 5684 4560 5752 dissimillima
4604 5695 4706 5751 est
4746 5677 4914 5758 eth-

862 5784 1158 5874 intelligi
1200 5802 1470 5878 posset,
1534 5812 1698 5859 eum
1758 5787 2136 5860 sustentari
2181 5788 2627 5859 invocatione
2665 5784 2827 5867 Dei,
2926 5788 3085 5857 nica
3143 5810 3265 5857 seu
3330 5788 3630 5872 turcica,
3698 5810 3882 5879 quae
3940 5799 4148 5873 negat
4209 5780 4401 5851 hunc
4449 5804 4611 5851 vere
4664 5781 4918 5869 Deum,

868 5897 938 5952 et
968 5887 1385 5978 acquiescere
1414 5888 1492 5958 in
1518 5885 1696 5965 Deo.
1764 5890 1989 5961 Norat
2024 5900 2105 5958 ut
2130 5889 2245 5957 vir
2273 5890 2543 5975 doctus,
2576 5889 2825 5961 discri-
2869 5942 2877 5970 .
2928 5890 3368 5961 conditorem
3404 5890 3865 5971 rerum'esse,
3914 5884 4039 5976 qui
4071 5896 4173 5952 est
4222 5893 4425 5974 pater
4454 5880 4753 5985 Domini
4784 5882 4946 5959 no-'
