6025 6775
484 745 581 820 1019
721 724 930 810 SCRIPTA
955 721 1039 795 PH.·
1057 715 1173 790 MEL.
1197 714 1266 789 AD
1292 713 1420 793 fflsT.
1444 712 1588 792 PROP.
1614 713 1680 789 ET
1705 716 1899 798 PHILOS.
1925 719 2245 798 SPECTANTIA.
2411 728 2509 799 1020

480 932 520 989 et
537 901 828 999 aliisProphetis,
854 923 918 968 nec
933 894 1040 965 luisse
1053 891 1141 960 duas
1155 902 1300 960 naturas
1314 887 1354 956 in
1363 885 1472 958 Chri·
1523 888 1625 959 obvia
1642 901 1742 975 stant,
1766 914 1856 983 quae
1875 892 2104 968 illustrantur
2120 920 2160 967 ex
2176 896 2337 968 doctrina
2352 898 2394 965 de
2410 918 2510 964 com.

486 1032 540 1089 stu
570 1012 703 1083 unione
726 997 948 1097 hypostatica
969 993 1099 1064 unitas.
1159 988 1245 1058 ldeo
1270 990 1395 1060 solitus
1420 1005 1471 1062 est
1523 991 1763 1060 munientione
1779 992 2000 1069 idiomatum.

487 1118 618 1188 dicere:
653 1106 738 1177 Noli
769 1102 915 1193 gloriari
946 1094 1094 1175 ludaee,
1126 1114 1200 1159 non
1230 1091 1325 1160 enim
1355 1088 1471 1160 Deum
1626 1088 1721 1159 Haec
1745 1113 1996 1175 commemoro,
2031 1106 2071 1164 ut
2095 1093 2249 1187 intelligi
2276 1098 2403 1189 possit,
2438 1094 2511 1164 Ne-

487 1205 708 1292 crucifixisti,
734 1208 794 1275 sed
815 1199 1012 1272 hominem.
1063 1191 1142 1262 Hoc
1165 1216 1245 1260 cum
1270 1192 1472 1282 plausibili·
1524 1190 1626 1261 storii
1655 1193 1928 1261 controversiam
1955 1217 2029 1264 non
2057 1194 2165 1265 luisse
2189 1194 2443 1296 λογομαχίαν,
2476 1208 2512 1264 et

487 1332 541 1388 ter
560 1314 751 1391 diceretur,
778 1302 903 1374 habuit
920 1298 1113 1368 multorum
1131 1292 1259 1363 studia.
1312 1289 1473 1385 Cumque
1523 1292 1554 1361 si
1575 1306 1661 1362 tunc
1681 1315 1822 1385 quoque
1837 1293 1899 1362 alii
1914 1293 2018 1363 aliter
2033 1294 2291 1371 iudicaverunt.
2342 1298 2511 1393 Synodus

487 1415 664 1496 saniores,
695 1408 756 1501 qui
779 1404 924 1473 insidias
947 1393 1211 1485 intelligebant,
1241 1396 1473 1462 adversaren-
1523 1387 1658 1483 Ephesi
1688 1394 1855 1465 convenit
1884 1416 1980 1465 anno
2003 1390 2134 1465 Christi
2158 1401 2512 1491 quadringentesimo

488 1532 549 1589 tur
568 1514 598 1583 ei
608 1562 619 1597 ,
646 1508 859 1581 excusabant
878 1525 957 1571 eum
975 1498 1048 1579 sui,
1075 1496 1169 1588 quod
1188 1507 1364 1563 certamen
1380 1495 1473 1566 iuter
1524 1494 1701 1564 tricesimo
1732 1494 1878 1586 quinto,
1911 1517 2007 1565 anno
2030 1488 2222 1567 Theodosii
2243 1501 2391 1571 secundi
2416 1501 2514 1568 vice-

489 1619 607 1709 ipsum
628 1626 662 1683 ct
684 1606 902 1681 adversarios
924 1591 1131 1695 λογομαχία
1152 1594 1342 1667 videretur.
1401 1593 1471 1665 Sed
1524 1594 1615 1663 simo
1647 1608 1785 1686 quarto.
1849 1593 1935 1665 Fuit
1962 1594 2175 1666 turbulenta.
2229 1598 2318 1668 Nam
2349 1598 2515 1693 Cyrinus

488 1718 604 1807 reipsa
618 1732 840 1804 nequaquam
856 1705 922 1773 fuit
936 1692 1155 1797 λογομαχία.
1206 1691 1325 1764 Etiam
1341 1709 1474 1765 veteres
1524 1693 1791 1764 Alexandrinus
1804 1691 2003 1788 Episcopus
2024 1720 2105 1767 cum
2127 1697 2200 1767 suis
2219 1700 2517 1789 suffragatoribus

491 1818 636 1911 quidam
660 1812 904 1881 iudicaverunt
924 1825 1004 1870 eum
1020 1820 1192 1866 renovare
1207 1793 1391 1865 Iudaicum
1408 1795 1474 1867 Sa·
1524 1795 1707 1864 damnavit
1731 1794 1948 1868 Nestorium.
2008 1791 2187 1867 lohannes
2207 1795 2456 1870 Antiochenug
2483 1811 2516 1868 eg

491 1913 664 1987 mosateni
686 1914 830 1999 dogma,
861 1902 999 1976 etiamsi
1020 1899 1202 1989 aliquanto
1226 1897 1330 1965 aliter
1350 1898 1474 1988 pinge·
1526 1894 1600 1964 eius
1625 1896 1872 1984 suffragatores
1897 1911 2107 1969 excusarunt
2124 1922 2221 1985 eum,
2248 1912 2282 1970 et
2296 1897 2433 1993 Cyrillo
2450 1900 2517 1970 ad.

490 2032 566 2103 ret,
596 2017 685 2086 sicut
705 2033 806 2101 saepe
826 2017 1032 2077 renovatum
1058 2013 1126 2079 est,
1153 2012 1188 2067 et
1210 1997 1369 2068 existimo
1392 2023 1473 2069 eum
1526 1997 1655 2065 versati
1672 2010 1763 2066 sunt.
1799 1996 1868 2066 Sed
1879 1994 2035 2091 Cyrillus
2052 2000 2390 2085 rectissimedocuit,
2409 2000 2516 2072 aliter

491 2141 572 2190 tuas
589 2113 792 2209 praestigias
808 2111 851 2180 ad
869 2106 967 2176 illam
984 2114 1112 2171 melam
1129 2098 1306 2172 direxisse.
1526 2089 1639 2194 λόγον
1662 2096 1701 2165 in
1720 2091 1861 2166 Christo
1886 2121 1975 2185 esse,
2002 2100 2105 2170 aliter
2127 2101 2165 2169 in
2182 2098 2288 2171 Helia
2310 2116 2345 2173 et
2367 2102 2406 2171 in
2430 2101 2513 2170 aliis

1526 2195 1724 2288 Prophetis.
1784 2194 1869 2267 Post
1891 2199 2099 2286 discessum,
2131 2226 2213 2272 cum
2235 2198 2392 2272 Ecclesia
2414 2199 2515 2274 Con.

594 2317 801 2390 Ostendunt
822 2323 857 2380 et
867 2311 1003 2378 decreta
1019 2316 1139 2374 contra
1153 2300 1355 2372 Nestorium
1375 2303 1476 2385 facta,
1527 2298 1840 2387 stantinopolitana
1859 2300 2026 2389 probaret
2039 2298 2166 2395 Cyrilli
2183 2304 2409 2387 sententiam,
2435 2303 2515 2373 Nc-

493 2420 766 2494 controversiam
788 2412 895 2484 luisse
916 2410 961 2476 de
977 2430 1015 2475 re
1030 2404 1202 2488 maxima,
1225 2427 1297 2473 non
1313 2407 1476 2501 λογομα-
1528 2400 1658 2470 storius
1679 2400 1719 2467 in
1741 2399 1817 2469 loca
1841 2400 2022 2471 barbarica
2045 2402 2137 2472 infra
2158 2400 2304 2474 Thebas
2317 2403 2515 2497 Aegyptias

489 2518 592 2615 χίαν.
658 2517 718 2589 Sic
740 2514 835 2585 enim
858 2508 1017 2601 loquitur
1039 2508 1233 2574 decretum:
1267 2503 1308 2575 si
1332 2505 1410 2599 quis
1436 2504 1475 2570 in
1527 2502 1701 2591 relegatus
1717 2513 1786 2585 est,
1812 2500 1875 2569 ubi
1893 2501 1930 2570 in
1947 2502 2052 2572 exilio
2071 2503 2236 2574 scribitur
2251 2518 2413 2576 mortuus
2431 2527 2518 2588 esse,

493 2618 636 2692 Christo
652 2618 814 2687 dividens
828 2602 1047 2685 ὑποστάσεις
1063 2621 1140 2697 post
1153 2605 1342 2687 unionem,
1369 2617 1404 2675 et
1420 2605 1477 2673 di·
1528 2604 1649 2691 lingua
1671 2615 1878 2692 consumpta
1905 2625 1925 2672 a
1949 2604 2142 2681 vermibus.
2193 2600 2368 2676 Existimo
2396 2607 2515 2697 ipsum

494 2743 576 2791 cens
589 2712 702 2817 λόγον
716 2716 943 2787 coniunctum
960 2710 1066 2777 luisse
1082 2704 1221 2775 homini
1236 2707 1399 2777 societate
1415 2729 1477 2776 seu
1527 2700 1722 2775 Phthiriasi
1740 2703 1931 2773 extinctum
1948 2728 2033 2780 esse.

493 2833 681 2913 potestate,
722 2841 795 2887 non
829 2811 982 2881 naturali
1012 2808 1164 2892 unione,
1203 2804 1389 2878 anathema
1419 2808 1477 2876 sit.
1630 2805 1724 2875 Ante
1745 2801 1899 2874 Nestorii
1921 2821 2096 2878 certamen
2114 2808 2242 2881 accidit
2258 2806 2514 2882 Constantino.

493 2920 589 2991 Hinc
617 2933 652 2991 et
674 2918 836 2990 doctrina
861 2914 905 2982 de
927 2910 1246 2981 communicatione
1269 2910 1477 2980 idiomatum
1528 2905 1604 2995 poli
1632 2906 1670 2973 in
1701 2905 1833 2995 templo
1863 2907 2034 2996 tragicum
2059 2912 2275 3001 exemplum,
2309 2912 2401 3004 qnod
2427 2924 2516 2980 cunc

494 3022 622 3094 tradita
645 3034 707 3091 est.
756 3014 957 3105 Pugnatum
974 3024 1025 3080 est
1040 3012 1085 3079 de
1103 3006 1160 3078 his
1175 3009 1478 3099 propositionibus
1529 3030 1670 3098 quoque
1692 3006 1794 3076 multi
1809 3006 1972 3077 dixerunt
1986 3009 2126 3100 signum
2142 3033 2217 3081 esec
2235 3012 2345 3081 futuri
2361 3010 2516 3081 diuidit,

494 3121 723 3216 loquentibus
753 3121 797 3188 de
817 3111 976 3188 Christo:
1010 3110 1106 3181 Deus
1136 3124 1186 3180 est
1208 3106 1478 3198 passus,*Deus
1528 3106 1770 3194 Confugerant
1798 3107 1838 3176 in
1866 3109 2035 3199 templum
2064 3110 2200 3203 aliquot
2229 3112 2343 3198 servi,
2384 3110 2517 3204 quibus

495 3238 548 3295 est
576 3221 776 3305 crucifixus,
809 3231 849 3288 ut
877 3214 1023 3284 sciretur
1045 3207 1139 3280 hauc
1162 3231 1348 3299 personam
1372 3204 1479 3281 Chri·
1529 3208 1695 3276 dominus
1726 3230 1849 3277 eorum
1877 3208 2010 3279 atrocia
2038 3210 2194 3282 minatus
2216 3225 2300 3284 erat.
2352 3209 2518 3305 Cumque

495 3339 588 3398 stum
603 3346 677 3395 esse
693 3319 825 3405 Deum,
851 3340 916 3387 nec
931 3308 1043 3414 λόγον
1056 3324 1193 3382 tantum
1209 3309 1348 3380 affuisse
1365 3310 1412 3379 ei:
1437 3322 1479 3380 ut
1530 3308 1737 3378 iuberentur
1766 3309 1902 3399 egredi,
1935 3311 2061 3399 gladiis
2090 3313 2309 3405 repellebant
2339 3308 2518 3399 homines,

495 3424 598 3498 Eliae
619 3439 680 3496 aut
700 3424 779 3492 aliis
791 3414 997 3511 Prophetis:
1024 3413 1239 3483 Nominatur
1258 3414 1352 3481 enim
1367 3413 1479 3501 ligura
1529 3411 1671 3480 tandem
1700 3424 1734 3479 et
1763 3411 1949 3482 interiecto
1973 3414 2153 3484 sacerdote
2179 3428 2215 3485 et
2237 3415 2307 3485 alio
2329 3416 2519 3486 vulnerato

496 3526 668 3619 loquendi
681 3520 952 3593 communicatio
969 3518 1195 3598 idiomatum,
1220 3537 1299 3584 cum
1316 3514 1478 3606 proprie-
1530 3511 1662 3600 seipsos
1690 3511 1742 3578 ibi
1771 3511 2034 3587 interfecerunt.
2084 3509 2139 3586 Ea
2166 3516 2211 3584 de
2241 3516 2408 3588 recitati
2437 3529 2518 3586 sunt

495 3641 551 3698 tas
572 3626 637 3696 uni
658 3639 803 3694 naturae
825 3619 1039 3693 conveniens
1061 3616 1231 3685 tribuitur
1252 3638 1420 3704 personae
1440 3616 1478 3681 in
1530 3635 1650 3682 versus
1671 3612 1769 3701 digni
1797 3613 1984 3684 memoria:

498 3741 678 3812 concreto,
709 3739 748 3796 ut
771 3723 985 3814 significetur
1006 3719 1044 3785 in
1065 3739 1104 3784 ea
1128 3739 1277 3806 persona
1302 3718 1389 3786 duas
1414 3739 1479 3784 na·
1700 3733 1815 3810 σημεῖα
1835 3723 1896 3810 γὰρ
1918 3728 2050 3793 τοιαῦτα
2070 3731 2240 3813 γίγνεσθαι
2263 3739 2352 3816 φιλεῖ

497 3843 595 3901 tutas
624 3851 698 3898 esse
721 3827 837 3897 unitas
862 3820 996 3894 unione
1020 3813 1248 3910 hypostatica.
1315 3814 1478 3886 Vetustas
1594 3855 1596 3859 v
1698 3809 1775 3874 ὅταν
1797 3835 1827 3874 τι
1851 3820 1941 3888 ναοῖς
1963 3810 2181 3898 ἒγκατασκῆψε
2202 3822 2308 3900 pieac.

496 3954 559 4002 usa
586 3943 639 4000 est
661 3924 727 3998 hac
748 3922 997 3997 similitudine:
1029 3918 1129 3989 Sicut
1152 3915 1271 3986 anima
1295 3929 1328 3986 et
1351 3938 1478 4006 corpus
1629 3913 1715 3987 Fuit
1728 3911 1951 3988 Theodosius
1967 3920 2143 3990 secundus
2158 3921 2318 4012 princeps
2332 3919 2438 3984 laude
2456 3921 2521 3986 di.

487 4044 708 4104 .suntunum
725 4026 936 4117 completum
954 4011 1229 4116 ducucdycevov,
1257 4016 1323 4101 ita,
1346 4032 1385 4086 ut
1401 4018 1478 4085 ani·
1529 4038 1618 4105 gnus
1649 4028 1795 4109 propter
1823 4018 2007 4108 pietatem,
2038 4021 2228 4104 iusticiam,
2259 4015 2453 4086 castitatem
2483 4033 2520 4089 cc

496 4157 555 4201 ma
578 4143 687 4221 gestet
711 4151 855 4214 corpus,
881 4126 977 4219 quod
1000 4121 1205 4191 dissolvitur
1223 4120 1268 4189 ab
1282 4118 1400 4188 anima
1417 4120 1478 4188 de·
1530 4117 1748 4186 modestiam.
1797 4115 1938 4188 Proluit
1955 4120 2032 4191 eius
2046 4119 2251 4210 gubernatio
2260 4112 2450 4202 Ecclesiis,
2478 4119 2519 4188 in

498 4247 647 4304 sertum:
674 4227 733 4301 Sic
754 4221 862 4326 λόγος
882 4236 989 4314 gestat
1012 4236 1174 4291 naturam
1191 4215 1382 4310 humanam
1399 4219 1478 4287 ani·
1530 4242 1599 4313 qua
1628 4218 1739 4289 multa
1762 4231 1855 4287 recte
1876 4219 1948 4308 egit
1970 4214 2176 4303 Pulcheriae
2195 4217 2329 4288 sororis
2351 4217 2520 4304 consilio,

496 4360 591 4406 mam
616 4347 649 4405 01
670 4352 815 4422 corpu&
841 4329 900 4395 sed
924 4320 1216 4413 inseparabiliter.
1267 4316 1374 4389 Extat
1393 4314 1478 4389 haec
1531 4331 1565 4389 et
1580 4314 1678 4388 Deus
1700 4342 1779 4389 eum
1802 4330 1924 4390 contra
1944 4319 2105 4391 inimicos
2116 4316 2324 4398 Ruffiuum,
2349 4313 2518 4399 cainam,

496 4436 695 4509 similitudo
716 4431 809 4522 apud
834 4424 1088 4503 Athanasium,
1119 4417 1293 4513 Cyrillum
1317 4433 1352 4491 et
1372 4418 1477 4491 Iusti·
1530 4418 1653 4488 Persas
1668 4433 1702 4490 et
1715 4420 1978 4491 aliosbarbaros
1991 4419 2199 4492 mirabiliter
2212 4418 2382 4490 delendit.
2425 4417 2517 4490 Pro-

496 4563 601 4620 num,
634 4536 698 4628 (lni
727 4545 845 4603 limen
869 4528 969 4597 addit
991 4521 1258 4594 ⁶⁰fs⁸⁰li⁰¹¹0¹¹¹=
1289 4545 1385 4601 τινες
1409 4515 1480 4612 μὲν
1530 4521 1615 4590 texit
1636 4521 1740 4591 etiam
1764 4544 1843 4590 eum
1867 4523 2033 4592 adversus
2055 4515 2226 4608 Attilam,
2258 4542 2372 4615 aquo
2397 4530 2519 4591 tamen

456 4717 460 4726 ,
497 4633 566 4729 τὴν
579 4635 712 4708 ἕνωσιν
727 4629 850 4725 ὥσπερ
864 4619 1083 4724 ψυχῆςπρός
1093 4625 1200 4711 σῶμα
1208 4615 1407 4713 νοήσαντες
1415 4618 1480 4693 οὕ·
1530 4644 1650 4712 pacem
1671 4621 1755 4692 emit
1773 4622 1852 4691 data
1868 4645 1991 4712 magna
2008 4620 2170 4715 pecunia.

498 4760 570 4815 τως
584 4726 844 4814 ἐκδεδώκασιν,
870 4725 933 4800 καὶ
945 4718 1126 4818 ἁρμόδιον
1135 4746 1178 4818 ys
1188 4717 1230 4791 τὸ
1243 4716 1480 4820 παράδειγμα
1633 4719 1711 4791 Hoc
1740 4722 1817 4813 ipso
1843 4737 1999 4815 tempore
2023 4745 2099 4790 non
2124 4722 2238 4799 multo
2261 4733 2342 4791 ante
2363 4735 2519 4794 mortem

500 4836 531 4905 el
550 4831 614 4905 καὶ
634 4830 686 4927 μὴ
709 4827 803 4904 κατὰ
826 4824 950 4902 πάντα
973 4819 1069 4895 κατὰ
1089 4847 1123 4892 τι
1140 4825 1246 4918 γοῦν.
1298 4820 1346 4891 Et
1362 4837 1479 4892 tamen
1529 4816 1724 4911 Theodosii
1740 4836 1834 4892 mota
1849 4823 2064 4915 estprimum
2076 4818 2251 4917 Eutychis
2264 4823 2520 4897 controversia,

500 4951 540 5005 ut
562 4935 754 5006 retineatur
775 4932 964 5003 discrimen
986 4939 1211 5004 naturarum,
1238 4944 1310 4992 non
1333 4923 1478 4994 dicitur:
1530 4921 1572 4992 ln
1598 4918 1666 4992 hoc
1690 4937 1869 5015 postremo
1889 4938 1969 4997 actu
1991 4925 2061 4994 luit
2082 4923 2258 4994 incautior
2280 4916 2520 5007 Theodosius,

499 5032 677 5106 Divinitas
699 5051 750 5107 est
774 5058 893 5125 passa,
918 5029 1001 5126 quia
1025 5024 1235 5099 vocabulum
1253 5024 1291 5094 in
1307 5025 1479 5095 abstracto
1530 5025 1590 5093 sed
1606 5025 1744 5113 culpam
1760 5025 1834 5116 ipse
1848 5047 1990 5119 quoquc
2006 5025 2043 5094 in
2057 5048 2199 5094 uxorem
2217 5019 2419 5092 Eudoxtam
2435 5048 2519 5093 con,

500 5133 671 5225 significat
687 5151 848 5203 naturam
867 5133 1059 5202 secundum
1074 5151 1110 5197 se
1124 5127 1392 5211 consideratam,
1419 5129 1479 5196 sed
1531 5125 1630 5209 tulit,
1656 5149 1745 5218 quae
1762 5127 1876 5194 luerat
1889 5126 2035 5220 aequior
2048 5126 2193 5195 factioni
2206 5117 2401 5217 Eutychis,
2430 5124 2520 5194 sicut

501 5246 662 5309 concreta
684 5235 880 5323 significant
901 5252 1105 5322 personam,
1136 5229 1173 5296 in
1196 5250 1265 5318 qua
1285 5241 1369 5298 sunt
1390 5229 1487 5297 duae.
1532 5241 1706 5297 extremus
1729 5237 1825 5294 actus
1839 5222 2065 5311 Constantini
2084 5249 2163 5296 cum
2184 5223 2362 5295 revocavit
2378 5220 2522 5306 Arium,

502 5352 661 5408 naturae.
730 5332 776 5401 Et
803 5329 869 5401 bac
897 5331 1057 5402 doctrina
1088 5329 1131 5395 dc
1162 5322 1480 5397 communicatione
1517 5327 1598 5397 'fuit
1619 5325 1783 5404 infoelix,
1810 5349 1914 5417 quem
1938 5328 2043 5398 etiam
2068 5324 2197 5396 mulier
2219 5348 2319 5395 soror
2339 5321 2523 5396 Constan-

500 5441 710 5509 idiomatum
733 5453 822 5521 opus
842 5453 915 5498 esse
935 5428 1083 5514 intelligi
1104 5438 1216 5513 potest
1234 5452 1274 5496 ex
1289 5428 1409 5498 multis
1425 5430 1482 5497 di·
1531 5428 1598 5496 tini
1620 5438 1765 5495 rexerat.
1817 5424 1907 5497 Cum
1925 5441 2042 5498 autem
2058 5427 2233 5497 dicem-415„
2252 5424 2349 5495 3111„-
2362 5423 2523 5497 pulch,

502 5541 567 5609 ctis
592 5531 744 5607 Christi:
771 5528 971 5622 Antequam
998 5522 1177 5596 Abrabam
1201 5542 1391 5612 natusest,
1417 5553 1479 5618 ego
1511 5528 1618 5595 'riam
1641 5520 1888 5596 etEudoxiem
1906 5527 2107 5606 incidisset,
2133 5527 2234 5597 cessit
2249 5521 2471 5615 Pulcher-ia,
2496 5544 2525 5598 ec

502 5661 591 5712 urm.
643 5634 856 5723 Ubicunque
882 5642 965 5699 sunt
994 5631 1066 5698 dno
1096 5640 1156 5697 aut
1185 5641 1254 5699 tres
1280 5630 1479 5717 congregati
1531 5623 1727 5695 Eudoxiam
1755 5628 1955 5713 incidisset,
1987 5629 2090 5698 cessit
2112 5623 2318 5707 Pulcheria,
2355 5642 2391 5699 et
2416 5631 2525 5703 absti-

502 5738 539 5804 in
565 5737 711 5804 nomine
734 5757 834 5816 meo,
867 5731 905 5800 in
929 5731 1046 5801 medio
1070 5752 1192 5798 eorum
1216 5749 1305 5801 sum.
1372 5724 1480 5817 Aspi-
1530 5725 1609 5793 nuit
1637 5751 1656 5795 a
1684 5729 1842 5798 consiliis
1862 5728 2153 5818 gubernationis,
2186 5728 2266 5799 ideo
2288 5727 2442 5804 facilius
2465 5733 2527 5803 tuit

502 5837 594 5905 cient
615 5859 671 5904 me
691 5861 796 5928 quem
815 5833 1045 5906 confixerunt.
1096 5827 1199 5900 Talia
1217 5825 1310 5899 dicta
1326 5827 1478 5919 plurima
1530 5823 1712 5901 Eudoxias
1727 5829 1817 5902 tueri
1832 5842 1867 5915 et
1881 5825 2030 5901 evehere
2044 5853 2134 5924 quos
2151 5830 2306 5903 volebat.
