6025 6775
1017 519 1173 594 m
2429 510 2485 588 1.
2562 508 3153 590 cunomcoN
3212 507 3710 592 cAmoms.
4845 565 4850 570 -
4945 549 5092 625 ⁷14

1010 689 1121 762 hit
1162 689 1456 760 bellum.
1571 684 1800 759 Causa
1840 684 2016 758 belli
2047 681 2622 776 Peloponnesiaci
2666 682 2992 778 proxima
3054 716 3055 719 ¹
3100 682 3309 753 initia
3348 687 3626 774 generis
3658 682 3993 778 humani,
4041 691 4398 773 Ecclesiae
4431 710 4749 797 exordia,
4801 713 5078 793 instau-

1006 791 1143 863 suit
1185 789 1478 861 Periclis
1520 789 1948 881 pertinacia,
2027 785 2336 857 nolentis
2371 798 2749 874 retractare
2798 785 2992 855 iniu-
3097 785 3449 871 rationes,
3528 796 4134 867 conservationem
4214 815 4281 874 et
4341 809 4840 884 revelationem
4909 845 5078 911 pro.

1008 907 1191 965 stum
1227 894 1589 962 decretum
1624 888 2060 981 deMegaris.
2161 882 2337 956 Cato
2371 910 2501 957 nec
2531 885 2991 958 mortePom-
3096 886 3453 958 missionis
3516 891 3604 959 de
3676 892 3869 981 filio,
3963 899 4346 987 gloriosam
4433 914 5072 1003 promulgationem

1009 995 1191 1086 peii,
1249 1017 1382 1062 nec
1446 992 1720 1062 amissis
1762 1005 1867 1062 tot
1911 986 2328 1060 exercitibus
2368 1002 2858 1081 permovetur,
2911 1000 2990 1058 ut
3091 987 3310 1078 legis,
3394 989 3803 1063 missionem
3884 998 4052 1080 filii,
4143 1017 4213 1074 et
4271 1006 4576 1084 illustria
4650 1017 5074 1110 testimonia,

1007 1117 1208 1165 arma
1271 1095 1603 1182 deponat.
1733 1091 1953 1181 Saepe
2009 1088 2405 1158 ambitione
2447 1103 2833 1161 moventur
2874 1112 2985 1159 res
3090 1113 3269 1181 quae
3299 1091 3605 1163 subinde
3637 1096 3823 1167 edita
3851 1114 4055 1187 sunt,
4100 1117 4181 1174 ut
4215 1129 4346 1177 nos
4391 1112 4480 1181 de
4528 1116 4854 1191 doctrina
4897 1146 5071 1194 con-

912 1245 928 1254 ·
1002 1215 1154 1266 non
1189 1195 1615 1264 necessariae
1644 1193 1731 1260 ab
1763 1191 2101 1284 inquietis
2132 1190 2457 1279 ingeniis.
2582 1188 2719 1271 Ut,
2784 1185 2986 1261 Alci-
3087 1189 3551 1269 firmaremur.
3621 1193 3798 1270 Vult
3822 1201 3987 1270 sciri
4018 1204 4767 1289 discrimenEcclesiae
4793 1234 4863 1293 et
4893 1224 5070 1297 alia-

1001 1298 1251 1367 biades
1280 1315 1522 1365 suasor
1547 1304 1647 1361 est
1679 1291 1851 1360 belli
1879 1292 2170 1382 gerendi
2199 1292 2278 1358 in
2306 1289 2592 1372 Sicilia,
2658 1315 2819 1361 cum
2854 1315 2982 1382 pa-
3083 1315 3247 1363 rum
3294 1298 3921 1386 congregationum
3964 1304 4111 1374 sive
4168 1323 4554 1401 sectarum,
4622 1332 4692 1392 et
4739 1329 5066 1414 cognosci

1004 1399 1142 1469 tria
1174 1394 1552 1467 domestico
1580 1392 1769 1469 bello
1800 1396 2114 1476 arderet,
2159 1404 2228 1462 et
2260 1392 2458 1461 nulla
2489 1413 2743 1480 magna
2774 1416 2977 1463 causa
3024 1486 3025 1499 ἵ
3081 1393 3413 1465 omnibus
3449 1401 3921 1490 temporibus,
3976 1408 4207 1499 qualis
4237 1412 4451 1487 fuerit
4480 1412 4818 1496 Ecclesia.
4893 1423 5060 1499 ldeo

1003 1513 1221 1581 esset,
1281 1509 1420 1565 tam
1464 1494 1711 1584 procul
1749 1494 2080 1563 mittendi
2124 1493 2348 1563 robur
2388 1491 2675 1567 civium.
2784 1490 2977 1582 Aga·
3026 1488 3027 1503 ¹
3078 1488 3455 1567 historiam
3521 1495 3716 1572 Deus
3769 1506 3979 1577 nobis
4043 1533 4173 1600 per
4235 1509 4479 1586 Patres
4539 1534 4602 1592 et
4668 1520 5060 1615 Prophetas

1000 1595 1263 1671 thocles
1293 1594 1745 1664 circumsessa
1780 1596 1957 1664 urbe
1989 1592 2428 1688 Syracusana
2461 1593 2749 1665 abducit
2778 1618 2978 1663 exer·
3077 1593 3349 1685 o'ptimo
3415 1600 3709 1688 ordine,
3784 1619 3854 1677 et
3912 1631 4211 1684 numero
4269 1638 4620 1691 annorum
4677 1625 5061 1715 diligenter

1001 1699 1174 1769 citus
1200 1696 1279 1765 in
1307 1690 1733 1786 Aphricam,
1782 1695 1907 1789 qui
1954 1695 2060 1763 ibi
2104 1694 2571 1765 trucidantur.
2672 1693 2794 1766 Sic
2840 1696 2977 1767 ali-

926 1821 935 1828 ·
993 1797 1268 1892 quoties
1300 1793 1500 1866 Galli
1533 1796 1875 1868 exercitus
1908 1796 1981 1865 in
2019 1793 2293 1867 ltaliam
2324 1797 2704 1870 duxerunt.
2748 1867 2753 1872 ,

1196 1929 1565 2004 Interdum
1625 1942 2002 1999 moventur
2054 1929 2276 1999 animi
2328 1923 2751 2025 κακοζηλίᾳ.
2853 1929 2973 2015 Ut,

988 2030 1509 2107 Demosthenes
1575 2031 2004 2120 imaginatur
2082 2055 2287 2100 snum
2367 2032 2745 2101 consilium
2823 2056 2973 2103 esse

992 2130 1619 2217 Themistocleum,
1669 2132 2180 2201 defendendam
2212 2152 2358 2200 csse
2389 2128 2725 2202 Graeciae
2753 2134 2972 2203 liber-

991 2250 1207 2309 tatem
1236 2248 1482 2306 contra
1512 2247 1783 2303 exteros
1814 2254 2045 2322 reges..
2127 2230 2376 2303 Cicero
2418 2233 2583 2326 quia
2612 2246 2814 2304 antea
2834 2232 2972 2306 Ca-

991 2336 1270 2408 tilinam
1328 2347 1801 2426 oppresserat,
1880 2346 2114 2425 sperat
2184 2358 2256 2403 se
2310 2335 2527 2403 simili
2590 2335 2971 2407 foelicitate

989 2433 1391 2507 Antonium
1422 2458 1924 2525 oppressurum
1954 2458 2122 2503 esse.
2222 2431 2378 2504 Hoc
2410 2437 2621 2506 modo
2651 2459 2857 2525 saepe
2891 2436 2967 2505 in

993 2529 1310 2608 Ecclesia
1353 2551 1693 2628 peccatur.
1801 2533 1930 2620 Ut,
1979 2530 2366 2605 Zedechias
2402 2537 2571 2622 scit,
2636 2560 2675 2606 a
2706 2537 2968 2627 priori-

992 2639 1130 2708 bus
1182 2638 1477 2727 regibus.
1512 2640 1880 2707 defensum
1946 2657 2092 2704 esse
2149 2637 2530 2728 templum,
2594 2659 2675 2706 ac
2736 2652 2967 2727 sperat

992 2760 1191 2808 suam
1231 2739 1712 2808 defensionem
1760 2737 1913 2805 sore
1959 2737 2315 2822 foelicem,
2383 2761 2592 2830 quam
2639 2735 2968 2809 Ieremias

991 2851 1233 2911 contra
1283 2840 1728 2929 superiorum
1761 2832 2276 2928 Prophetarum
2325 2838 2640 2931 exempla
2693 2839 2967 2911 dissua-

947 2941 953 2948 ’
987 2940 1222 3013 debat.
1324 2937 1569 3009 Iudaei
1603 2938 1978 3033 aliquoties
2027 2940 2363 3008 adversus
2396 2937 2765 3011 Romanos
2808 2966 2964 3010 mo-

964 3053 1243 3114 ·verunt
1284 3040 1705 3128 seditiones,
1755 3053 2091 3134 tanquam
2133 3040 2484 3112 imitaturi
2519 3038 2800 3114 Iosuam
2843 3055 2968 3114 aut

984 3138 1445 3216 Maccabaeos
1476 3156 1606 3215 etc.

1184 3271 1365 3348 Cum
1394 3273 1613 3365 igitur
1642 3272 1940 3363 legimus
1958 3322 1979 3354 ‚
2026 3275 2273 3367 quales
2300 3269 2632 3346 habuerit
2674 3286 2968 3346 eventus

896 3379 909 3387 “
985 3368 1707 3477 πολυπραγμοσύνη,
1760 3373 2144 3465 cogitemus
2174 3377 2262 3447 de
2306 3377 2582 3467 regula,
2633 3372 2968 3446 Necessa-

983 3482 1092 3552 ria
1122 3480 1444 3550 facienda
1474 3500 1656 3563 esse,
1703 3490 1772 3548 et
1807 3479 2092 3570 quidem
2128 3502 2289 3549 cum
2331 3478 2672 3570 petitione
2718 3477 2968 3547 auxilii

987 3579 1262 3663 divini,
1305 3578 1473 3649 Non
1510 3580 1858 3649 movenda
1902 3600 2049 3647 esse
2093 3602 2244 3648 non
2281 3579 2694 3652 necessaria.
2796 3576 2965 3649 Ideo

983 3678 1226 3774 inquit
1261 3676 1553 3750 Paulus:
1636 3676 1801 3768 Qua
1836 3681 2203 3751 vocatione
2253 3693 2539 3750 vocatus
2588 3700 2696 3764 es,
2762 3679 2839 3748 in
2884 3682 2964 3750 ea

988 3779 1298 3855 ambula.
1362 3777 1459 3851 Et
1476 3778 1823 3853 Siracides
1857 3782 2093 3875 inquit
2123 3782 2349 3874 capite
2368 3783 2472 3857 3.:
2526 3779 2730 3870 Quae
2758 3805 2965 3851 man-

984 3885 1151 3955 data
1187 3895 1352 3952 sunt
1381 3880 1553 3965 tibi,
1599 3881 1826 3971 cogita
1873 3896 2133 3958 sancte.
2251 3882 2399 3973 Qui
2447 3896 2635 3978 amat
2681 3883 2960 3974 pericu-

981 3987 1174 4069 lum,
1224 3984 1486 4074 peribit
1512 3981 1591 4053 in
1628 4006 1738 4053 eo.
1843 3985 1911 4055 1.
1945 3980 2198 4058 Thess.
2226 3983 2332 4060 4.=
2384 3984 2559 4056 Sitis
2589 3983 2849 4077 quieti,
2895 3997 2962 4055 et

983 4087 1166 4177 agite
1205 4086 1520 4180 propria.
1654 4082 1800 4159 Ubi
1847 4087 2185 4178 praecipit
2228 4084 2495 4157 Paulus
2543 4086 2632 4155 de
2675 4086 2965 4158 vitanda

984 4179 1713 4289 πολυπραγμοσύνῃ,
1798 4211 1980 4280 quae
2041 4188 2188 4258 ruit
2242 4199 2435 4259 extra
2492 4188 2958 4258 vocationem.

985 4288 1196 4360 Tales
1237 4294 1503 4364 multae
1549 4289 2074 4360 admonitiones
2118 4291 2418 4361 traditae
2464 4303 2668 4374 sunt,
2748 4288 2958 4358 etiam

991 4388 1081 4455 ab
1110 4385 1406 4462 ethnicis
1436 4388 1900 4485 sapientibus.
1992 4388 2318 4479 Spartam
2353 4403 2603 4460 nactus
2632 4411 2726 4472 es,
2771 4382 2961 4458 hanc

993 4508 1195 4557 orna.
1291 4485 1392 4562 Et
1418 4487 1933 4586 Aristophanes
1979 4487 2327 4560 Periclem
2373 4488 2672 4579 exagitat
2719 4489 2799 4558 in
2851 4490 2960 4558 fa-

989 4586 1201 4666 bula,
1261 4589 1376 4657 cui
1412 4592 1659 4665 titulus
1701 4609 1805 4669 est
1835 4588 2361 4664 Acharnenses:
2419 4587 2613 4685 Ἔρεῖ
2646 4584 2794 4681 τὶς,
2867 4585 2958 4662 οὗ

986 4692 1204 4782 χρῆν·
1261 4684 1474 4760 Ἀλλὰ
1501 4689 1572 4764 τὶ
1595 4699 1786 4791 χρῆν
1814 4693 2098 4779 tiuare,
2150 4693 2220 4763 id
2258 4706 2381 4778 est,
2429 4690 2636 4765 Dicat
2668 4693 2955 4786 aliquis:

985 4789 1154 4860 Non
1215 4815 1395 4882 opus
1451 4796 1666 4865 erat?
1740 4799 1879 4871 Sed
1938 4797 2182 4869 dicite:
2257 4793 2453 4884 Quid
2517 4819 2695 4886 opus
2762 4795 2960 4865 erat?

941 4980 945 4984 .
992 4889 1202 4960 Item:
1267 4886 1493 4964 πλείω
1518 4894 1847 4997 παρέργα
1873 4898 2138 5001 ἕργών.
2230 4894 2559 4990 Denique
2590 4898 2678 4966 de
2710 4896 2954 4966 multis

990 4991 1176 5063 vitae
1202 5005 1270 5061 et
1295 4997 1756 5068 consiliorum
1793 5004 2050 5089 regulis
2088 4996 2427 5070 historiae
2469 5022 2600 5067 nos
2643 5011 2954 5070 monent.

986 5087 1085 5163 Et
1111 5094 1496 5183 prudenter
1537 5098 1615 5167 in
1658 5102 1986 5189 exemplis
2027 5101 2619 5174 considerandum
2666 5113 2802 5185 est,
2867 5100 2960 5170 ad

987 5216 1163 5288 quas
1193 5197 1471 5286 regulas
1501 5199 1687 5271 vitae
1716 5206 2304 5278 accommodanda
2336 5201 2502 5277 sint.
2592 5198 2736 5274 Sed
2765 5224 2959 5272 nunc

985 5294 1076 5367 de
1103 5297 1315 5369 nobis
1349 5298 1429 5369 in
1454 5297 1774 5374 Ecclesia
1799 5298 2131 5382 dicamus.

1187 5430 1578 5530 Praecipue
1608 5426 1906 5508 historia
1932 5459 2111 5528 opus
2136 5451 2236 5511 est
2263 5442 2345 5511 in
2371 5434 2710 5514 Ecclesia.
2797 5410 2961 5509 Pri·
3006 5506 3007 5510 ,

986 5559 1225 5620 mum,
1266 5539 1435 5631 quia
1466 5536 1662 5611 Deus
1690 5538 2031 5608 immensa
2064 5538 2378 5610 bonitate
2407 5565 2533 5615 sua
2575 5565 2651 5614 se
2695 5541 2963 5633 patefe-

988 5637 1121 5717 cit,
1173 5652 1243 5708 et
1270 5642 1773 5731 patefactiones
1804 5661 1963 5715 suas
1990 5637 2203 5710 scribi
2230 5639 2477 5718 voluit.
2581 5641 2760 5716 Vult
2798 5641 2962 5714 sciri

1108 5739 1466 5812 muana.
1512 5749 1721 5816 Orra.
1755 5745 1922 5813 Vox..
1947 5744 2112 5815 xll.

3086 1696 3384 1782 tradito,
3435 1701 3646 1772 scribi
3677 1706 3927 1778 voluit.
4030 1708 4137 1783 Ac
4167 1716 4764 1804 singulare.decus
4795 1741 4895 1798 est
4911 1725 5059 1801 Ec-

3076 1795 3361 1916 clesiae,
3411 1803 3603 1916 qupd
3642 1827 3787 1920 non
3815 1810 3987 1926 ali-bi
4022 1813 4097 1882 in
4128 1828 4277 1888 toto
4306 1840 4560 1906 genere
4589 1819 4901 1898 humano
4936 1830 5055 1901 in-

3073 1912 3360 1968 venitur
3390 1913 3755 1994 antiquior
3784 1929 3996 1980 series
4036 1914 4498 2006 imperiorum
4533 1938 4601 1996 et
4630 1939 5052 2018 temporum.

3073 1996 3220 2069 Nec
3254 1999 3389 2069 alia
3418 2022 3590 2094 gens
3620 1997 3833 2114 habet
3861 2023 4049 2081 retro
4082 2033 4455 2092 annotatos
4496 2025 4685 2098 ce'rto
4720 2052 5049 2104 numeros

3071 2124 3447 2172 annorum.
3631 2121 3641 2140 “

3275 2214 3641 2290 Praeterea
3682 2231 3834 2292 non'
3866 2228 4076 2298 modo
4112 2229 4326 2301 decus
4352 2248 4454 2306 est
4482 2233 4875 2331 Ecclesiae,
4927 2249 5049 2318 sed

3068 2317 3552 2389 testimonium
3593 2323 3807 2393 etiam
3857 2328 3946 2397 de
3998 2325 4187 2415 Deo,
4267 2334 4358 2406 de
4397 2341 4878 2433 providentia,
4962 2339 5051 2418 de

3070 2417 3361 2490 veritate
3409 2422 3774 2494 doctrinae
3820 2425 3897 2495 in
3938 2424 4294 2518 Ecclesia,
4359 2441 4552 2530 q'uod
4594 2445 4850 2516 ordine
4894 2471 5051 2518 mo-

3070 2514 3396 2591 narchias
3428 2536 3737 2616 quatuor
3768 2529 4000 2601 statim
4032 2532 4242 2604 initio
4283 2542 4669 2624 secundae,
4724 2546 5052 2634 videlicet
5171 2555 5175 2560 ’

3066 2617 3428 2707 Persicae,
3511 2627 3868 2702 describit.
4001 2629 4236 2705 Simul
4280 2638 4489 2711 etiam
4532 2646 4755 2719 multa
4793 2671 5049 2740 magna

3067 2721 3251 2790 bella
3295 2746 3540 2808 regum
3579 2728 4172 2822 Aegyptiacorum
4232 2750 4302 2808 et
4343 2738 4799 2835 Syriacorum
4842 2774 5050 2842 prae-

3069 2822 3267 2892 dicit.
3369 2821 3505 2893 His
3534 2829 3887 2899 vaticiniis
3914 2856 4075 2902 cum
4107 2852 4403 2909 eventus
4425 2851 4891 2937 respondeat,
4940 2854 5049 2923 fa-

3069 2922 3364 2993 tendum
3395 2937 3537 3010 est,
3588 2940 3659 2997 et
3703 2932 4218 3022 praedictiones
4261 2937 4422 3009 illas
4468 2966 4507 3012 a
4543 2944 4698 3020 Deo
4751 2952 5047 3023 traditas

3067 3044 3251 3108 esse,
3302 3037 3371 3096 et
3404 3019 3589 3098 hanc
3614 3029 4010 3103 doctrinam
4040 3037 4263 3107 solam
4289 3040 4380 3109 de
4394 3037 4571 3130 Deo,
4618 3072 4800 3142 quae
4830 3051 5048 3125 simul

3066 3125 3326 3195 tradita
3366 3139 3472 3199 est
3511 3151 3638 3220 per
3678 3130 3842 3201 illos
3890 3134 4080 3226 ipsos
4110 3134 4535 3231 Prophetas,
4591 3147 4832 3220 veram
4875 3176 5047 3227 esse.

3070 3222 3248 3297 Item
3268 3279 3290 3312 ,
3351 3230 3626 3319 serv-ari
3661 3254 3702 3302 a
3747 3229 3900 3305 Deo
3929 3230 4362 3332 Ecclesiam,
4429 3244 4618 3318 inter
4652 3244 5047 3326 horrendas

3067 3325 3530 3450 imperiorum
3564 3334 4049 3425 confusiones,
4093 3353 4162 3413 et
4191 3357 4481 3439 propter
4527 3371 4683 3420 eam
4716 3349 4874 3427 Deo
4920 3379 5046 3429 cu·

3069 3452 3189 3499 rae
3221 3453 3370 3500 esse
3402 3436 3721 3523 imperia.
3781 3456 3788 3461 ·

3268 3543 3638 3635 Secundo,
3691 3564 3772 3624 ut
3815 3553 3984 3625 libri
4030 3549 4426 3657 prophetici
4467 3567 4724 3639 melius
4773 3568 5047 3661 intelli-

3066 3659 3359 3736 gantur,
3406 3650 3725 3723 omnium
3763 3667 4159 3748 temporum
4191 3657 4485 3736 historia
4515 3669 5049 3761 complectenda

3065 3759 3191 3822 est.
3291 3745 3388 3820 Et
3425 3753 3874 3829 considerent
3900 3756 4261 3849 Iuniores,
4297 3765 4446 3835 fere
4478 3762 5047 3846 ibiHerodotum

3064 3849 3290 3918 ordiri
3345 3851 3546 3921 stiam
3617 3851 4026 3947 historiam,
4116 3864 4245 3933 ubi
4305 3863 4704 3942 Hieremias
4761 3873 5049 3963 desinit,
5103 3948 5110 3955 ,
5162 3912 5172 3923 ·

3063 3950 3396 4022 videlicet
3449 3954 3524 4022 in
3579 3979 3741 4046 rege
3779 3950 3911 4054 Ap
3931 3960 4103 4045 rie,
4167 3966 4293 4059 qui
4339 3964 4778 4043 Hieremiam
4818 3975 5045 4046 inter-

3061 4051 3248 4126 fecit.
3345 4048 3507 4125 Erit
3536 4055 3750 4144 igitur
3780 4062 4116 4133 continua
4145 4068 4402 4137 mundi
4434 4064 4767 4143 historia:
4835 4073 5044 4147 Libri

3061 4148 3500 4244 prophetici,
3561 4154 4010 4241 Herodotus,
4063 4160 4563 4260 Thucydides,
4607 4170 5042 4267 Xenophon,

3059 4250 3420 4323 Diouorus
3456 4255 3544 4339 de
3559 4250 3920 4351 Philippo,
3971 4257 4378 4339 Alexandro
4409 4285 4478 4343 et
4502 4277 5038 4349 successorihus.

3057 4352 3441 4448 Polybius,
3490 4352 3778 4439 Livius,
3830 4374 3902 4432 et
3936 4362 4196 4436 deinde
4229 4368 4353 4438 alii
4384 4387 4547 4462 post
4579 4374 4886 4453 Livium.

3264 4468 3511 4542 Tertio
3542 4474 3630 4543 ad
3667 4473 4213 4553 diiudicationes
4241 4479 4827 4573 'gravissimarum
4861 4516 5038 4564 con-

3057 4572 3560 4644 troversiarum
3591 4579 3879 4669 prodest
3907 4604 4114 4653 nosse
4142 4579 4495 4658 historias.
4600 4590 4746 4679 Ut,
4801 4597 5037 4668 statim

3057 4687 3217 4766 post
3249 4669 3627 4765 Apostolos
3659 4692 3812 4750 orta
3843 4696 4007 4753 sunt
4036 4688 4422 4758 certamina
4449 4690 4780 4782 plurima.
4889 4696 4896 4702 ’

3263 4791 3475 4862 Ceri
3487 4787 3646 4864 nih
3665 4820 3766 4866 us
3783 4847 3807 4878 ,
3875 4794 4151 4882 Ebion,
4231 4805 4490 4901 deinde
4536 4807 5040 4888 Samosatenus

3059 4907 3131 4965 et
3164 4889 3386 4965 Arius
3415 4896 3817 4971 lacerarunt
3843 4901 4237 4974 doctrinam
4272 4908 4362 4976 de
4395 4908 4542 4978 filio
4572 4909 4729 4984 Dei.

3256 5007 3373 5083 M
3371 5036 3420 5082 a
3440 5008 3649 5085 nich
3666 5039 3716 5084 a
3733 5014 3816 5085 ei
3850 5019 4205 5094 finxerunt
4229 5025 4372 5095 duo
4402 5028 4752 5120 principia
4768 5083 4790 5115 ,
4840 5036 5034 5128 pari-

3057 5126 3167 5184 ter
3224 5127 3545 5200 aeterna,
3606 5120 3956 5189 contraria
3974 5173 3997 5206 ,
4056 5121 4343 5195 Bonum
4385 5140 4453 5198 et
4494 5127 4766 5204 Malum
4791 5189 4812 5221 ,
4871 5143 5033 5233 φῶς

3057 5209 3186 5287 καὶ
3239 5210 3452 5308 ὕλην.
3596 5213 4095 5296 Probaverunt
4163 5227 4643 5309 necessitatem
4702 5237 4992 5309 stoicam
5009 5293 5032 5328 ,

3059 5315 3577 5391 damnaverunt
3600 5331 3827 5392 certos
3863 5320 4081 5396 cibos.

3261 5428 3746 5507 Tucianus
3792 5451 3864 5511 et
3899 5441 4027 5513 alii
4063 5448 4274 5520 multi
4303 5450 4734 5527 damnarunt
4778 5457 5030 5529 coniu-

3061 5536 3275 5628 gium.
3377 5532 3571 5630 Alii,
3621 5551 3703 5612 ut
3729 5537 4221 5636 Carpocrates,
4261 5552 4614 5626 finxerunt
4644 5571 4883 5645 raptus
4916 5561 5028 5642 di—

3066 5639 3305 5727 vinos,
3403 5653 3475 5715 et
3537 5641 3921 5716 voluemnt
3994 5674 4403 5726 communes
4468 5678 4615 5727 esse
4680 5657 5011 5731 mulieres

3847 5743 3948 5819 46
