6025 6775
420 725 491 799 11³
1059 705 1217 784 nucu
1256 703 1329 780 un
1363 698 1521 781 aare
1554 697 1791 792 usurus
2364 725 2437 799 114

418 892 485 965 No.
502 891 588 964 146.
1226 908 1274 947 sn.
1290 885 1384 948 1555.
1451 895 1624 964 organum
1655 873 1834 943 actionum
1855 873 1922 945 Dei
1952 880 2103 950 maxime
2128 876 2429 962 admirandarum.

425 986 600 1016 Μ
1223 973 1394 1004 *⁴¹⁹*
1451 974 1710 1072 Nascunturin
1733 976 1837 1043 corde
1862 976 1984 1047 vitales
2004 982 2166 1071 spiritus,
2190 999 2224 1058 et
2246 988 2330 1059 inde
2351 1013 2431 1062 sur·

637 1121 642 1128 .
702 1100 776 1183 De
803 1106 903 1179 arte
932 1094 1121 1184 medica·
1318 1060 1325 1075 ⁹
1450 1097 1529 1145 sum
1544 1073 1663 1162 magni
1679 1068 1853 1144 halituum
1869 1091 1983 1148 aestus
1996 1082 2094 1153 velut
2107 1081 2235 1178 Euripi
2251 1086 2429 1169 vehuntur

494 1247 528 1299 ln
545 1245 629 1298 select
647 1240 721 1298 neat.
738 1239 773 1292 T·
786 1235 831 1294 lv·
850 1256 876 1309 P·
889 1236 943 1291 2¹6
958 1254 1032 1308 Ἢ,
1060 1236 1176 1293 ΒΜ.
1194 1234 1398 1307 T.lv.p.197.
1450 1175 1487 1293 ip
1510 1177 1710 1256 cerebrum,
1735 1176 1797 1267 qtri
1817 1192 1934 1266 postea
1957 1182 2091 1252 cerebri
2107 1186 2343 1261 familiaritate
2358 1195 2428 1261 mi.

505 1324 550 1365 ,a
573 1310 695 1364 nietam
718 1308 752 1362 Τ.
763 1308 801 1363 ιι.
822 1304 984 1426 p.118.-
1016 1304 1105 1358 Euam
1131 1304 1273 1375 separaum
1298 1304 1399 1375 paoem
1450 1292 1556 1346 tiores
1583 1290 1617 1346 ει
1643 1276 1833 1346 lucidiores
1860 1278 1961 1362 facti,
1993 1285 2174 1355 cerebrum
2196 1291 2364 1362 adiuvant
2386 1295 2425 1364 iu

523 1377 725 1435 With-¹⁵5⁵·
758 1376 787 1431 ⁸·
839 1372 873 1445 'b
890 1372 928 1443 pt.
1448 1375 1719 1467 cogitationibus
1749 1377 1959 1462 formandis,
1993 1380 2047 1448 illi
2075 1408 2158 1454 vero
2186 1388 2331 1478 fluctus,
2362 1396 2425 1488 qui

1442 1492 1529 1547 suut
1546 1478 1583 1545 in
1598 1471 1759 1546 thalamis
1773 1478 1906 1561 cordis,
1931 1483 2126 1554 accendunt
2140 1487 2294 1565 affectus.

1486 1648 1492 1661 ,
1549 1565 1589 1646 lb
1614 1572 1704 1672 hang
1725 1591 1832 1647 totam
1855 1574 2028 1649 halituum
2047 1586 2312 1676 scaturiginem,
2342 1615 2423 1663 vere

1446 1700 1482 1744 se
1504 1678 1626 1748 inserit
1641 1678 1823 1746 divinitas:
1849 1677 1892 1747 ln
1908 1680 2049 1750 cerebro
2064 1682 2193 1755 format
2205 1690 2351 1761 noticias
2365 1693 2423 1762 lu-

421 1540 543 1608 Orntio
563 1534 610 1607 de
632 1545 716 1606 orte
735 1532 901 1618 medica,
927 1553 990 1601 scu
1012 1526 1210 1601 debonorc
1227 1527 1395 1602 babendo

417 1635 630 1727 corporibus
643 1640 802 1730 ηοεινίες
826 1636 993 1703 recitata
1014 1654 1038 1702 a
1053 1632 1103 1701 D.
1120 1630 1289 1701 lucullo
1309 1635 1396 1703 Mi-

415 1740 429 1808 f
436 1737 579 1827 mliv,
606 1760 690 1809 cum
703 1737 966 1807 decernerem?
975 1731 1114 1828 ΨΜ
1130 1730 1248 1804 ''5⁶²⁴''
1261 1735 1396 1821 D⁰⁶t⁰7
1445 1777 1612 1861 cidiores,
1637 1791 1671 1846 et
1691 1779 1879 1848 firmiorem
1902 1782 2163 1853 adsensionem:
2189 1788 2227 1855 in
2239 1794 2342 1861 corde
2356 1795 2421 1862 ad·

721 1836 822 1909 ribi&
836 1831 1086 1907 Hauemfbffi·
1444 1878 1555 1947 fectus
1570 1879 1674 1961 tales,
1699 1879 1813 1967 qualis
1826 1893 1877 1949 est
1892 1880 1965 1971 ipse
1979 1880 2085 1955 Deus.
2136 1882 2193 1955 Ad
2212 1883 2308 1959 bunc*
2316 1916 2419 1963 usum

417 1979 637 2063 Gravissima
657 1997 878 2076 praeceptum
902 1993 954 2051 est
970 1981 1009 2049 in
1025 1980 1187 2051 doctrina
1205 1975 1393 2058 Ecclesiae,
1444 1980 1534 2048 cum'
1546 1978 1687 2046 condita
1708 1977 1752 2047 sit
1775 1974 1960 2048 hominum
1978 1997 2123 2069 natura,
2148 2001 2182 2057 et
2195 2002 2235 2058 ut
2250 1992 2419 2083 scripturn

413 2090 587 2162 bonorem
605 2088 830 2156 tribuendum
846 2106 918 2152 εεεε
936 2082 1073 2173 corpori
1092 2077 1259 2152 humano.
1311 2076 1393 2166 Qua
1443 2093 1511 2161 est,
1537 2102 1616 2146 cum
1637 2077 1722 2148 velit
1737 2077 1831 2147 Deus
1848 2081 1968 2149 omnia
1982 2082 2018 2149 in
2035 2086 2200 2157 omnibus
2214 2112 2305 2176 esse,
2327 2107 2420 2163 recte

413 2190 651 2284 adpellatione
680 2211 752 2260 nors
782 2200 918 2275 tantum
943 2177 1011 2251 huc
1031 2182 1262 2270 significatur,
1296 2179 1391 2270 quud
1443 2180 1575 2247 dictum
1590 2191 1658 2268 est,
1683 2193 1810 2269 corpus
1825 2173 1960 2248 honore
1974 2184 2207 2256 adficiendum
2222 2213 2305 2261 esse.
2349 2190 2420 2263 Co·

414 2284 624 2380 Philosophi
647 2288 822 2369 dicerent,
856 2285 1116 2354 tuendamcsse
1142 2279 1392 2359 valetudinem,
1441 2280 1591 2368 gitemus
1610 2278 1718 2366 igitur
1739 2295 1869 2370 quauta
1884 2281 2012 2350 scelera
2030 2284 2101 2355 sint
2115 2290 2287 2377 expellere
2303 2289 2417 2363 Deum

415 2410 449 2464 et
470 2390 697 2483 depellendos
717 2388 877 2469 morbos,
901 2406 962 2452 scu
977 2382 1233 2451 conservandas
1249 2401 1321 2447 εεεε
1336 2379 1390 2446 νί-
1440 2402 1481 2449 ex
1505 2373 1572 2448 hoc
1592 2403 1657 2448 suo
1681 2379 1881 2464 domicilio,
1905 2396 1945 2451 ut
1968 2383 2117 2455 eliciunt
2128 2390 2189 2480 qui
2205 2414 2241 2459 se
2256 2392 2419 2462 libidini-

414 2518 470 2563 res
493 2491 665 2581 corporis,
690 2504 862 2581 quantum
880 2484 956 2553 fieri
972 2494 1096 2572 potest.
1146 2476 1215 2576 Sed
1230 2503 1308 2549 cum
1324 2474 1389 2549 ho·
1424 2480 1505 2576 5bus
1534 2494 1593 2550 aut
1623 2479 1701 2548 aliis
1731 2482 1873 2570 flagitiis
1903 2485 2159 2558 contaminant:
2185 2491 2247 2588 pel
2269 2495 2417 2565 omnino

414 2617 480 2662 nos
509 2592 727 2673 nominatur,
757 2612 859 2658 causa
888 2576 1214 2671 comprehenditur,
1247 2594 1390 2671 propter
1440 2583 1619 2649 destruere
1639 2575 1706 2648 hoc
1731 2582 1919 2673 templum,
1943 2598 1982 2653 ut
2000 2609 2125 2675 magua
2143 2592 2333 2662 multitudo
2351 2590 2417 2663 ho-

415 2718 519 2787 quam
542 2693 704 2762 valetudo
728 2711 853 2775 magna
873 2705 955 2751 cura
977 2682 1106 2751 tuenda
1124 2694 1191 2760 est,
1218 2681 1390 2763 videlicet,
1441 2680 1575 2748 minum
1598 2682 1714 2771 perdit
1734 2705 1880 2774 corpora
1894 2684 1988 2753 ferro
2003 2701 2036 2756 ct
2050 2688 2129 2757 aliis
2143 2688 2329 2763 machinis:
2355 2698 2416 2764 sed

414 2796 495 2884 quia
511 2789 849 2882 corpusaddieinos
862 2806 946 2852 usus
960 2782 1219 2852 conditumest.
1269 2780 1388 2867 Signi·
1440 2781 1552 2848 multo
1578 2781 1693 2868 plures
1716 2784 1874 2876 crapula,
1906 2785 2046 2871 illuvie,
2080 2805 2281 2883 contemptu
2303 2819 2416 2865 reme-

412 2897 490 2963 licat
512 2894 607 2962 enim
629 2887 745 2958 honus
758 2885 1010 2954 confessionem
1027 2882 1267 2974 antecellentis
1283 2880 1388 2949 boni·
1439 2878 1591 2950 diorum.
1642 2878 1736 2947 Haec
1768 2882 1843 2950 lues
1869 2908 1948 2953 vere
1977 2882 2165 2981 ἐπιδήμιος
2194 2898 2332 2964 assidue
2354 2921 2416 2985 per
2495 2933 2497 2938 ·

412 2997 510 3078 tatis,
542 3015 631 3084 quae
661 2987 812 3080 primum
837 2985 919 3056 ‘Deo
947 2987 1114 3072 debetur,
1150 2982 1277 3049 deiude
1308 2999 1393 3048 cuin
1439 2992 1552 3047 totum
1576 3000 1684 3065 genus
1705 2972 1899 3048 humanum
1925 3000 2077 3073 vagatur.
2127 2988 2416 3081 Haacmagnao

410 3095 622 3169 transfertur
641 3091 685 3159 ad
708 3089 796 3158 alias
817 3111 901 3171 res,
915 3100 1034 3157 tamen
1051 3096 1195 3175 propter
1208 3081 1321 3152 Deum
1338 3081 1388 3149 eis
1437 3078 1568 3177 atrocia
1588 3077 1716 3158 scelera
1736 3081 1953 3162 agnoscenda
1978 3098 2013 3151 et
2035 3087 2239 3174 corrigenda
2257 3108 2356 3176 sunt,
2380 3109 2415 3164 et

407 3192 601 3268 tribuitur,
624 3202 664 3254 ut
681 3184 853 3253 honorem
870 3186 1059 3252 tribuimus
1073 3184 1296 3273 parentibus,
1319 3182 1387 3247 im·
1438 3201 1539 3266 saepe
1569 3178 1774 3265 cogitandae
1800 3187 1884 3245 sunt
1904 3198 2044 3264 causae,
2075 3205 2138 3250 cur
2160 3186 2254 3255 Deus
2277 3190 2416 3263 iusserit

409 3288 537 3381 pariis,
563 3284 716 3372 artibus,
735 3281 882 3369 legibus,
933 3281 1037 3349 Artes
1052 3282 1146 3347 enirn
1160 3302 1200 3347 ae
1214 3280 1306 3365 leges
1321 3278 1388 3345 sci·
1438 3273 1609 3345 honorem
1625 3273 1755 3344 habere
1770 3275 1920 3364 corpori.

406 3411 489 3459 mus
502 3384 619 3455 radios
631 3406 703 3454 esse
717 3381 918 3474 sapientiae,
943 3403 1032 3473 quae
1046 3373 1172 3446 inDeo·
1184 3392 1234 3447 est
1248 3390 1388 3447 aeterna
1539 3372 1622 3444 Dixi
1643 3376 1687 3444 de
1703 3396 1805 3444 causa
1819 3375 1937 3462 finali,
1960 3380 2043 3471 quia
2058 3380 2104 3451 sit
2121 3384 2302 3458 conditum
2315 3405 2356 3461 ut
2370 3393 2417 3466 sit

407 3503 443 3559 et
471 3488 639 3569 immota,
672 3507 735 3575 per
758 3504 848 3576 quos
857 3503 939 3552 sese
962 3480 1039 3549 vult
1062 3477 1200 3566 agnosci
1220 3492 1254 3547 et
1279 3478 1386 3548 vitam
1437 3476 1609 3565 templum
1622 3472 1703 3553 Dei.
1753 3471 2023 3549 Consideremus
2042 3482 2146 3554 etiam
2161 3486 2271 3578 ipsius
2285 3491 2416 3580 opificii

407 3588 494 3677 regi.
545 3583 604 3656 Sic
626 3583 773 3673 imperia
790 3582 919 3649 scimus
934 3579 1095 3647 ordinem
1111 3599 1184 3643 esse
1197 3577 1387 3665 sapientiae
1435 3556 1563 3657 adem,
1587 3597 1770 3665 quaecum
1781 3598 1863 3645 vere
1877 3577 1922 3648 sit
1934 3579 2075 3668 divina,
2098 3597 2139 3656 ut
2152 3590 2312 3661 ostendat
2327 3617 2416 3684 qua-

409 3689 494 3767 Ilei,
526 3698 572 3761 et,
588 3681 786 3754 conservari
810 3703 830 3746 a
851 3674 945 3759 Deo,
976 3698 1016 3744 ac
1042 3674 1272 3761 intelligimus
1297 3674 1385 3743 velle
1435 3675 1479 3742 lis
1499 3672 1546 3743 sit
1566 3672 1680 3758 Deus,
1712 3690 1857 3766 propter
1882 3672 1974 3750 hanc
1997 3706 2134 3752 causam
2158 3688 2264 3757 etiarn
2286 3715 2415 3784 corpus

408 3790 522 3861 Deum
543 3808 609 3855 nos
630 3784 685 3853 illi
701 3778 822 3851 ordini
839 3776 1111 3846 subiectosesse.
1163 3774 1383 3865 Deparenti·
1434 3769 1572 3844 honore
1596 3774 1828 3847 adficiendum
1851 3794 1913 3853 est.
1970 3778 2013 3850 ln
2033 3780 2109 3854 Deo
2131 3790 2337 3881 praecipuae
2360 3817 2415 3864 res

411 3892 476 3960 bus
499 3912 581 3958 vero
601 3886 746 3966 scimus,
778 3894 812 3949 et
835 3879 1027 3948 castitatem
1048 3874 1225 3960 coniugii,
1257 3897 1397 3942 arcano·
1436 3890 1535 3945 sunt:
1576 3875 1766 3966 sapiebtia,
1804 3880 1951 3965 veritas,
1983 3883 2139 3972 bonitas,
2170 3889 2413 3979 beneficentia,

411 3989 476 4060 Dei
500 3986 647 4058 consilio
668 3983 838 4053 sancitam
862 4001 952 4060 esse,
977 3989 1012 4044 et
1035 3975 1295 4061 generationem
1318 3971 1386 4042 Dei
1435 3975 1586 4053 iustitia,
1612 3972 1769 4067 castitas,
1792 3981 1986 4053 constantia
2002 3984 2040 4053 in
2055 3987 2168 4074 buno,
2190 3993 2284 4083 quod
2303 3993 2413 4086 ipsius

413 4114 498 4180 opus
519 4112 611 4171 esse,
635 4099 670 4155 ct
690 4087 735 4154 ab
760 4083 835 4172 ipso
856 4075 1073 4157 conservari,
1098 4087 1130 4142 ει
1146 4074 1237 4141 velle
1255 4096 1332 4143 eum
1347 4087 1387 4142 ut
1436 4074 1606 4165 sapientia
1627 4076 1794 4148 discernit
1809 4082 1954 4166 amalo,
1977 4085 2061 4154 item
2083 4088 2266 4162 liberrima
2279 4094 2415 4167 electio.

413 4193 457 4262 sit
476 4204 638 4261 mutuum
659 4187 783 4256 foedus
802 4195 837 4250 ct
861 4195 982 4249 mutua
1001 4168 1137 4274 στοργὴ
1152 4175 1247 4256 inter
1260 4196 1386 4263 paren·
1437 4173 1496 4243 Sic
1511 4187 1561 4243 est
1577 4188 1692 4242 autem
1708 4177 1872 4246 conditus
1885 4175 2011 4267 bomo',
2034 4199 2073 4256 ut
2086 4194 2241 4262 membra
2257 4197 2415 4285 corporis

413 4306 463 4363 tes
485 4305 519 4361 et
541 4304 658 4371 natos,
690 4307 795 4378 quam
819 4281 898 4349 vult
919 4299 993 4346 csse
1016 4273 1386 4351 commonefaationem
1437 4273 1508 4342 sint
1537 4266 1663 4353 harum
1695 4276 1909 4364 optimarum
1939 4305 2058 4353 rerum
2088 4287 2337 4362 instrumenta:
2373 4297 2413 4363 in

413 4396 454 4461 de
472 4416 534 4462 suo
550 4410 668 4458 amore
683 4408 764 4473 erga
780 4381 892 4450 filium
906 4393 940 4449 ει
955 4401 1035 4467 erga
1049 4399 1124 4445 nos.
1174 4373 1226 4443 lta
1241 4374 1382 4444 cuicun·
1438 4373 1579 4444 cerebro
1602 4373 1719 4444 lucent
1744 4376 1895 4447 noticiae
1915 4396 1949 4452 et
1964 4385 2107 4468 veritas,
2132 4390 2329 4463 intellectus
2344 4418 2414 4464 nu·

350 4558 352 4562 ,
413 4518 478 4587 que
503 4494 552 4561 rei
572 4487 745 4559 horrorem
762 4483 970 4562 tribuimus,
995 4477 1228 4566 significamus
1242 4475 1385 4568 aliquod
1438 4497 1634 4557 merorum,
1658 4475 1748 4544 radii
1772 4477 1856 4565 legis
1879 4481 2039 4569 divinae,
2065 4487 2298 4562 discernentes
2321 4510 2415 4566 recta

413 4596 450 4663 in
473 4618 512 4662 ea
537 4591 699 4661 divinum
719 4588 854 4656 bonum
877 4604 971 4663 esse,
996 4590 1137 4668 propter
1161 4579 1255 4669 quod
1275 4598 1389 4644 cares
1438 4589 1472 4644 et
1493 4598 1565 4642 nun
1584 4588 1686 4643 recta.
1738 4571 1785 4644 Et·
1807 4602 1825 4645 a
1846 4583 1990 4653 cerebro
2012 4588 2112 4657 ue'rvi
2134 4591 2316 4679 oriuntur,
2350 4599 2412 4688 qui

413 4710 446 4764 et
469 4691 707 4763 conservanda
730 4701 765 4757 et
787 4682 1012 4754 anteferenda
1035 4692 1085 4747 cst
1108 4677 1252 4746 caeteris
1272 4676 1389 4748 rebus.
1438 4675 1646 4763 cogitatione
1676 4677 1810 4769 impelli
1837 4697 2003 4769 possunt,
2030 4700 2065 4756 et
2094 4702 2235 4759 externa
2257 4697 2414 4769 membra

415 4794 513 4864 Sicut
529 4791 733 4863 Aristoteles
755 4785 892 4879 iuquit,
917 4775 1042 4874 τίμιον
1058 4800 1130 4848 εεεε
1147 4778 1316 4870 quiddam
1333 4779 1389 4847 di·
1438 4777 1494 4845 vel
1516 4776 1608 4845 cient
1629 4776 1684 4844 vel
1702 4773 1904 4862 cohercent,
1930 4796 1970 4852 ut
1986 4786 2140 4859 actiones
2155 4814 2234 4860 cum
2249 4808 2343 4865 recto
2357 4799 2415 4867 iu-

416 4892 573 4971 vinum,⁴
1438 4878 1532 4945 dicio
1556 4892 1786 4963 congruentes
1805 4880 1895 4949 effici
1917 4885 2071 4973 possint,
2093 4903 2135 4959 ut
2156 4913 2235 4961 cum
2258 4890 2415 4969 Achilles
2469 4943 2472 4950 ·

519 4989 606 5059 Cum
627 4993 734 5079 igitur
753 4983 924 5080 praecipit
943 4980 1089 5052 coeleste
1103 4981 1325 5063 mandatum,
1350 4991 1390 5047 ut
1438 4979 1565 5047 ardens
1595 4976 1648 5045 ira
1670 5001 1742 5044 non
1770 4978 1918 5063 iniusta,
1950 4986 2105 5071 gladium
2126 4993 2329 5081 stringeret,
2361 5013 2415 5070 ta.

415 5113 565 5181 corpora
581 5088 695 5158 nostra'
705 5084 842 5159 bonore
854 5084 1063 5164 afficiamus,
1087 5079 1326 5170 qrraerendum
1339 5093 1391 5147 est
1441 5102 1521 5146 men
1544 5100 1624 5147 cum
1648 5077 1753 5146 tacita
1774 5079 1938 5168 cogitatio
1960 5108 2088 5157 nervos
2109 5112 2173 5159 ceu
2189 5085 2343 5167 habenas
2358 5100 2415 5173 iu.

416 5216 506 5288 quae
530 5213 587 5259 res
607 5188 728 5256 divina
746 5187 888 5281 propria
909 5183 954 5253 sit
975 5201 1163 5271 corporum
1179 5192 1391 5262 nostrorum,
1439 5178 1538 5246 beret
1568 5171 1746 5246 retrahere
1777 5188 1940 5266 manum,
1972 5188 2073 5255 nerei
2104 5203 2139 5259 et
2167 5206 2293 5266 manus
2319 5219 2415 5274 recto

416 5319 505 5389 quae
520 5307 639 5363 tarucu
657 5288 811 5356 videmus
822 5311 893 5354 esse
907 5284 1049 5372 fragiles
1064 5303 1193 5350 massas
1209 5302 1273 5349 ceu
1288 5291 1391 5349 testas
1440 5277 1571 5346 iudicio
1591 5268 1859 5377 obtempera*
1892 5278 1995 5352 Hanc
2015 5287 2241 5380 sapientiam,
2272 5298 2417 5372 liberta.

417 5421 456 5465 ex
478 5397 553 5465 luto
576 5400 769 5461 concretas.
831 5384 900 5455 Hic
922 5386 1075 5478 primum
1100 5384 1145 5450 de
1169 5403 1271 5451 causa
1294 5379 1391 5448 finali
1439 5392 1529 5461 tem,
1555 5378 1736 5463 virtutem,
1760 5373 1876 5451 adhuc
1898 5397 2077 5479 utcunque
2097 5389 2135 5458 iu
2152 5385 2337 5470 bominum
2354 5428 2417 5470 na·
2469 5378 2471 5382 Ι

417 5497 541 5566 dm,
1440 5490 1519 5547 tura
1549 5477 1721 5571 reliquam
1750 5502 1822 5548 esse
1850 5481 2028 5570 videmus,
2056 5489 2194 5564 etiamsi
2217 5498 2417 5587 languidior

516 5595 730 5685 Quabquam
748 5582 836 5656 haec
848 5606 1012 5673 corporea
1028 5584 1140 5651 moles
1156 5604 1197 5650 ex
1213 5574 1289 5653 luto
1303 5581 1391 5651 facta
1442 5593 1513 5662 est,
1544 5602 1648 5670 qrram
1675 5580 1789 5672 qualis
1808 5581 1913 5654 initio
1934 5588 2075 5660 condita
2097 5606 2161 5664 est.
2220 5594 2340 5668 Voluit
2363 5615 2416 5668 ta-

418 5711 487 5781 est,
507 5694 692 5765 tamen-ad
715 5685 814 5758 bunc
834 5706 937 5756 usum
961 5684 1102 5753 condita
1116 5697 1186 5762 est,
1210 5684 1303 5754 utin
1318 5695 1391 5752 tota
1441 5702 1524 5747 men
1539 5677 1634 5749 Deus
1655 5680 1693 5747 in
1713 5681 1816 5751 nobis
1838 5680 1956 5755 adhuc
1977 5688 2093 5758 lucere
2114 5693 2158 5760 de
2172 5715 2244 5760 sese
2258 5698 2416 5772 testimo.

419 5797 623 5866 aeternitate
650 5787 871 5861 domicilium
901 5795 936 5854 ει
965 5784 1136 5876 templum
1167 5782 1213 5855 sit
1239 5782 1328 5867 Dei,
1360 5796 1394 5854 et
1447 5780 1506 5850 nia
1522 5780 1855 5872 etsignilicationes,
1881 5808 1972 5876 quae
1984 5789 2311 5882 commonefaciant,
2332 5824 2421 5898 qua.

468 5899 645 5965 Mrssrrrs.
670 5894 772 5962 Orsa.
797 5892 882 6002 Vos..¹
896 5884 974 5967 ΧΠ.
1657 5962 1666 5971 ,
1891 5883 1915 5953 g
