6025 6775
505 617 618 704 &67-

1174 617 1211 690 1.
1263 611 1559 693 CHRONICON
1593 612 1842 702 CARlONlS.

467 735 690 877 ,ludahamj
730 814 838 888 quem
868 813 950 863 eum
978 790 1085 862 armis
1109 787 1345 881 reprimerent
1365 786 1488 860 Maca-

2456 665 2529 741 858

1543 808 1655 857 annos
1683 790 1723 859 iu
1752 796 1923 886 templum
1951 803 2160 877 collocatum
2180 813 2305 896 fuerat.
2364 824 2465 903 Circa
2488 839 2528 909 id

502 893 599 981 basi,
645 907 764 987 postea
803 891 1040 985 principatum
1079 884 1119 961 hi
1151 903 1362 977 tenuerunt,
1408 914 1488 961 cnm
1541 901 1679 980 tempus
1702 905 1736 963 et
1750 886 1950 970 Antiochus
1963 898 2168 997 Epiphanes
2184 934 2346 995 mortuus
2363 945 2426 1002 est.
2474 932 2524 1012 Et

501 1009 616 1068 essent
632 996 707 1065 nati
725 1018 767 1064 ex
781 996 879 1065 tribu
894 993 1061 1065 Levitica.

601 1094 689 1165 Post
703 1093 910 1165 Macabaeus
924 1092 1090 1163 Iudaeam
1105 1095 1295 1182 regendam
1311 1090 1410 1162 dedit
1424 1088 1486 1162 lu-

1540 988 1610 1058 iam
1635 1012 1713 1108 spes
1735 1008 1810 1065 erat
1826 998 1941 1087 pacis,
1965 1007 2026 1075 sed
2039 1030 2162 1080 rursus
2179 1019 2306 1091 scelere
2321 1036 2450 1104 summi
2466 1060 2523 1109 sa-

1537 1091 1690 1161 cerdone
1713 1088 1847 1166 Alcimi
1873 1106 2010 1175 attracti
2036 1121 2119 1182 sunt
2140 1107 2257 1189 hostes
2277 1146 2317 1191 ex
2339 1127 2441 1222 Syria
2463 1162 2521 1208 re.

500 1199 572 1267 lius
590 1192 779 1287 Antipatro
796 1194 983 1278 idumaeo,
1008 1193 1109 1265 cuius
1131 1195 1298 1265 virtutem
1323 1208 1357 1263 et
1378 1192 1484 1262 fidem
1535 1206 1667 1280 gnante
1682 1179 1875 1271 Demetrio.
1925 1202 2079 1301 Euitqne
2093 1211 2272 1290 difficilius
2285 1225 2417 1299 bellum
2434 1260 2520 1326 pm.

500 1299 541 1368 in
570 1298 667 1366 bello
690 1294 929 1367 Alexandrino
958 1307 1120 1385 expertus
1149 1309 1233 1366 erat.
1285 1291 1354 1362 Hic
1377 1290 1484 1364 Anti-

499 1412 601 1490 pater
621 1409 718 1489 pater
738 1395 805 1464 fuit
825 1392 981 1464 Herodis
1002 1394 1120 1485 primi.
1189 1392 1242 1465 Ita
1264 1394 1481 1487 praedictum

497 1502 612 1569 fuerat
634 1498 672 1565 in
693 1495 860 1565 vaticinio
881 1491 1165 1577 hebdomadum,
1198 1509 1386 1565 venturum
1408 1518 1481 1564 esse

498 1596 666 1668 Messinm
687 1596 726 1663 in
747 1596 818 1665 fine
832 1597 976 1686 politiae
991 1597 1172 1681 Iudaicae,
1197 1621 1277 1667 cum
1296 1597 1366 1664 iem
1381 1619 1482 1686 pere-

497 1695 590 1788 grini
611 1697 650 1765 in
665 1694 794 1766 iudaea
816 1719 913 1786 reges
935 1710 1060 1767 essem.
1109 1694 1159 1770 Et
1179 1708 1297 1766 tamen
1313 1720 1359 1766 ne
1375 1696 1481 1788 stirps

492 1797 614 1871 David
632 1798 751 1885 ignota
775 1810 883 1881 esset,
906 1798 1064 1889 oportuit
1086 1822 1160 1868 non
1182 1798 1328 1887 longum
1343 1810 1481 1887 tempus

495 1920 572 1970 esse
595 1922 615 1967 a
638 1911 814 1990 postremo
838 1900 925 1968 duce
947 1923 988 1969 ex
1010 1899 1118 1988 stirpe
1137 1896 1255 1968 David
1277 1900 1323 1967 ad
1345 1892 1479 1968 Christi

493 2000 659 2071 natalem.
725 1996 819 2068 Sunt
853 2013 968 2069 autem
1003 2001 1090 2069 anni
1118 2012 1259 2069 centum
1290 1998 1478 2088 sexaginta.

491 2097 581 2175 Erat
604 2100 713 2189 igitur
736 2123 857 2169 recena
881 2100 1050 2170 memoria
1072 2101 1241 2192 postremi
1261 2099 1361 2170 ducis
1376 2111 1410 2167 et
1425 2100 1478 2168 fa·

492 2201 612 2270 miliae
631 2203 718 2275 eius.

594 2298 702 2372 Extat
730 2301 853 2369 iisdem
883 2300 1180 2392 appellationibus
1212 2302 1342 2372 ducum
1371 2302 1476 2372 series

495 2403 588 2494 apud
608 2402 741 2472 Lucam
766 2415 799 2471 et
821 2395 1028 2486 Philonem,
1056 2404 1234 2494 usquead
1259 2416 1475 2494 postremum

495 2506 622 2573 ducem
647 2501 756 2571 lanua
778 2499 993 2584 Hireanum,
1018 2502 1130 2572 tilium
1150 2499 1288 2594 loseph.
1337 2501 1478 2575 Deinde

493 2602 608 2674 Lucas
625 2603 744 2674 attexit
758 2614 911 2695 quatuor
925 2617 1058 2692 patres,
1084 2605 1145 2697 qui
1162 2628 1235 2673 non
1249 2605 1394 2676 fuerunt
1408 2608 1476 2676 du-

494 2724 560 2792 ces.
625 2702 695 2775 Sed
726 2702 830 2772 multi
856 2701 1026 2773 familiam
1058 2727 1159 2774 nosse
1187 2718 1362 2795 poterant.
1425 2705 1476 2779 Ut

493 2817 609 2874 autem
629 2804 736 2873 series
754 2803 792 2871 in
811 2817 997 2894 conspectu
1010 2803 1074 2885 sit,
1101 2806 1255 2877 recitabo
1271 2801 1377 2878 hicet
1392 2805 1474 2876 Ma-

493 2905 647 2978 sabaeos

494 3146 656 3215 Series
691 3143 959 3231 principum
997 3145 1043 3209 et
1081 3160 1262 3234 regum,
1303 3144 1382 3232 qui
1418 3161 1474 3210 ee

705 3240 983 3314 Macnbueis
1010 3247 1106 3312 orti
1137 3249 1262 3312 scant.

593 3407 731 3480 Nomen
746 3401 950 3477 Macabaei
971 3414 1149 3492 sumptum
1168 3415 1275 3473 estex
1291 3405 1403 3474 literis
1418 3403 1475 3497 pi-

493 3512 559 3583 ctis
576 3511 615 3579 in
628 3510 776 3593 vexillo,
801 3531 891 3601 quae
905 3504 1162 3594 significabant:
1190 3501 1279 3590 Quis
1296 3505 1385 3575 sicut
1399 3504 1475 3575 Do-

492 3613 612 3681 minus
632 3609 671 3677 in
687 3607 818 3678 lsrael?
867 3600 974 3677 Extat
995 3618 1111 3673 autem
1134 3603 1240 3672 series
1260 3604 1414 3675 familiae
1436 3605 1474 3674 iu

489 3712 607 3804 primo
625 3709 718 3777 libro
732 3706 901 3779 historiae
916 3705 1198 3776 Macabacorum.

593 3803 788 3880 Malathias
811 3824 931 3880 eontra
956 3800 1125 3876 Antiochi
1148 3800 1346 3896 Epiphanis
1370 3807 1474 3878 duces

492 3913 627 4007 primus
642 3934 738 3978 arma
753 3909 879 3998 coepit,
905 3921 939 3974 et
953 3908 1034 3974 utiis
1048 3902 1206 3977 hortator
1219 3908 1298 3987 fuit,
1324 3923 1363 3977 ut
1377 3933 1475 3977 exer·

494 4017 583 4085 citus
606 4011 833 4101 colligerent,
859 4019 894 4075 et
916 4006 1144 4077 defenderent
1164 4008 1330 4101 reliquias
1351 4005 1476 4079 Eccle-

493 4116 581 4194 siae,
606 4127 641 4184 et
657 4133 780 4181 rursus
796 4106 1009 4200 expellerent
1026 4104 1195 4179 Antiochi
1210 4111 1399 4191 exercitus,
1425 4112 1474 4180 si-

493 4228 552 4285 cut
560 4214 688 4284 Daniel
703 4214 861 4284 futurum
879 4209 1111 4301 praedixerat:
1137 4208 1361 4282 luvabuutur
1374 4213 1475 4281 auxi-

494 4314 544 4382 lio
560 4316 717 4405 parvulo.
1345 4368 1354 4385 .

597 4412 783 4483 Sciendum
806 4425 858 4483 est
879 4422 1015 4491 autem,
1047 4409 1122 4478 eius
1143 4411 1311 4501 temporis
1332 4413 1475 4481 calami-

495 4524 623 4594 tatem,
662 4511 907 4604 dissipationes
937 4522 971 4580 et
1000 4508 1244 4594 liberationes,
1281 4511 1474 4603 imaginem

494 4637 569 4688 esse
582 4612 752 4704 postremi
766 4613 935 4704 temporis
950 4611 988 4679 in
1004 4606 1171 4684 Ecclesia.

597 4706 720 4783 ludos
740 4711 951 4786 Macabaeus
977 4711 1070 4780 filius
1090 4707 1285 4785 Malathiae
1312 4715 1381 4787 luit
1403 4719 1474 4787 dux

1535 1305 1614 1382 pter
1636 1289 1768 1365 Alcimi
1792 1303 1994 1390 perfidiam,
2021 1310 2082 1402 qui
2105 1312 2197 1386 iutra
2219 1327 2359 1397 moenia
2380 1329 2518 1409 leroso-

1534 1394 1648 1486 lymae
1663 1395 1899 1473 insidiabatur
1913 1405 2121 1487 Macabaeis.

1633 1510 1718 1585 Fuit
1735 1529 1851 1589 autem
1874 1534 1971 1591 tanta
1994 1531 2157 1615 superbia
2181 1535 2435 1638 ‹lucis'Syriaci
2451 1553 2516 1625 Ni-

1533 1613 1691 1727 canoris,
1715 1628 1757 1684 ut.
1771 1632 1912 1691 extenso
1930 1622 2075 1696 brachio
2092 1646 2213 1704 contra
2228 1646 2398 1733 templum
2417 1653 2516 1728 iura-

1533 1725 1642 1829 verat,
1667 1734 1704 1828 se
1725 1707 1792 1784 hoc
1814 1724 1985 1813 templum
1999 1726 2075 1816 igni
2090 1731 2288 1809 deleturum
2305 1767 2391 1822 esse.
2442 1755 2513 1829 Sed

1532 1804 1616 1880 hurc
1641 1810 1810 1884 Nicanori
1840 1819 1879 1887 in
1909 1825 1982 1893 aeie
2012 1828 2194 1904 interfecto
2222 1846 2377 1929 praecidi
2401 1856 2514 1929 victor

1531 1910 1638 1982 ludas
1658 1928 1764 2006 caput
1785 1930 1819 1988 et
1840 1916 1983 1993 brachia
2004 1926 2123 2017 iussit,
2147 1948 2182 2005 et
2195 1947 2363 2031 suspendi
2378 1974 2416 2022 ea
2432 1972 2513 2030 ante

1530 2015 1714 2129 templum,
1732 2028 1774 2086 ut
1788 2020 2048 2113 conspiceretur
2061 2037 2259 2127 exemplum
2274 2065 2408 2134 poenae
2420 2055 2514 2130 blas-

1528 2110 1650 2205 pbemr
1671 2112 1837 2195 bominis.

1629 2230 1698 2303 His
1722 2237 1830 2306 tantis
1855 2240 1961 2313 rebus
1984 2245 2155 2322 divinitus
2173 2270 2206 2328 et
2221 2261 2392 2341 foeliciter
2407 2282 2513 2365 gestis

1529 2356 1591 2424 per
1612 2355 1725 2453 annos
1751 2352 1921 2431 quatuor,
1946 2345 2075 2418 deinde
2096 2352 2220 2428 foedus
2241 2361 2323 2436 fecit
2341 2394 2420 2441 cum
2433 2376 2512 2452 Ro.
2571 2359 2573 2363 ¹

1527 2458 1651 2505 manus.
1702 2435 1787 2509 Post
1800 2440 1837 2509 id
1849 2441 1974 2514 foedus
1989 2447 2200 2526 infoeliciter
2211 2485 2372 2552 pugnans
2385 2474 2424 2542 in
2438 2481 2512 2552 acie

1527 2536 1664 2611 cecidit.
1716 2536 1810 2627 Quia
1833 2537 1931 2614 Deus
1955 2547 2070 2620 voluit
2090 2560 2292 2645 ostendere,
2317 2563 2510 2653 Ecclesiam

1526 2661 1599 2720 non
1624 2639 1752 2710 debere
1773 2643 1950 2714 confidere
1971 2654 2237 2738 peregrinorum
2261 2688 2382 2755 regum
2404 2702 2510 2769 prae·

1526 2738 1627 2806 sidiis
1642 2752 1676 2855 et
1687 2740 1900 2824 foederibus,
1926 2748 1986 2814 sed
2003 2749 2048 2817 ab
2062 2752 2140 2844 ipso
2151 2775 2269 2848 patere
2283 2783 2316 2837 et
2331 2794 2510 2865 expectare

1526 2837 1785 2925 defensionem,
1809 2842 1904 2914 iuxta
1928 2847 2078 2919 dictum:
2106 2852 2317 2936 Maledictus
2339 2876 2400 2963 qui
2423 2903 2510 2950 con.

1526 2938 1606 3055 fidit·
1626 2938 1665 3006 in
1686 2933 1850 3060 homine..
1901 2940 1992 3014 Nam
2015 2962 2050 3020 et
2075 2949 2245 3031 Ionatbae
2265 2966 2366 3039 fratri
2388 2994 2509 3066 postea

1525 3050 1631 3110 exstro
1644 3040 1712 3108 furt
1726 3042 1912 3130 perfidiose
1927 3069 2047 3135 regum
2064 3054 2228 3134 amicitia.

1627 3150 1817 3228 lonathas
1832 3161 1940 3231 frater
1950 3161 2058 3237 Iudae
2073 3171 2144 3243 dux
2160 3178 2229 3268 suit
2245 3205 2356 3259 annos
2368 3153 2510 3271 ¹norea--

1526 3257 1651 3331 decim.
1703 3256 1939 3333 Fuitamicus
1960 3289 2080 3356 regum
2095 3272 2237 3368 Syriae,
2259 3283 2455 3366 Alexandri
2477 3320 2512 3375 et

1527 3354 1753 3476 Tryphonis,
1786 3362 1830 3430 dc
1858 3364 1989 3456 quibus
2018 3394 2123 3463 supra
2147 3377 2185 3448 in
2208 3388 2364 3480 catalogo
2387 3423 2510 3488 regum

1527 3457 1662 3552 Syriae.
1713 3455 1792 3531 Etsi
1817 3477 1932 3534 autem
1956 3492 2078 3542 rursus
2099 3489 2183 3549 tunc
2198 3489 2384 3566 mediocris
2399 3513 2509 3575 status

1525 3559 1594 3628 fuit
1618 3557 1786 3643 Iudaeae,
1821 3575 1940 3636 tamen
1968 3593 2047 3642 cum
2072 3575 2145 3668 iam
2178 3586 2273 3657 velut
2296 3599 2510 3673 conductitii

1525 3658 1720 3733 militarent
1742 3664 1835 3754 apud
1849 3664 2010 3760 Syriacos
2026 3697 2123 3764 reges
2139 3670 2232 3753 inter
2247 3711 2321 3758 sese
2335 3697 2510 3773 dimican-

1526 3773 1597 3845 tes,
1622 3762 1801 3847 doetrina,
1827 3766 2014 3860 disciplina
2035 3789 2069 3844 et
2091 3802 2207 3852 mores
2231 3787 2269 3855 in
2288 3787 2414 3868 Iudaea
2433 3828 2510 3876 ma-

1526 3863 1928 3982 gisncorrumpebautur.
1978 3868 2027 3944 Et
2041 3874 2208 3954 lonathas
2225 3885 2431 3984 Tryphonis
2450 3906 2510 3975 in·

1527 3965 1626 4082 sadus
1645 3967 1847 4083 interiectus
1863 3984 1925 4040 cst.
1980 3969 2032 4042 lta
2049 3981 2217 4068 paulatim
2235 4002 2344 4064 status
2361 3996 2509 4076 Iudaeae

1525 4069 1830 4138 rurtrndeterrus.
2418 4076 2421 4085 ¹

1629 4176 1758 4249 Simon
1778 4182 1887 4250 frater
1903 4180 2012 4256 Indae
2027 4186 2209 4271 Macabaei
2226 4207 2295 4280 fuit
2310 4214 2379 4283 dux
2395 4196 2509 4295 annos

1526 4293 1616 4351 octo.
1667 4278 2076 4400 RepulitTryphonem
2105 4311 2140 4368 et
2170 4301 2388 4385 Antiochum
2412 4318 2509 4403 Gry-

1526 4378 1650 4474 pbum.
1699 4377 1848 4470 Expulit
1866 4407 1907 4452 ex
1924 4409 2001 4458 arce
2017 4387 2106 4465 Sion
2122 4413 2157 4471 et
2174 4425 2214 4472 ex
2230 4408 2309 4480 aliis
2324 4415 2410 4488 loris
2425 4405 2509 4493 reli-

1526 4483 1627 4576 quias
1659 4483 1916 4573 praesidiorum
1945 4486 2190 4584 Syriacurum,
2230 4507 2277 4578 ita
2305 4526 2345 4583 ut
2374 4522 2440 4589 sub
2468 4549 2509 4598 co

1526 4606 1670 4678 prorsus
1683 4585 1818 4657 fuerint
1831 4610 1872 4655 ex
1880 4584 2010 4661 iudaea
2022 4602 2227 4689 peregrinae
2237 4626 2356 4697 gentes
2369 4620 2508 4700 eiectae.

1626 4697 1788 4797 Cumque
1811 4703 1882 4773 iam
1901 4727 1975 4775 non
1999 4711 2113 4783 solnm
2129 4742 2196 4809 pax
2211 4723 2246 4792 in
2267 4725 2393 4804 Iudaea
2409 4750 2508 4824 esset,

494 4840 607 4888 annos
631 4815 801 4908 quinque.
849 4812 938 4883 Cum
958 4807 1158 4884 Antiochus
1180 4829 1260 4904 post
1281 4819 1474 4888 secundum
1526 4803 1587 4872 ⁸²⁶
1609 4803 1770 4875 ῑθθῑῖῑΰῑθ
1792 4804 1897 4875 ‘¹3⁸³‘
1919 4821 2009 4879 ⁰⁸⁸&
2024 4820 2247 4892 '‘inlfffl'ma
2263 4825 2495 4922 Reipublicae

494 4917 648 4988 reditum
672 4940 712 4982 ex
731 4909 889 5007 Aegypto
910 4915 1111 4993 collocasset
1127 4915 1262 4985 idolum
1279 4917 1475 5009 intemplo,
1525 4904 1648 4995 templi
1672 4904 1825 4995 dlfnfffl
1848 4919 1881 4976 ²²
1903 4909 2023 4981 mimi
2044 4916 2177 5004 ⁰⁰¹l¹¹⁸2
2201 4923 2326 4999 Simon
2342 4957 2361 5002 a
2379 4902 2508 5027 gerard

494 5041 590 5089 anno
608 5012 689 5086 145.
707 5035 825 5084 mense
839 5011 979 5097 Kisleu,
1003 5016 1066 5108 qui
1080 5016 1184 5086 nobis
1197 5029 1249 5086 est
1262 5017 1475 5103 November,
1524 5027 1589 5075 ⁸1¹⁰
1604 5002 1828 5090 Pf⁰¹0¹¹¹³002
1854 5007 1912 5076 tui
1927 5011 2071 5085 dederat
2088 5022 2339 5107 praefecturam
2358 5032 2497 5115 Iericho

496 5118 657 5211 sequenti
677 5138 772 5186 anno
794 5112 901 5184 Iudas
919 5110 1130 5189 Macabaeus
1153 5118 1300 5190 collecto
1320 5120 1474 5191 exercitu
1525 5105 1730 5174 inferfeci&
1752 5117 1815 5175 ⁰⁸¹·
1866 5103 1917 5175 ¹¹³
1939 5124 2113 5199 1³⁰⁸lft³¹¹¹a
2128 5133 2222 5192 20128
2237 5126 2275 5196 fn
2292 5130 2356 5204 illo
2373 5098 2507 5235 populo,

493 5219 683 5292 defendere
705 5216 829 5308 populi
852 5214 1017 5307 reliquias
1033 5219 1165 5313 coepit,
1189 5231 1224 5289 et
1239 5230 1390 5312 quatuor
1406 5222 1474 5291 du·
1524 5204 1628 5274 valde
1643 5204 1801 5298 inquieta
1818 5205 1898 5280 fuir.
1947 5206 1998 5281 Et
2013 5226 2131 5287 tamen
2146 5220 2238 5295 inter
2253 5223 2318 5301 hos
2337 5246 2507 5318 tumultus

495 5344 551 5394 ces
563 5319 691 5391 ordine
703 5316 840 5406 magnis
855 5313 1109 5407 praeliisvieit,
1133 5315 1386 5410 Apollonium,
1409 5320 1474 5393 Se·
1524 5305 1736 5376 mifabffile‘
1749 5301 1846 5375 9⁰⁰⁸
1859 5302 2038 5382 Ectlffifae
2053 5317 2222 5413 reliquias
2235 5338 2397 5409 servavit.

494 5445 640 5505 runem,
668 5417 839 5508 Gorgiam
861 5428 896 5486 et
908 5413 1063 5508 Lysiam.
1110 5415 1178 5491 llis
1200 5422 1395 5513 profligatis
1417 5445 1475 5493 re·
1625 5420 1723 5493 Patri
1746 5421 1887 5494 Simoni
1909 5431 2072 5503 successit
2088 5425 2188 5509 ‘tilius
2207 5435 2399 5526 Iohannes
2419 5459 2488 5531 Hir

493 5521 679 5614 superavit
720 5533 755 5589 et
784 5515 949 5610 purgavit
981 5513 1150 5604 templum
1180 5537 1331 5594 cremato
1363 5522 1475 5597 idolo.
1526 5545 1656 5607 canus,
1681 5523 1744 5617 qui
1765 5525 1834 5598 fuit
1853 5528 1925 5597 dux
1947 5553 2061 5602 annos
2076 5536 2221 5627 triginta
2237 5569 2348 5620 unum
2392 5506 2507 5632 excel:

493 5619 629 5715 Estque
649 5625 740 5693 iacta
761 5619 885 5711 templi
910 5613 1110 5710 repurgatio
1128 5614 1168 5687 in
1183 5620 1251 5691 line
1266 5623 1362 5694 tertii
1376 5626 1476 5709 anni,
1527 5625 1604 5694 lens
1631 5624 1764 5697 virtute
1790 5640 1825 5698 et
1853 5628 2052 5706 faelicitate.
2113 5636 2261 5734 Repulit
2287 5607 2506 5733 Anfiochum

495 5745 616 5794 mense
639 5720 783 5807 Kisleu,
815 5723 938 5792 eodem
968 5717 1026 5786 die
1052 5738 1123 5810 quo
1144 5714 1280 5791 idolum
1300 5736 1382 5797 ante
1405 5740 1476 5800 tres
1530 5721 1739 5819 Grypbum,
1767 5723 1833 5822 'qui
1854 5729 2040 5806 obsederat
2059 5733 2318 5836 lerosolymam.
2367 5753 2506 5836 Deinde

547 5826 727 5894 Mensura.
752 5827 856 5898 orm
881 5818 1058 5892 venissi·
1950 5826 2000 5908 65
2393 5842 2395 5847 ’
2476 5852 2478 5861 “
