6025 6775
490 551 562 630 167
1061 530 1221 617 DECL.
1250 532 1327 613 DE
1357 530 1591 613 SCHOLA
1624 529 1920 621 ROSTOCH.
2433 555 2511 633 168
2547 472 2552 480 ⁸

493 725 718 813 releguntur,
749 726 791 786 ot
820 710 939 784 omnia
971 709 1065 781 inter
1090 704 1364 779 examinandum
1393 732 1474 779 cum
1527 732 1609 779 cum
1637 707 1857 782 doctioribus
1884 735 1927 782 cr
1954 712 2122 787 studiosis
2142 715 2293 792 laureae.
2344 721 2511 813 Quomm

497 807 1318 919 praeceptisenarratisdiligenterconferantur,
1337 823 1376 881 ut
1389 815 1478 883 ado·
1528 810 1673 902 quidam
1694 811 1733 879 in
1754 811 1977 902 disciplinam
1999 820 2300 909 praeceptoribus,
2322 839 2511 917 pareutum

496 929 665 998 lescentes
689 918 735 987 ad
758 915 810 985 rei
832 908 1089 984 Grammaticos
1112 922 1146 979 et
1164 907 1315 979 Latinae
1336 909 1477 1000 linguae
1527 910 1715 981 autoritate
1729 923 1813 982 sunt
1827 912 1968 998 traditi,
1991 927 2027 984 et
2043 918 2210 1006 privatim
2227 940 2448 1007 exercentur,
2474 941 2511 999 et

498 1022 736 1114 cognitionem
752 1038 825 1085 non
840 1011 922 1081 satis
937 1008 1118 1090 instructi,
1144 1008 1183 1077 in
1196 1022 1346 1102 utraque
1358 1035 1398 1080 re
1411 1010 1479 1080 ali·
1527 1024 1716 1098 reguntur,
1742 1036 1894 1105 quorum
1909 1013 2025 1084 studia
2040 1027 2075 1085 et
2091 1042 2206 1089 mores
2220 1044 2240 1090 a
2256 1023 2391 1113 privata
2403 1028 2512 1097 disci-

498 1114 604 1219 quem
627 1137 847 1213 progressum
869 1112 982 1178 facere
1003 1120 1184 1198 cogantur.
1243 1108 1359 1195 Tum,
1382 1113 1478 1203 quod
1526 1109 1625 1200 plina
1649 1136 1723 1181 non
1745 1126 1829 1182 sunt
1851 1113 2012 1204 exempti.
2071 1110 2121 1185 At
2143 1121 2289 1205 caeteri,
2318 1125 2379 1217 qui
2399 1128 2510 1198 nullis

499 1225 626 1297 attinet
647 1221 690 1289 ad
711 1209 891 1302 religionis
911 1208 1086 1293 studium,
1111 1209 1234 1280 damus
1248 1233 1407 1299 operam,
1433 1234 1479 1280 ne
1527 1210 1567 1279 in
1576 1205 1706 1281 Schola
1720 1224 1804 1282 sunt
1818 1214 2102 1303 praeceptoribus
2118 1224 2372 1308 commendati,
2397 1238 2431 1296 ct
2443 1221 2512 1296 ho.

500 1321 699 1397 Cbristiana
720 1327 755 1384 et
768 1333 848 1381 vere
869 1309 927 1399 pia
940 1309 1132 1379 iuventutis
1149 1307 1323 1380 institutio
1338 1324 1478 1384 nostrae
1527 1323 1626 1380 ueste
1656 1311 1802 1396 vivunt,
1837 1325 1873 1382 ct
1902 1308 2051 1383 Scholae
2082 1309 2211 1385 honori
2238 1332 2272 1389 et
2301 1338 2511 1397 ornamento

443 1431 446 1438 '
500 1421 648 1497 Scholae
662 1414 764 1483 desit.
803 1408 894 1481 Nam
909 1423 1067 1500 tempora
1081 1432 1171 1501 quae
1184 1410 1299 1480 solent
1312 1411 1352 1479 in
1365 1406 1479 1482 Scho-
1526 1422 1628 1495 sunt,
1660 1424 1694 1481 et
1717 1411 1969 1502 condiscipulis
1989 1415 2160 1484 virtutum
2183 1421 2348 1509 exemplis
2371 1425 2514 1513 praelo.

500 1525 547 1594 lis
568 1516 728 1605 religiose
751 1510 966 1596 constitutis,
990 1508 1184 1597 cognitioni
1199 1506 1286 1600 Dei,
1313 1522 1346 1579 et
1362 1532 1480 1580 sacrae
1527 1522 1625 1594 cent,
1650 1505 1690 1579 hi
1710 1533 1825 1603 neque
1846 1510 1885 1580 in
1899 1508 2050 1584 Scholae
2064 1516 2165 1584 aedes
2179 1532 2369 1606 coguntur,
2396 1547 2512 1614 neque

501 1618 711 1710 scripturae,
736 1613 952 1683 tribuuntur.
1002 1607 1145 1679 Praeter
1159 1610 1265 1679 festos
1281 1610 1376 1679 enim
1393 1611 1479 1691 dies,
1527 1611 1572 1678 ad
1591 1605 1686 1696 haec,
1711 1634 1827 1705 neque
1841 1613 1886 1680 ad
1903 1611 1963 1681 illa
1980 1614 2145 1685 discenda
2154 1617 2292 1706 legibus
2304 1621 2531 1710 excitantur,-

502 1720 565 1815 qui
584 1716 650 1788 toti
671 1713 712 1786 in
732 1710 939 1783 tractatione
961 1731 1080 1779 rerum
1096 1730 1273 1779 sacrarum
1288 1723 1481 1800 ponuntur,
1528 1711 1588 1779 sed
1605 1710 1757 1779 liberum
1766 1710 1991 1803 relinquitur,
2018 1738 2087 1807 qua
2096 1714 2133 1782 in
2145 1732 2242 1806 parte
2250 1713 2511 1813 Philosophiae,

501 1821 577 1891 dies
590 1813 761 1887 Mercurii
782 1824 816 1882 et
831 1809 978 1896 Saturni
995 1809 1176 1900 partimin
1191 1809 1480 1899 interpretatione
1528 1826 1589 1880 aut
1612 1809 1650 1877 in
1676 1833 1747 1903 quo
1766 1811 1948 1882 doctrinae
1962 1834 2090 1901 genere
2107 1815 2285 1901 soluerint
2299 1843 2336 1888 se
2353 1845 2512 1893 exercere

501 1912 748 1999 Catccheseos,
780 1909 969 2003 partimin
990 1909 1162 1978 exercitiis
1184 1909 1266 2002 styli
1289 1922 1324 1978 et
1344 1932 1480 1978 memo·
1527 1921 1561 1979 et
1596 1908 1794 1991 elaborare,
1834 1925 1875 1983 ut
1905 1912 2058 2002 ingeniis
2084 1916 2242 1987 liberalis
2269 1920 2450 1993 doctrinae
2475 1938 2510 1995 et

502 2020 579 2093 riae
592 2024 859 2088 consumuntur.
909 2007 1007 2078 Haec
1022 2022 1135 2093 aetas,
1161 2011 1255 2100 qnod
1271 2007 1340 2078 sibi
1355 2032 1479 2100 parum
1527 2004 1720 2079 honestatis
1735 2010 1900 2081 studiosis
1915 2014 2060 2102 dignum
2078 2017 2307 2089 existimatur.

504 2116 674 2199 consulit,
697 2113 832 2201 legibus
852 2110 896 2178 ad
912 2120 1027 2200 partes
1042 2108 1239 2192 ediscendi,
1265 2122 1300 2179 et
1315 2109 1480 2178 exercita-
1629 2106 1708 2179 Hoc
1727 2111 1872 2195 ordine,
1899 2126 1933 2183 et
1956 2109 2022 2185 hac
2044 2117 2181 2187 ratione
2195 2119 2353 2188 discendi
2371 2119 2511 2210 publice

504 2219 612 2291 tionis
626 2233 754 2284 munus
767 2208 992 2297 astringitur,
1018 2220 1053 2277 et
1066 2231 1177 2298 poena
1193 2210 1386 2278 desertores
1403 2208 1481 2295 oili-
1529 2210 1724 2300 proposita,
1746 2224 1780 2280 et
1792 2211 1941 2301 legibus,
1965 2215 2095 2308 quibus
2109 2219 2293 2290 necessitas
2307 2222 2511 2290 adolescen-

505 2320 569 2403 cii,
592 2339 672 2387 cum
688 2309 872 2381 necessitas
887 2306 1052 2399 requirit,
1076 2308 1120 2377 ad
1136 2330 1239 2377 suum
1254 2330 1403 2399 pensum
1418 2308 1481 2376 ab-
1530 2308 1600 2378 tiae
1622 2309 1676 2378 sui
1696 2310 1801 2379 officii
1815 2313 1954 2382 colendi
1971 2315 2168 2407 imponitur
2183 2318 2221 2386 in
2237 2321 2403 2389 omnibus
2417 2317 2510 2390 Aca-

506 2417 714 2491 solvendum
736 2408 998 2491 extimulantnr.
1051 2405 1099 2478 Ut
1115 2408 1209 2478 enim
1227 2408 1320 2478 bona
1336 2407 1481 2477 nomina
1530 2409 1668 2477 demiae
1704 2411 1847 2481 aedibus
1883 2414 2024 2504 publice
2060 2417 2157 2496 fixis,
2203 2419 2411 2492 incredibile
2447 2436 2511 2506 est,

505 2543 580 2591 non
607 2512 805 2607 appellata,
845 2518 946 2599 saepe
982 2506 1072 2575 mala
1108 2507 1215 2579 fiuntc
1254 2508 1304 2578 sic
1332 2520 1367 2577 et
1394 2508 1483 2577 ado-
1531 2519 1705 2602 quantus,
1737 2523 1771 2580 et
1800 2535 1904 2603 quam
1933 2514 2053 2586 varius
2081 2518 2284 2588 animorum
2318 2533 2434 2590 motus
2465 2522 2511 2591 sit

504 2616 671 2689 lescentia
694 2613 725 2681 si
747 2632 822 2680 non
841 2607 1010 2680 excitetur
1027 2606 1238 2701 aliquando,
1262 2607 1483 2678 lacileollicii
1532 2622 1748 2680 consecutus.
1808 2608 1898 2681 Nam
1921 2612 2064 2685 iuvenes
2085 2617 2206 2688 indole
2228 2619 2369 2689 liberali
2388 2634 2423 2690 et
2446 2644 2510 2691 na-

506 2715 738 2789 obliviscitnr.
1530 2722 1610 2779 turs
1633 2710 1738 2801 paulo
1761 2712 1984 2799 generosiore
2001 2718 2172 2806 praediti,
2203 2742 2240 2788 se
2257 2714 2322 2788 hac
2338 2719 2512 2791 constitu·

608 2810 782 2888 Studiosis
790 2806 1126 2883 laureaeDialectica
1136 2804 1371 2882 etRhetorica
1381 2832 1482 2901 pcae-
1531 2809 1628 2878 tione
1649 2822 1684 2879 et
1703 2810 1891 2901 disciplina
1911 2837 1987 2882 non
2012 2816 2236 2897 mediocriter
2258 2819 2445 2904 delectari,
2476 2833 2511 2890 ot

508 2930 607 3010 cepta
634 2911 798 3007 privatim
817 2913 1025 2993 traduntur,
1056 2931 1182 2979 verum
1201 2910 1272 2995 ita,
1300 2923 1342 2986 ,ut
1363 2907 1484 2978 Diale·
1532 2932 1612 2979 vere
1632 2910 1802 2999 gaudere,
1831 2913 1948 2982 statim
1970 2937 2035 2984 nec
2056 2915 2236 3005 ambigue,
2265 2944 2330 2989 nec
2352 2922 2512 3005 obscure,

507 3019 611 3090 ctices
624 3013 823 3107 explicatio,
845 3011 963 3105 aliquo
978 3009 1146 3100 temporis
1160 3010 1357 3093 intervallo,
1381 3004 1483 3080 Rhe·
1532 3012 1592 3079 sed
1607 3022 1726 3100 aperte
1741 3024 1777 3081 et
1790 3010 1883 3081 clare
1895 3014 2164 3104 profitebantur.
2199 3014 2249 3089 At
2263 3015 2511 3109 vulgnsScho-

506 3119 633 3189 torices
662 3114 888 3186 traditionem
916 3112 1116 3194 antecedat,
1147 3133 1237 3202 quse
1258 3134 1280 3182 a
1303 3108 1483 3198 Magistris
1531 3110 1753 3195 lasticorum,
1777 3111 1840 3202 qui
1870 3108 2036 3202 pulchra,
2068 3130 2103 3186 et
2134 3112 2280 3188 honesta
2307 3143 2373 3188 nec
2399 3120 2512 3212 sequi,

507 3243 586 3289 cum
608 3216 789 3307 discipulis
809 3227 906 3285 tanta
928 3212 996 3280 lide
1019 3224 1052 3280 ct
1068 3209 1251 3300 diligentia
1266 3221 1483 3299 repetuntur,
1532 3234 1596 3277 nec
1618 3224 1736 3280 tenere
1757 3210 1973 3296 didicerant,
1998 3237 2152 3306 quornm
2168 3218 2230 3287 alii
2243 3217 2322 3287 aliis
2335 3218 2511 3311 cupidita·

507 3334 546 3390 ut
560 3343 599 3388 ea
613 3317 723 3385 velint
737 3314 865 3398 nolint,
892 3312 1024 3380 discere
1038 3324 1218 3397 cogantur.
1269 3308 1413 3378 Publice
1427 3307 1483 3375 bis
1532 3308 1649 3394 tibus,
1692 3321 1726 3378 et
1752 3309 1854 3379 malis
1881 3313 2016 3383 artibus
2044 3315 2216 3387 inservire
2244 3332 2346 3389 erant
2374 3318 2513 3405 assueti,

509 3421 679 3487 clementa
699 3408 974 3492 Mathematum,
998 3422 1039 3478 ut
1060 3404 1290 3481 Aritbmetica
1298 3458 1311 3493 ,
1337 3404 1484 3499 Spheri-
1533 3409 1638 3477 fidem
1653 3432 1794 3479 omnem
1809 3413 1961 3498 excedit,
1981 3438 2087 3508 quam
2103 3411 2195 3487 hanc
2210 3417 2417 3508 disciplinae
2430 3443 2512 3488 mn-

510 3538 569 3585 cae
598 3511 837 3603 quaestiones,
871 3521 905 3577 et
936 3507 1004 3574 alia
1034 3506 1187 3574 eiusdem
1215 3510 1368 3595 generis,
1399 3509 1483 3576 item
1534 3509 1718 3593 tationem,
1752 3523 1885 3582 ettam
1913 3528 2069 3585 sanctam
2098 3518 2205 3587 officii
2225 3541 2344 3589 curam
2365 3518 2512 3607 indigne

511 3614 646 3683 Graeca
675 3623 709 3678 et
739 3607 867 3680 Latina
893 3604 1039 3695 scripta,
1064 3605 1214 3672 maxime
1243 3603 1485 3709 Cicerpnis,e
1535 3609 1700 3688 tulerint,
1731 3623 1766 3678 et
1786 3613 1939 3699 graviter
1956 3617 2169 3704 acceperint,
2202 3619 2264 3709 qui
2286 3617 2403 3688 statim
2426 3642 2513 3687 con-

511 3714 640 3809 quibus
653 3732 755 3780 usum
770 3707 901 3779 artium
913 3703 1109 3775 disserendi
1123 3704 1251 3776 rectius
1265 3721 1484 3794 cognoscant,
1534 3729 1692 3789 currere,
1717 3708 1831 3795 capita
1846 3711 2024 3799 conferre,
2050 3726 2085 3781 et
2101 3717 2251 3785 multum
2267 3718 2362 3793 inter
2376 3743 2412 3789 se
2426 3743 2511 3788 con-

510 3831 543 3885 et
559 3835 692 3894 rerum,
717 3822 751 3878 et
764 3809 895 3878 latinae
908 3805 1049 3894 linguae
1064 3805 1231 3874 maiorem
1247 3807 1483 3896 cognitionem
1535 3828 1716 3877 susurrare
1736 3821 1922 3898 ceperunt,
1954 3821 1988 3879 et
2008 3812 2147 3896 omnia,
2176 3814 2241 3881 etsi
2261 3831 2354 3885 recte
2379 3818 2512 3887 consti·
2543 3881 2545 3890 .

510 3914 579 3984 sibi
602 3925 743 4004 parent,
775 3908 1037 4001 praeleguntur.
1093 3903 1142 3973 Hi
1165 3907 1291 3996 partim
1315 3904 1485 3999 Epistolis
1535 3920 1630 3992 tuta,
1651 3905 1745 3977 etin
1767 3929 1841 3975 rem
1863 3908 1957 3978 etin
1979 3909 2124 3980 salutem
2139 3912 2296 4002 ipsomm
2313 3929 2412 3986 erant
2427 3940 2512 4005 pro-

513 4012 729 4095 scribendis,
764 4006 893 4101 partim
921 4006 1234 4078 declamationibus
1259 4021 1294 4078 et
1325 4009 1484 4099 disputa·
1536 4007 1670 4098 posita,
1694 4020 1812 4076 tamen
1831 4007 1870 4075 in
1893 4008 2046 4098 peiorem
2065 4025 2198 4102 partem
2216 4036 2355 4103 rapere,
2382 4029 2417 4086 et
2431 4038 2511 4105 pes-

510 4114 669 4186 tionibus
690 4121 902 4180 exercentur.
953 4103 1026 4194 Qui
1041 4109 1085 4177 ad
1100 4130 1162 4177 sua
1178 4108 1290 4178 officia
1306 4119 1484 4200 praestan·
1536 4108 1624 4177 sime
1645 4109 1888 4197 interpretari,
1918 4123 1959 4180 ut
1972 4111 2065 4191 ¹tales
2086 4107 2329 4205 sycophantae
2349 4128 2384 4186 et
2405 4116 2511 4184 levis-

512 4218 576 4296 da,
602 4225 636 4283 et
655 4213 697 4281 ad
716 4233 844 4280 monus
860 4209 1106 4299 perseverandi
1122 4209 1160 4278 in
1177 4209 1236 4294 iis,
1262 4212 1305 4279 ad
1324 4207 1484 4303 quaedi-
1534 4207 1616 4276 simi
1646 4203 1854 4276 homunculi
1886 4210 2020 4292 solent,
2050 4236 2069 4281 a
2099 4235 2248 4305 quorum
2272 4214 2444 4302 genuino,
2477 4230 2513 4286 et

510 4298 639 4388 scenda
659 4322 895 4392 accesserunt,
924 4323 964 4378 ut
983 4311 1197 4400 superiores,
1226 4306 1377 4383 Scholae
1396 4306 1484 4395 legi·
1535 4327 1673 4392 morsu,
1697 4304 1815 4376 nescio
1834 4331 1881 4377 an
1902 4311 2017 4380 ullum
2039 4312 2169 4382 lactum
2184 4312 2268 4383 satis
2281 4326 2396 4385 tutum
2410 4339 2513 4406 repe-

508 4420 576 4489 bus
592 4429 625 4487 et
640 4410 777 4484 statutis
791 4408 990 4498 alligantur.
1038 4407 1128 4480 Nam
1142 4408 1272 4480 iudicio
1287 4409 1484 4500 sapientum
1533 4407 1657 4480 riatur.
1707 4404 1809 4494 Quae
1821 4423 1935 4500 pestes
1948 4412 1990 4481 ad
2008 4413 2152 4482 meliora
2167 4408 2260 4482 nihil
2276 4428 2336 4484 ant
2350 4416 2514 4505 ingeniis,

395 4582 400 4587 .
507 4514 762 4586 adolescentiae
784 4531 872 4600 opus
893 4522 943 4578 est
959 4509 1118 4578 omnium
1136 4509 1306 4592 maxime,
1330 4507 1485 4579 etdisci-
1534 4520 1595 4578 aut
1623 4506 1798 4579 industria
1826 4510 1983 4591 valeant,
2015 4512 2059 4580 ad
2082 4509 2229 4602 pulchra
2252 4527 2367 4586 tamen
2394 4517 2513 4586 delor-

507 4616 642 4706 plinam
658 4615 769 4690 vitae,
793 4623 826 4679 et
840 4632 956 4679 rerum
970 4610 1183 4698 agendarum
1194 4609 1485 4697 gubernatricem,
1534 4610 1681 4693 manda,
1705 4621 1740 4679 et
1755 4624 1847 4681 recta
1864 4611 2107 4701 depravanda,
2132 4626 2269 4682 tautum
2288 4617 2415 4687 mentis
2429 4641 2512 4686 acu-

509 4728 545 4786 et
571 4713 772 4801 magistram
798 4703 941 4787 habeat,
972 4710 1067 4800 quod
1089 4708 1223 4777 lubrica
1244 4708 1305 4779 illa
1323 4721 1417 4778 actas
1436 4709 1483 4777 ab
1534 4731 1634 4793 men,
1668 4721 1807 4778 tantum
1834 4710 1918 4781 artis
1944 4723 1979 4780 et
2005 4711 2139 4798 ingenii
2168 4713 2341 4799 afferunt,
2373 4730 2511 4785 utnon

507 4811 648 4886 honesti
667 4810 800 4881 laboris
819 4807 1026 4888 tolerantia,
1050 4808 1095 4877 ad
1111 4806 1300 4877 molliciem
1319 4821 1354 4879 et
1365 4808 1483 4878 ocium
1533 4831 1613 4878 raro
1629 4809 1714 4878 falsa
1729 4832 1793 4898 pro
1805 4810 1906 4893 veris,
1925 4834 2041 4879 rerum
2053 4812 2225 4900 imperitis
2236 4812 2301 4881 isto
2312 4813 2510 4885 mentiendi

503 4917 703 5009 plerunque
716 4912 920 5003 propendet
975 4926 978 4931 '
1531 4907 1678 4977 artificio
1707 4908 1918 4992 obtmdant‚
1948 4910 2010 5001 qui
2032 4923 2067 4978 et
2086 4913 2179 5000 apud
2201 4934 2267 4979 nos
2292 4914 2347 4981 sui
2369 4916 2510 4984 sceleris

604 5013 671 5086 His
691 5034 775 5084 vero
791 5010 854 5104 qui
869 5007 913 5080 ad
933 5002 1125 5099 Magisterii
1141 5002 1379 5100 philosophici
1393 5008 1483 5099 peti·
1532 5008 1731 5098 contagium
1750 5006 1855 5077 bonis
1876 5008 2153 5081 adolescentibus
2169 5011 2308 5098 afflare,
2333 5027 2367 5085 et
2383 5016 2510 5084 animis
2573 5033 2577 5045 ’

501 5117 635 5199 tionem
662 5126 865 5207 separant,
896 5124 1081 5202 praecepta
1100 5105 1269 5204 Physica,
1300 5103 1426 5180 Ethica
1448 5123 1483 5180 et
1531 5109 1700 5178 iuvenum
1721 5106 1910 5191 instillare,
1931 5132 1971 5177 ac
1994 5131 2053 5178 eos
2074 5111 2177 5179 nobis
2201 5125 2338 5185 mutare
2351 5128 2431 5184 sunt
2446 5136 2508 5200 ag-

501 5215 649 5287 Politica
658 5213 872 5287 Aristotelis.
906 5205 1101 5280 Theoricae
1110 5208 1346 5295 planetarum,
1358 5205 1482 5280 Eruli·
1531 5210 1657 5298 gressi,
1689 5223 1724 5280 et
1753 5231 1856 5292 sane,
1884 5220 1926 5278 ut
1952 5208 2063 5300 aliqui
2088 5210 2145 5280 sui
2174 5211 2361 5281 dissimiles
2383 5226 2508 5296 essent,

499 5319 573 5402 des,
597 5316 805 5399 Ptolemeus,
825 5311 967 5407 publice
977 5322 1196 5394 enarrantur,
1217 5325 1292 5381 tum
1305 5311 1481 5380 nobiliora
1530 5310 1739 5393 effecerunt,
1769 5331 1810 5378 ex
1840 5307 1970 5400 quibus
1996 5307 2166 5400 impuris,
2197 5311 2259 5380 alii
2280 5309 2507 5382 clamitabant

499 5439 640 5510 graecae
662 5429 696 5487 et
717 5414 846 5485 latinae
866 5414 1009 5502 linguae
1032 5423 1280 5494 monumenta,
1306 5411 1335 5477 si
1357 5412 1481 5496 placet,
1530 5423 1565 5480 et
1594 5411 1698 5497 vulgo
1729 5409 1954 5500 spargebant,
1986 5432 2061 5478 non
2091 5432 2165 5480 esse
2185 5405 2276 5479 hanc
2297 5406 2446 5478 liberam
2469 5428 2519 5484 et

500 5542 580 5590 cnm
603 5514 745 5587 caeteris
769 5511 909 5603 publice
923 5510 1047 5580 andire
1062 5507 1210 5578 facultas
1226 5523 1288 5580 est.
1340 5507 1482 5597 Quibus
1528 5531 1648 5579 veram
1669 5505 1914 5594 Academiam,
1937 5510 2000 5579 sed
2022 5506 2285 5588 bacchantium,
2309 5521 2349 5578 ut
2372 5507 2427 5576 illi
2449 5511 2506 5579 lo-

493 5619 657 5693 exercitia
672 5611 893 5689 declamandi
909 5621 944 5685 et
958 5607 1164 5702 disputandi
1178 5623 1260 5684 sunt
1277 5609 1479 5691 communia
1528 5621 1705 5701 quuntur,
1730 5609 1943 5702 ergastulum
1958 5624 1992 5687 et
2008 5607 2253 5684 carnificinam.
