6025 6775
491 489 592 641 oss,
701 551 704 557 ·
1260 527 1747 616 urseura'rrouus
2071 568 2073 571 <
2445 557 2522 632 09,
2591 649 2594 656 Ι

502 705 592 794 ruris
615 714 701 802 Dei,
730 737 804 807 quo
827 733 906 783 cum
927 707 1119 799 gratiarum
1141 705 1279 776 actione
1300 708 1354 777 uti
1376 709 1486 778 debe·
1634 701 1766 772 Paulus
1779 703 1965 796 praecipit,
1989 712 2165 781 secundae
2180 712 2522 815 Timothsecuudo,

502 826 640 902 bamus,
666 832 701 887 et
714 815 856 896 sentire,
881 811 975 904 quod
989 805 1136 880 sintDei
1150 806 1331 884 beneficia.
1385 807 1486 879 lTi·
1534 800 1759 898 ὀρθοτομεῖν
1780 804 1927 875 verbum
1950 809 2120 882 veritatis.
2175 812 2260 886 ldeo
2282 834 2315 891 et
2336 826 2440 898 uubis
2461 854 2522 901 ca·
2596 801 2601 808 ⁵

503 917 684 993 cnuthum
717 912 765 986 Et
792 914 882 983 sicut
908 910 1045 980 insania
1072 921 1161 979 esset
1182 909 1299 979 dicere
1323 908 1420 1001 quod
1444 931 1486 976 ex
1534 905 1691 974 rendum
1711 916 1779 986 est,
1805 928 1851 974 ne
1870 909 2079 981 misceamus
2093 909 2332 1007 Evangeliurn
2348 939 2382 996 et
2397 925 2523 1001 Philo-
2580 931 2583 936 ’

505 1022 594 1094 artis
615 1017 767 1090 sutoriae
781 1012 974 1105 praeceptis
989 1009 1034 1080 sit
1048 1009 1279 1080 iudicandum
1293 1013 1337 1080 de
1353 1008 1487 1079 doctri·
1536 999 1713 1096 sophiam:
1740 1020 1801 1076 aut
1817 1000 1910 1078 hauc
1923 1011 2134 1084 damnemus
2150 1040 2189 1086 ea
2204 1042 2246 1088 ex
2259 1037 2361 1113 parte
2371 1052 2444 1120 qua
2458 1035 2522 1101 sd.

505 1119 557 1194 na
578 1117 787 1204 christiana,
813 1113 864 1183 ita
887 1111 1085 1201 desipiunt,
1115 1111 1177 1203 qui
1199 1134 1241 1179 ex
1262 1105 1488 1200 philosophia
1536 1108 1665 1199 probat
1685 1130 1761 1177 eam
1776 1106 1882 1182 Deus.
1931 1110 2121 1185 Postremo
2145 1112 2214 1188 hoc
2233 1125 2396 1197 omnium
2413 1132 2523 1199 maxi-

507 1221 669 1295 iudicant
689 1218 734 1286 de
754 1213 915 1286 doctrina
936 1207 1140 1284 christiana.
1191 1208 1290 1281 Dicit
1312 1212 1407 1281 enim
1420 1208 1489 1280 Pe·
1537 1231 1594 1276 me
1615 1208 1723 1278 refert
1744 1209 1948 1292 admoneri,
1975 1217 2071 1306 quod
2092 1217 2262 1294 facillime
2282 1227 2375 1298 ratio
2391 1230 2525 1324 decipi-

508 1339 602 1408 uus,
624 1311 827 1413 prophetias
848 1337 922 1385 nou
947 1337 1020 1384 esse
1042 1308 1197 1384 humana
1212 1312 1396 1383 voluntate
1413 1311 1490 1381 edi·
1539 1321 1616 1387 tur,
1642 1321 1685 1378 ut
1703 1314 1913 1383 assentiatur
1931 1314 2158 1407 incompertis
2171 1336 2206 1392 et
2220 1324 2336 1412 salsis,
2359 1330 2467 1401 etiam
2484 1332 2526 1401 in

508 1440 574 1498 tas.
641 1417 780 1490 Rursus
802 1416 1002 1508 desiperent
1024 1415 1127 1484 etiam
1150 1409 1206 1498 hi,
1236 1414 1299 1506 qui
1324 1414 1491 1497 dicerent,
1539 1409 1776 1479 diiudicandis
1804 1416 2028 1486 naturalibus
2054 1421 2176 1506 rebus,
2214 1438 2249 1496 et
2269 1429 2381 1500 multa
2404 1434 2525 1523 turpia

508 1536 622 1596 artem
643 1518 815 1590 sutoriam
837 1539 994 1608 pugnare
1011 1538 1092 1586 cum
1108 1512 1271 1586 doctriua
1288 1509 1491 1587 christiana.
1541 1523 1662 1580 contra
1684 1524 1845 1616 naturam
1868 1518 2014 1605 probat,
2045 1522 2188 1612 quando
2209 1548 2283 1595 nou
2302 1530 2523 1617 gubernatur

508 1621 563 1695 lta
576 1619 774 1713 desipiunt,
798 1618 860 1712 qui
874 1631 1038 1689 naturam
1050 1630 1083 1688 et
1097 1639 1239 1686 morum
1254 1614 1490 1703 coguitionem
1540 1613 1648 1680 verbo
1664 1609 1743 1684 Dei.
1793 1610 1851 1681 Ad
1866 1613 2050 1690 Romanos
2068 1621 2201 1713 primo:
2228 1629 2451 1701 obscuratum
2467 1647 2521 1703 est

508 1723 634 1794 dicunt
659 1743 815 1811 pugnare
834 1742 916 1790 cum
938 1716 1122 1808 religione.
1189 1715 1242 1787 lta
1262 1713 1397 1786 Paulus
1418 1737 1492 1783 uon
1541 1710 1712 1800 insipieus
1734 1737 1796 1781 cor
1819 1737 1959 1804 eorum3
1985 1720 2084 1792 item:
2110 1725 2257 1796 tradidit
2277 1728 2462 1802 illosDeus
2479 1734 2518 1801 in

509 1823 579 1905 ait,
604 1816 869 1914 philosophiam
884 1841 957 1889 essc
971 1818 1120 1902 malam,
1143 1818 1204 1885 sed
1220 1814 1349 1886 sicait:
1375 1815 1492 1885 videte
1540 1815 1730 1903 reprobum
1754 1836 1907 1891 sensum.
1957 1816 2045 1891 ltem
2067 1828 2241 1896 secundae
2258 1823 2380 1902 Thess.
2394 1856 2520 1903 secun.

509 1948 556 1994 ue
579 1923 658 2017 quis
678 1944 742 1993 vos
759 1920 912 2009 decipiat
934 1928 997 2010 per
1017 1911 1301 2009 philosophiam,
1326 1930 1366 1987 ut
1385 1915 1416 1984 si
1436 1914 1492 1985 di·
1541 1913 1604 1981 do:
1639 1914 1748 1982 mittit
1776 1914 1848 1983 illis
1868 1913 1965 1990 Deus
1993 1922 2167 1994 efficacem
2189 1928 2448 2020 deceptionem,
2480 1948 2522 2005 ut

510 2037 582 2096 cat:
616 2024 715 2108 vide,
746 2045 792 2092 ue
816 2034 851 2091 te
872 2020 1033 2111 decipiat·
1046 2018 1200 2102 vinum.s
1231 2012 1373 2087 Deinde
1395 2016 1490 2108 quod
1541 2014 1684 2082 credant
1705 2017 1904 2088 mendacio.
1956 2018 2045 2091 ltem
2060 2022 2337 2100 Proverbiorum
2355 2033 2520 2104 vicesimo

510 2124 629 2206 addit,
662 2123 804 2195 inanem
825 2121 1090 2213 deceptionem,
1113 2113 1173 2187 hic
1195 2115 1368 2211 siguificat
1386 2137 1490 2204 argu·
1541 2136 1654 2183 nouo:
1681 2137 1762 2182 cum
1779 2117 1944 2188 defecerit
1959 2118 2147 2212 prophetia
2164 2128 2393 2221 dissipabitur
2406 2157 2521 2225 popu-

510 2237 629 2296 menta
646 2225 690 2294 de
703 2223 825 2294 diviua
840 2221 1022 2293 voluntate
1038 2242 1079 2288 ex
1095 2211 1321 2310 philosophia
1336 2218 1492 2288 collecta.
1541 2214 1608 2287 lus.
1657 2210 1768 2286 Cuius
1779 2216 1831 2286 rei
1843 2219 1954 2290 multa
1968 2224 2127 2313 exemplo
2142 2228 2306 2300 videmus
2322 2235 2361 2301 in
2375 2234 2436 2315 iis,
2459 2235 2525 2327 qui

509 2324 593 2416 Non
615 2338 666 2395 est
690 2324 783 2395 euim
800 2315 1045 2414 philosophia,
1069 2341 1149 2388 cum
1165 2320 1210 2388 de
1225 2318 1345 2387 divina
1363 2320 1492 2388 volun·
1541 2315 1689 2386 laudant
1717 2338 1795 2399 eos,
1828 2319 1889 2410 qui
1916 2321 1986 2390 sibi
2008 2336 2159 2393 mortem
2183 2333 2451 2419 consciverunt,
2482 2348 2523 2406 ut

420 2437 425 2442 '
510 2438 580 2496 tate
593 2449 633 2493 ex
646 2425 785 2494 ratione
798 2423 1008 2505 iudicamus,
1033 2421 1093 2488 sed
1106 2433 1192 2491 suut
1207 2418 1328 2489 inania
1344 2417 1492 2501 somnia,
1541 2413 1673 2487 Seneca
1707 2413 1957 2489 Marcellinum
1986 2427 2159 2513 quendam
2188 2434 2386 2516 praedicat,
2429 2435 2522 2503 libro
2556 2449 2558 2454 '

511 2526 601 2594 sicut
629 2521 806 2616 Epicurus
834 2521 994 2609 negavit,
1032 2516 1109 2590 Deo
1137 2542 1192 2588 res
1220 2532 1357 2589 nostras
1387 2540 1490 2589 curae
1540 2516 1770 2607 epistolarum
1800 2521 1994 2595 uudicimo.
2052 2519 2100 2594 Et
2125 2549 2229 2618 quam
2260 2532 2373 2606 multa
2399 2548 2525 2604 contra
2558 2599 2565 2620 „

509 2646 601 2708 esse,
626 2625 709 2694 item
726 2622 893 2713 platonici
910 2620 1197 2711 disputaverunt,
1219 2617 1335 2690 Deum
1349 2619 1490 2709 gignere
1539 2631 1702 2686 naturam
1721 2614 1897 2706 Diogenes
1919 2621 2058 2708 lecerit,
2087 2638 2208 2696 notum
2227 2642 2289 2700 est.
2350 2628 2524 2703 Ostendit

510 2724 760 2814 cogitationem
788 2722 984 2815 quandam3
1024 2732 1059 2788 et
1085 2718 1295 2790 Aristoteles
1323 2721 1490 2811 disputat,
1540 2730 1655 2788 autem
1673 2715 1769 2788 Deus
1784 2714 1990 2792 huiusmodi
2005 2718 2192 2796 horribilia
2209 2730 2380 2819 exempla,
2405 2744 2445 2801 ut
2460 2734 2523 2800 in·

509 2827 686 2895 mundum
706 2845 779 2894 csse
796 2835 996 2904 aeteruum,
1027 2842 1092 2888 uec
1112 2820 1303 2913 aliquando
1326 2821 1489 2911 coepisse.
1539 2819 1648 2888 cutiat
1671 2818 1775 2887 nobis
1796 2835 1949 2906 metum,
1972 2847 2019 2893 ne
2035 2825 2186 2896 nimium
2204 2828 2415 2899 coulidamus
2431 2832 2521 2900 viri-

508 2921 557 3000 Ει
586 2924 848 2994 admiscuerunt
876 2921 1059 2991 doctrinae
1087 2914 1300 2991 christianae
1330 2917 1490 3012 philuso-
1539 2918 1607 2988 bus
1621 2932 1761 2990 nostrae
1776 2921 1936 3005 rationis,
1961 2937 1994 2996 et
2008 2937 2050 2996 ut
2064 2927 2175 2997 verbo
2190 2949 2255 2998 suo
2270 2927 2386 3000 doceri
2400 2944 2434 3002 et
2443 2934 2522 3021 regi
2584 2959 2587 2965 ·

507 3020 640 3116 phium,
667 3023 729 3116 qui
745 3024 952 3108 docuerunt,
978 3022 1072 3113 quod
1089 3020 1219 3092 nostris
1236 3023 1372 3092 meritis
1387 3022 1490 3092 iusti·
1539 3041 1604 3089 nos
1617 3020 1802 3112 patiamur.
1852 3020 1962 3092 Finis

507 3123 669 3194 ficemur:
695 3120 742 3194 Ει
761 3122 907 3216 'quidam
930 3120 1085 3212 scripsit:
1110 3121 1340 3193 fundamenta
1357 3122 1488 3191 doctri-

509 3248 576 3342 nae
611 3220 823 3341 christianae
857 3215 1118 3314 philosophiam
1149 3219 1489 3341 Platonicamuesse.
1538 3231 1657 3332 (Vl)
1698 3239 1820 3312 Atta,
1879 3238 1965 3332 (De
1993 3201 2196 3319 hamt&
2219 3247 2429 3340 puniendi,
2452 3271 2525 3344 per

506 3324 568 3397 'Src
589 3350 653 3418 pro
679 3338 783 3397 certis
802 3324 1005 3410 adfirmare,
1030 3345 1118 3416 quse
1138 3334 1229 3393 ratro
1251 3334 1313 3393 aut
1329 3317 1489 3414 phrlosu-
1878 3343 2182 3442 mgistratum.)

507 3423 592 3516 phia
609 3450 683 3496 non
699 3438 810 3517 potest
824 3425 1030 3515 adfirmare,
1056 3424 1128 3492 imo
1143 3446 1233 3516 quae
1248 3446 1392 3514 prorsus
1405 3437 1489 3495 sunt
1698 3437 1802 3538 (opp,
1816 3445 1961 3513 Memfi,
1975 3448 2068 3517 guig
2088 3453 2128 3517 Τ,
2142 3452 2201 3517 ΠΙ,
2220 3477 2254 3537 Ρ,
2269 3457 2361 3538 324.)

509 3541 605 3596 extra
637 3526 809 3597 iudicium
838 3525 985 3596 rationis
1013 3537 1075 3594 aut
1096 3519 1341 3615 philosophiae
1364 3524 1489 3619 posita,

510 3649 549 3695 ca
572 3640 623 3698 est
643 3626 760 3697 inanis
783 3627 953 3717 deceptio.
978 3624 983 3633 '
1005 3621 1054 3694 Et
1073 3624 1165 3693 sicut
1186 3624 1224 3692 in
1248 3626 1324 3714 lege
1347 3648 1487 3715 praece·
1537 3610 1709 3713 Regnum
1726 3620 1860 3697 Christi
1882 3627 1985 3700 affert
2000 3652 2056 3701 res
2073 3645 2252 3715 aeternas,
2277 3636 2521 3709 remissionem

507 3740 609 3817 ptum
632 3741 702 3813 est,
726 3749 771 3797 nc
792 3724 870 3821 quis
886 3725 1055 3794 dissimile
1068 3746 1185 3792 semen
1203 3738 1293 3795 serat
1307 3725 1347 3793 in
1363 3727 1485 3795 eodem
1537 3739 1780 3817 peccatorum,
1812 3727 1982 3796 iustitiam
2008 3745 2186 3804 aeternam
2215 3750 2250 3808 et
2272 3737 2382 3808 vitam
2403 3752 2517 3812 aeter·

508 3850 613 3917 agro,
637 3830 833 3911 cauendum
856 3839 926 3906 est,
951 3848 996 3892 ne
1017 3823 1283 3917 commisceatur
1300 3821 1487 3911 Evangelii
1538 3849 1639 3908 nam,
1664 3836 1700 3895 et
1720 3824 1988 3896 administratur
2006 3841 2146 3902 tautum
2166 3834 2276 3905 verbo
2299 3838 2375 3908 sine
2390 3841 2427 3910 vi
2440 3864 2520 3911 cor·

433 3946 437 3957 ·
508 3929 670 3998 doctriua
685 3943 719 4000 et
732 3921 970 4020 philosophia.
1028 3921 1098 3995 Sed
1112 3919 1342 4014 llvangrlium
1357 3939 1407 3995 est
1420 3927 1487 3995 du·
1536 3922 1668 4017 porali:
1694 3923 1830 4018 alioqui
1843 3926 1939 3996 euim
1954 3928 2164 4004 dissolveret
2178 3931 2411 4028 Evangelium
2426 3961 2518 4011 sem·

508 4030 622 4099 ctrina
636 4030 729 4099 vitae
744 4026 937 4117 spiritualis
949 4038 984 4096 et
997 4024 1253 4096 iustificationis
1266 4049 1382 4095 coram
1392 4026 1485 4098 Deo:
1537 4049 1601 4119 per
1615 4039 1813 4123 praesentes
1826 4027 1978 4117 politius.

506 4125 737 4223 Philosophia
755 4149 839 4197 vero
854 4139 904 4197 est
918 4126 1081 4198 doctrina
1097 4126 1189 4198 vitae
1205 4126 1415 4218 corporalis,
1438 4126 1486 4195 si·
1638 4123 1804 4214 Regnum
1828 4128 2011 4218 corporale
2033 4129 2136 4202 affert
2150 4157 2206 4203 res
2221 4141 2435 4228 corporales,
2461 4143 2520 4211 di-

481 4228 565 4301 *cut
584 4231 684 4301 vides
704 4228 914 4299 medicinam
936 4227 1130 4297 valetudini
1145 4229 1295 4311 servire,
1316 4229 1486 4318 n'avigan-
1536 4226 1722 4320 sciplinam
1738 4220 1935 4313 honestam,
1962 4252 2084 4322 pacem
2098 4232 2288 4323 publicam,
2311 4249 2344 4305 et
2355 4235 2518 4308 cohercet

504 4333 601 4403 tibus
617 4328 822 4402 discrimina
836 4340 1100 4420 tempestatum,
1124 4351 1240 4397 mores
1255 4329 1375 4399 civiles
1389 4353 1485 4399 com·
1536 4329 1573 4397 vi
1590 4327 1776 4416 corporali.

490 4429 607 4504 'muni
628 4428 813 4504 hominum
835 4428 1097 4521 tranquillitati.
1146 4422 1213 4498 Est
1226 4442 1342 4499 autem
1359 4424 1484 4501 huius-
1637 4427 1757 4516 Quare
1773 4424 1971 4523 Episcopus
1987 4433 2289 4507 excommunicans
2303 4455 2419 4529 neque
2433 4463 2518 4530 pos-

502 4535 601 4605 modi
619 4558 703 4606 usus
715 4525 753 4628 ⁴)
774 4531 988 4603 necessarius
1004 4541 1074 4600 eta
1089 4525 1165 4597 Deo
1182 4530 1369 4618 probatus,
1394 4532 1485 4601 sicut
1535 4527 1706 4599 sessiones
1731 4552 1845 4623 neque
1868 4531 1999 4604 victum
2022 4558 2135 4626 neque
2155 4556 2283 4625 corpus
2296 4559 2412 4630 neque
2427 4542 2519 4611 civi-

503 4635 625 4704 multis
645 4636 733 4706 lucis
748 4637 851 4704 docet
866 4630 1016 4716 Paulus,
1040 4629 1213 4702 utendum
1231 4651 1304 4697 csse
1318 4631 1484 4700 creaturis
1535 4629 1604 4699 lem
1618 4629 1816 4700 societatem
1831 4631 1948 4722 eripit.

503 4729 572 4803 Dei
593 4758 672 4803 curn
696 4732 889 4822 gratiarum
913 4732 1061 4803 actione.
1117 4724 1167 4799 Et
1186 4737 1304 4797 tamen
1325 4752 1408 4799 usus
1431 4746 1484 4803 ta·
1635 4726 1709 4799 Nec
1738 4731 1798 4802 dat
1826 4727 2059 4823 Evangelium
2090 4745 2299 4822 potestatem
2329 4731 2517 4829 Episcopis

503 4832 592 4902 lium
608 4855 728 4902 rerum
744 4829 980 4921 corporalium
995 4854 1070 4901 uon
1086 4828 1249 4899 iustificat
1262 4851 1379 4898 coram
1394 4829 1484 4918 Deo,
1533 4830 1771 4903 constituendi
1794 4845 1856 4903 aut
1880 4833 1970 4925 leges
1990 4834 2130 4909 ferendi
2153 4837 2200 4904 de
2221 4837 2328 4907 rebus
2350 4839 2517 4911 civilibus

501 4932 593 5002 sicut
608 4930 706 5002 Deus
723 4925 1040 5024 praecepitssedere,
1065 4952 1180 5023 neque
1194 4942 1313 5000 tamen
1329 4929 1366 5001 id
1381 4931 1484 5004 iusti·
1532 4945 1594 5004 aut
1609 4932 1726 5021 regnis
1742 4934 1878 5006 mundi.

500 5032 582 5103 licat
610 5027 814 5120 huminem,
845 5031 894 5121 ita
921 5029 1015 5104 dieta
1038 5054 1080 5100 cr
1101 5029 1235 5103 Medici
1256 5034 1483 5126 praescripto,
1561 5051 1563 5057 ·
1634 5032 1733 5104 Sicut
1748 5047 1900 5126 potestas
1914 5035 2029 5106 civilis
2040 5059 2105 5128 pro
2116 5037 2233 5108 officio
2244 5061 2310 5110 suo
2320 5042 2423 5112 debet
2434 5067 2518 5131 pro·

499 5132 586 5206 item
604 5147 849 5227 tempestatum
864 5131 1068 5205 discrimina
1086 5134 1271 5204 observare
1287 5157 1361 5203 non
1378 5133 1481 5205 iusti·
1532 5132 1654 5205 hibere
1680 5136 1882 5219 latrocinia,
1909 5137 2025 5221 turta,
2051 5152 2087 5209 et
2107 5138 2239 5209 similia
2260 5155 2401 5213 externa
2424 5144 2515 5211 deli-

499 5234 596 5306 ficat:
622 5234 707 5307 item
728 5236 848 5306 civiles
864 5259 999 5319 mures,
1024 5249 1066 5306 ut
1081 5259 1156 5305 non
1172 5257 1291 5324 gerere
1305 5260 1402 5307 arma
1416 5238 1479 5308 ubi
1530 5250 1603 5321 cta,
1630 5237 1819 5327 pugnantia
1837 5262 1917 5307 cum
1933 5240 2087 5309 secunda
2104 5239 2244 5325 tabula,
2269 5243 2317 5312 ita
2335 5245 2436 5313 debet
2452 5266 2512 5310 ex-

498 5336 592 5426 leges
606 5330 815 5430 prohibent,
839 5349 901 5406 aut
915 5335 1247 5408 vestiresecundum
1263 5337 1355 5426 leges
1372 5339 1480 5429 exigit
1530 5350 1628 5407 terna
1656 5337 1781 5407 delicta
1811 5338 2005 5427 pugnantia
2038 5363 2119 5410 cum
2150 5341 2264 5430 prims
2286 5344 2404 5414 tabula
2429 5366 2515 5431 pro·

494 5433 611 5522 Deus,
633 5460 750 5532 neque
766 5452 882 5509 tamen
896 5436 934 5505 id
950 5435 1114 5507 iustificat
1128 5458 1246 5505 coram
1259 5432 1349 5509 Deo.
1529 5433 1650 5507 hibere
1678 5449 1713 5505 et
1743 5437 1887 5527 punire,
1924 5441 2016 5511 sicut
2048 5436 2304 5530 blasphemias,
2340 5445 2513 5515 violatum

979 5572 981 5576 v
1527 5537 1792 5622 iusiurandum,
1822 5537 1949 5631 impias
1974 5540 2248 5632 imprecationes
2269 5558 2334 5615 etc.
2360 5547 2442 5639 quia
2466 5547 2512 5614 de

491 5730 496 5737 .
526 5628 557 5741 i)
574 5664 677 5727 gagg
694 5682 779 5735 mus,
806 5663 882 5739 quot
898 5658 1027 5721 erasme
1043 5659 1220 5722 menifestum
1237 5672 1286 5720 ea,
1497 5736 1499 5738 η
1526 5650 1598 5710 tuta
1614 5636 1687 5725 lege
1703 5635 1834 5711 clictum
1852 5655 1917 5714 est:
1944 5642 1999 5713 lex
2012 5657 2064 5715 est
2078 5644 2220 5715 iniustis
2235 5646 2359 5735 posita.
