6025 6775
378 485 405 546 :lt

481 630 552 707 ιιι
1129 606 1287 685 onon
1326 607 1402 683 uu
1435 606 1622 686 suana
1654 604 1848 684 racon.
1890 715 1892 719 Π
2420 579 2518 697 39,-

482 801 551 871 No.
569 791 656 868 156.
1286 807 1335 852 sn.
1360 784 1471 852 1556?
1624 780 1718 852 Loca
1739 792 1856 852 mente
1877 781 2042 872 aspicite,
2066 786 2106 853 in
2120 787 2249 879 quibus
2262 811 2297 860 se
2311 789 2405 863 Deus
2419 816 2495 863 cer·

492 890 662 923 ’Ν
1293 877 1464 913 *⁸⁴
1522 882 1668 953 tissimi:
1683 883 1892 953 testimoniis
1906 884 2084 974 patefecit:
2111 894 2145 957 et
2162 890 2377 963 considerate
2396 896 2495 966 testi-

771 987 848 1071 ΒΘ
885 982 1008 1064 scala
1036 973 1189 1062 Iacob.
1523 982 1645 1054 monia
1666 985 1712 1054 de
1724 981 1820 1067 Deo,
1844 997 1879 1055 et
1899 984 2098 1055 mirandam
2120 983 2298 1061 Ecclesiae
2321 994 2495 1080 guberna-

558 1152 589 1205 tn
602 1148 685 1205 select
706 1143 828 1201 Daetsm.
843 1139 876 1193 Τ·
885 1137 930 1197 ¹V·
945 1151 971 1203 t·
982 1132 1035 1187 498
1047 1151 1123 1206 ‘tto
1140 1131 1258 1192 Servor.
1269 1131 1357 1189 mv,
1372 1151 1400 1205 p.
1409 1134 1472 1190 ⁴52.
1522 1083 1675 1154 tionem:
1707 1084 1887 1175 deplorate
1918 1086 2022 1155 etism
2051 1087 2229 1157 miseriam
2255 1092 2392 1179 generis
2426 1090 2495 1164 hu·

594 1189 760 1273 antona.
772 1209 805 1264 Τ.
819 1208 871 1261 ιιι.
888 1224 916 1276 p·
931 1204 990 1258 tes.
1523 1184 1633 1300 mani.
1683 1181 1759 1303 Qui
1779 1185 1878 1303 locus
1900 1198 1986 1257 tunc
2010 1182 2153 1305 Bethel,
2188 1189 2224 1256 id
2246 1204 2317 1276 cst,
2348 1193 2498 1311 dqmici·

497 1362 624 1431 eaeo
651 1354 698 1426 a
724 1341 831 1462 ιιι
857 1340 992 1430 ¹:⁶⁰t2
1018 1362 1112 1435 ιιι
1133 1342 1327 1415 tuter
1348 1345 1472 1437 teve
1523 1284 1920 1457 battitiis-‘2¹
1941 1283 2500 1464 distulissetis?

844 1455 922 1541 ⁰³3
948 1448 1038 1516 ΕΜ
1057 1440 1120 1516 ²8*
1527 1496 1578 1554 set
1591 1465 1738 1556 aureum
1763 1438 1938 1573 vitulum’,
1963 1502 1998 1558 et
2011 1489 2177 1558 sacrificia
2193 1491 2301 1581 impia
2322 1491 2498 1562 instituis·

495 1590 744 1675 Gerussimum
766 1610 836 1682 est,
868 1618 942 1666 non
961 1603 1100 1663 tanturn
1113 1584 1286 1673 ,humanis
1314 1589 1474 1661 consiliis
1525 1599 1596 1670 set,
1628 1597 1665 1655 et
1685 1600 1803 1679 postea
1824 1586 2040 1684 Samaritani
2065 1590 2117 1658 ibi
2139 1585 2298 1660 ethnicos
2321 1592 2410 1661 ritus
2432 1594 2498 1663 ob-

494 1699 687 1774 Ecclesiam
705 1713 823 1771 coctus
838 1695 1040 1767 docentium
1053 1716 1092 1761 ac
1105 1690 1314 1759 discentium
1328 1694 1473 1777 servari,
1526 1702 1720 1758 servarunt.
1771 1684 1841 1757 Hic
1859 1689 2067 1777 cogitemus,
2100 1713 2207 1783 quam
2228 1692 2421 1762 dolendum
2442 1695 2500 1782 sit,

497 1805 559 1873 sed
581 1802 695 1872 filium
719 1798 787 1870 Dei
812 1798 989 1867 sedentem
1011 1794 1055 1861 ad
1078 1793 1236 1860 dextram
1257 1792 1391 1862 aeterni
1411 1816 1475 1883 pa·
1525 1808 1663 1856 summa
1681 1785 1748 1857 Dei
1761 1789 1965 1859 beneficina
1986 1791 2133 1881 posteris
2157 1806 2376 1888 sanctorum,
2400 1794 2498 1878 luxu,

400 1911 403 1916 '
497 1904 582 1989 tris,
608 1903 663 1972 sui
686 1900 854 1993 agminis,
880 1911 914 1967 et
937 1891 1043 1964 huius
1058 1888 1226 1960 honestae
1240 1893 1473 1962 consociatio:
1526 1886 1739 1971 ambitione,
1779 1887 1980 1960 curiositate
2009 1892 2161 1962 efferatis
2187 1892 2345 1964 furenter
2372 1896 2499 1971 excuti.

497 2004 556 2073 „53
580 2004 759 2076 custodem
783 2021 866 2072 0530,
918 1993 1038 2084 Quare
1074 1991 1141 2081 ipsi
1171 1992 1300 2079 gratias
1328 1993 1475 2080 agimus,
1529 1985 1570 2054 ln
1600 1987 1661 2057 illa
1689 1988 1800 2077 igitur
1828 1991 2075 2061 amoenissima
2107 2007 2205 2083 parte
2234 2008 2366 2079 terrae,
2407 2020 2498 2088 quae

500 2106 597 2196 quod
628 2116 662 2173 et
693 2101 827 2189 colligit
847 2099 940 2167 inter
967 2116 1031 2163 nos
1051 2087 1264 2181 Ecclesiam,
1295 2105 1331 2162 et
1359 2095 1475 2163 studia
1507 2100 1646 2188 ¹postea
1661 2097 1758 2158 sedes
1774 2089 1842 2161 fuit
1859 2091 2014 2163 liliorum
2025 2088 2213 2184 Ephraim,
2236 2118 2316 2165 cum
2331 2096 2500 2185 defatiga-

500 2205 742 2273 doctrinarum
770 2223 844 2269 non
876 2197 962 2267 sinit
996 2192 1169 2280 extingui:
1212 2214 1362 2285 eumque
1399 2207 1474 2264 toto
1527 2202 1583 2257 tus
1605 2185 1730 2272 lacoh,
1753 2214 1826 2259 non
1848 2193 1965 2261 solum
1987 2193 2109 2262 labore
2130 2194 2288 2281 itineris,
2311 2198 2371 2264 sed
2393 2199 2498 2267 etiam

405 2364 410 2371 .
499 2319 641 2394 pectore
664 2319 821 2384 oramus,
846 2294 886 2369 ut
906 2298 1010 2365 nobis
1031 2294 1141 2378 adsit,
1166 2304 1201 2361 et
1214 2314 1279 2361 nos
1294 2306 1409 2381 regat,
1436 2318 1475 2364 ac
1528 2288 1740 2377 cogitatione
1771 2291 1951 2364 exiliisui
1980 2306 2015 2364 ct
2041 2312 2291 2365 aerumnarum
2311 2293 2498 2379 Ecclesiae,

501 2417 643 2475 tueatur
659 2402 840 2472 doctrinae
855 2399 982 2468 studia.
1528 2404 1631 2458 nocte
1655 2413 1778 2459 somno
1800 2415 1986 2481 oppressus
2006 2409 2123 2479 esset„
2139 2396 2228 2464 vidit
2251 2396 2377 2464 scalam
2403 2411 2499 2468 stan-

602 2502 692 2575 Cum
718 2501 897 2571 antemio
923 2493 979 2565 his
1013 2492 1255 2580 congressibus
1283 2504 1474 2586 utrumque
1529 2502 1598 2559 tem
1615 2490 1653 2559 in
1668 2504 1779 2575 terra,
1799 2506 1833 2561 et
1846 2495 2025 2564 cacumine
2040 2496 2176 2566 coelum
2192 2496 2438 2584 attingentem:
2464 2513 2499 2570 et

403 2589 406 2597 ¹
500 2606 578 2674 fieri
595 2608 732 2686 deceat,
754 2597 1125 2670 commonefactionem
1141 2595 1184 2662 de
1206 2593 1384 2663 doctrinae
1401 2607 1475 2665 stu·
1527 2593 1566 2659 in
1581 2594 1673 2660 scala
1688 2593 1832 2679 angelos
1847 2596 2033 2664 ascendere
2055 2608 2091 2665 et
2111 2597 2343 2681 descendere,
2369 2612 2404 2668 et
2419 2600 2498 2669 Do·

500 2708 589 2787 diis,
616 2718 648 2772 et
663 2704 918 2793 precationem,
945 2711 978 2766 et
990 2697 1076 2766 alias
1091 2717 1131 2761 ex
1146 2693 1225 2762 aliis
1242 2694 1397 2763 materiis
1414 2717 1476 2765 su·
1527 2693 1663 2761 minum
1687 2707 1836 2762 stantem
1861 2694 1900 2762 in
1924 2696 2045 2767 scalae.
2056 2695 2211 2785 fastigio,
2237 2709 2272 2766 et
2291 2699 2500 2788 promissio·

499 2805 629 2873 menda
643 2805 689 2872 sit
703 2800 1009 2876 commonefactio,
1034 2817 1131 2863 nunc
1153 2817 1350 2884 proponere
1373 2797 1475 2866 vobis
1527 2816 1589 2862 nes
1623 2794 1855 2884 amplissimas
1884 2798 2063 2865 edentem:
2106 2792 2181 2885 Ego
2212 2819 2289 2867 sum
2322 2796 2499 2869 Dominus

498 2901 685 2975 historiam
698 2904 742 2971 de
754 2901 854 2971 Scala
869 2909 1051 2988 conspecta
1067 2919 1085 2963 a
1100 2894 1205 2962 Iacob
1219 2895 1370 2978 decrevi,
1386 2920 1476 2987 quae
1528 2892 1624 2964 Deus
1642 2890 1843 2979 Abraham,
1869 2920 1928 2964 ero
1946 2909 2063 2966 custos
2080 2909 2172 2976 tuus,
2198 2908 2233 2965 et
2246 2900 2410 2968 reducam
2427 2914 2471 2969 te.

489 3006 691 3076 multarum
713 3023 918 3088 magnarum
941 3020 1060 3067 remim
1090 2994 1285 3064 doctrinam
1309 2998 1475 3067 continet.
1629 2993 1733 3065 lacob
1754 3010 1989 3085 experrectus,
2014 2997 2123 3067 sensit
2140 2998 2283 3066 divinos
2304 3014 2438 3084 motus,
2464 3015 2498 3071 et

497 3104 660 3197 Cumque
672 3101 856 3194 praecipue
868 3102 910 3168 ad
929 3099 1107 3167 docendos
1121 3108 1155 3165 et
1172 3096 1372 3163 excitandos
1384 3097 1476 3165 ado·
1527 3094 1601 3164 Deo
1615 3097 1744 3185 gratias
1758 3097 1848 3185 agit,
1874 3098 2032 3186 agnoscit
2045 3092 2140 3166 hunc
2158 3098 2274 3187 ipsum
2293 3099 2408 3167 locum
2422 3102 2498 3171 fore

498 3207 666 3275 lescentes
689 3197 755 3270 hae
777 3200 954 3270 orationes
976 3191 1193 3274 habeantur,
1228 3190 1319 3263 hanc
1342 3199 1474 3287 sumpsi
1527 3195 1701 3266 Ecclesiae
1721 3196 1915 3287 hospitium
1924 3211 1996 3292 get
2019 3198 2189 3287 oppidum
2213 3200 2310 3290 quod
2332 3213 2433 3270 antea
2456 3203 2500 3272 ab

500 3295 760 3387 narrationem,
785 3315 822 3370 ut
845 3300 945 3393 quasi
966 3298 1155 3384 imaginem
1178 3308 1211 3365 et
1232 3296 1406 3387 picturam
1430 3301 1476 3367 de
1526 3298 1652 3368 arbore
1676 3294 1873 3391 Amygdalo
1895 3322 2027 3368 nomen
2048 3292 2202 3368 habebat
2222 3297 2337 3379 Lusa,
2368 3314 2502 3372 mutato

498 3409 605 3478 rebus
629 3402 790 3473 maximis
811 3399 988 3471 iuventuti
1011 3420 1264 3489 proponerem,
1290 3420 1380 3490 quae
1394 3422 1474 3492 spe·
1527 3401 1671 3469 nomine
1686 3401 1905 3491 nuncupavit
1919 3397 2075 3470 Domum
2082 3399 2160 3485 Dei,
2175 3414 2210 3471 et
2224 3414 2362 3492 portam
2377 3404 2476 3476 coeli.

499 3504 631 3578 ctaeula
652 3504 691 3571 in
714 3501 835 3570 oculos
855 3498 1070 3569 incurrentia
1096 3497 1207 3584 magis
1230 3512 1342 3581 amat,
1368 3525 1472 3591 quam
1627 3499 1720 3570 Tota
1742 3501 1897 3571 narratio
1919 3502 2024 3592 plena
2049 3515 2099 3571 est
2117 3501 2500 3574 dulcissimarum‘con-

499 3607 586 3676 alias
599 3601 764 3671 materias
780 3614 874 3671 extra
890 3611 1113 3688 conspectum
1130 3597 1271 3687 positas.
1324 3601 1474 3690 Acpro-
1526 3605 1669 3672 cionum
1693 3615 1727 3670 et
1740 3601 2050 3689 significationum.
2098 3597 2177 3672 Etsi
2192 3615 2308 3672 autem
2323 3598 2500 3674 exhauriri

496 3711 573 3777 dest
587 3706 624 3773 in
638 3703 796 3771 omnium
811 3700 938 3770 animis
952 3700 999 3769 ali
1011 3711 1044 3767 et
1061 3698 1260 3767 confirmari
1275 3700 1472 3772 doctrinam
1525 3702 1720 3792 amplitudo
1737 3695 1864 3769 harum
1879 3722 1997 3768 rerum
2016 3722 2089 3767 non
2106 3715 2240 3786 potest,
2267 3715 2385 3772 tamen
2401 3728 2503 3796 prae-

499 3810 544 3876 de
559 3803 728 3889 Ecclesia,
755 3816 788 3873 et
805 3824 960 3871 amorem
972 3795 1166 3869 Ecclesiae:
1194 3800 1288 3890 quod
1312 3801 1350 3870 lit
1367 3801 1472 3872 etiam
1526 3805 1627 3895 cipue
1648 3801 1761 3892 capita
1784 3801 1965 3889 attingam.
2017 3796 2209 3868 Patefactio
2234 3801 2357 3868 divina
2375 3808 2501 3874 recita·

497 3903 606 3976 huius
637 3904 746 3972 scalae
777 3901 1068 3971 consideratione.
1127 3896 1338 3992 Priusquam
1366 3905 1471 3972 etiam
1527 3920 1603 3986 tur,
1630 3903 1668 3971 in
1690 3925 1761 3994 qua
1784 3901 1968 3983 discimus,
2000 3894 2193 3968 Ecclesiam
2218 3923 2300 3986 vere
2320 3905 2499 3973 conditam

498 4006 755 4076 enarrationem
770 4001 921 4091 incipio,
945 4023 1008 4070 vos
1033 3993 1203 4069 adhortor
1225 4002 1473 4090 adolescentes,
1525 4029 1599 4076 esse
1615 4028 1635 4074 a
1651 4000 1749 4086 Deo,
1775 4015 1809 4070 et
1824 4001 2016 4071 certissime
2033 4022 2099 4069 nos
2123 4001 2162 4068 in
2175 3996 2331 4070 Ecclesia
2349 4003 2381 4070 ei
2395 4027 2498 4072 curae

497 4121 538 4177 ut
551 4102 735 4176 historiam
749 4104 818 4192 ipsi
832 4102 1013 4171 vobiscum
1030 4101 1233 4190 cogitantes,
1248 4102 1365 4172 sciatis
1381 4097 1473 4174 hanc
1525 4129 1615 4176 esse:
1640 4117 1675 4175 et
1692 4125 1829 4193 semper
1839 4098 2033 4171 Ecclesiam
2048 4125 2068 4170 a
2082 4098 2158 4170 Deo
2174 4103 2316 4173 servari.
2349 4100 2501 4189 Deinde,

497 4208 626 4278 scalam
634 4202 825 4274 Ecclesiam
834 4200 902 4272 Dei
917 4225 1000 4288 esse,
1022 4226 1062 4272 ac
1085 4203 1244 4292 singulos
1256 4218 1418 4296 oportere
1434 4206 1472 4275 in
1525 4207 1611 4301 quid
1633 4205 1678 4274 sit
1699 4199 1877 4289 Ecclesia,
1908 4215 1944 4272 et
1966 4202 2096 4294 quihus
2117 4202 2296 4272 beneficiis
2316 4205 2458 4295 proprie
2479 4229 2500 4274 a

494 4303 935 4398 hisgradibusconsistere,
952 4303 1414 4390 ascendereetdescendere,
1430 4321 1471 4379 ut
1523 4306 1599 4379 Deo
1622 4305 1751 4375 donata
1774 4308 1840 4388 sit,
1866 4318 1902 4375 et
1923 4306 2102 4396 quomodo
2127 4317 2275 4393 regatur.
2327 4303 2423 4375 Haec
2443 4329 2501 4389 sa-¹

497 4412 541 4479 de
554 4402 906 4499 angelishicdicitur.
933 4402 1470 4495 ltaquementectvotisineam
1523 4407 1675 4499 pientia,
1700 4426 1791 4498 quae
1814 4417 1849 4474 ct
1871 4402 1987 4475 Deum
2017 4405 2189 4490 ostendit,
2223 4419 2256 4475 ct
2284 4406 2427 4496 propria
2459 4431 2498 4476 ac

497 4512 624 4578 scalam
642 4508 804 4593 insistite,
830 4519 864 4576 et
877 4528 973 4574 nunc
988 4525 1127 4594 quoque
1144 4501 1238 4571 inter
1253 4505 1471 4593 discendum,
1523 4504 1739 4580 aeternaDei
1752 4506 1919 4592 beneficia
1933 4507 2060 4590 adfert,
2071 4506 2326 4597 longesuperat
2338 4509 2498 4578 omnium

497 4611 541 4675 ad
558 4608 671 4677 Deum
688 4609 880 4689 ascendite,
906 4628 945 4673 ac
957 4603 1083 4694 petite,
1107 4613 1147 4669 ut
1161 4622 1222 4668 vos
1237 4618 1333 4691 regat
1347 4621 1381 4676 et
1396 4629 1469 4676 ser·
1522 4607 1862 4701 sapientissimorum
1901 4602 2087 4676 hominum
2121 4607 2369 4694 cogitationes,
2412 4633 2500 4702 quas

497 4720 567 4778 vet.
616 4705 720 4774 Nunc
742 4709 784 4773 ad
812 4701 996 4776 historiam
1020 4702 1166 4779 accedo,
1200 4701 1335 4794 inqua
1369 4710 1469 4778 vobis
1521 4712 1612 4780 acies
1636 4705 1785 4778 humani
1811 4708 1950 4796 ingenii
1972 4707 2049 4776 sine
2070 4701 2136 4776 hac
2160 4709 2239 4777 luce
2255 4709 2416 4779 invenire
2432 4712 2500 4778 mi-

496 4809 559 4900 qui
575 4802 721 4876 honesta
738 4804 870 4890 colitis,
895 4803 991 4888 regio
1010 4814 1044 4869 et
1056 4799 1267 4889 oppidorum
1284 4804 1468 4880 intervalla
1520 4812 1617 4879 nime
1634 4822 1758 4900 potest.
2448 4869 2452 4878 .

494 4908 626 4977 sintin
650 4917 854 4992 conspectu,
886 4915 920 4971 et
942 4898 1050 4992 ‚quasi
1072 4899 1215 4972 comites
1238 4903 1346 4974 simus
1367 4909 1467 4979 istius
1620 4909 1781 4979 Primum
1811 4920 1928 4980 autem
1964 4908 2002 4975 in
2030 4903 2086 4976 his
2118 4910 2383 4979 narrationibus
2413 4935 2501 4979 con-

492 5010 561 5078 viri
578 5005 722 5099 optimi,
747 5002 997 5094 proficiscentis
1007 5000 1052 5071 in
1071 5001 1215 5073 exilium
1230 5019 1326 5076 metu
1342 5008 1466 5079 frater·
1517 5011 1680 5081 firmatur
1700 5032 1801 5078 mens
1824 5008 2035 5081 testimoniis
2068 5012 2314 5099 patefactionis
2345 5012 2499 5085 divinae.

490 5133 557 5179 nae
589 5106 814 5178 crudelitatis.
873 5100 1066 5175 Habitabat
1097 5101 1194 5174 lsaac
1222 5127 1325 5177 senex
1353 5109 1390 5177 in
1424 5135 1464 5181 co
1517 5110 1602 5182 ldeo
1621 5134 1657 5181 se
1677 5111 1830 5182 ostendit
1845 5108 1940 5179 Deus
1956 5108 2116 5200 patribus
2131 5113 2235 5181 certis
2251 5125 2284 5182 et
2299 5113 2497 5183 illustribus

488 5222 623 5293 tractu,
648 5207 709 5300 qui
731 5221 850 5294 postea
876 5205 942 5275 fuit
963 5206 1060 5274 sedes
1082 5205 1195 5274 tribus
1214 5203 1322 5287 luda,
1355 5235 1464 5302 prope
1517 5210 1745 5284 testimoniis:
1774 5225 1814 5280 ut
1836 5204 2001 5280 Abrabae
2020 5210 2197 5300 promittit
2218 5213 2352 5297 lilium,
2383 5235 2423 5279 ex
2445 5212 2496 5278 ef·

486 5309 645 5393 Hebron,
658 5307 741 5375 inde
758 5308 978 5394 proficiscens
995 5305 1098 5374 lacob
1114 5306 1462 5397 versusSeptentrio-
1516 5315 1606 5385 foeta
1630 5326 1665 5380 et
1689 5311 1801 5381 sterili
1825 5334 1914 5393 anu,
1938 5323 1979 5379 ut
2000 5311 2149 5380 sciamus
2166 5336 2247 5381 vere
2262 5311 2376 5382 Deum
2393 5308 2496 5377 colli·

485 5436 566 5480 nem
595 5424 628 5479 et
650 5427 829 5488 occasum,
863 5408 906 5473 ed
928 5407 1045 5474 locum
1070 5403 1134 5471 ubi
1158 5417 1278 5491 postea
1302 5409 1460 5485 Samaria
1514 5436 1594 5502 gere
1609 5410 1823 5497 Ecclesiam,
1849 5424 1883 5481 et
1897 5411 1935 5478 in
1951 5433 1991 5480 ea
2008 5412 2141 5491 adesse,
2168 5436 2270 5504 opem
2285 5413 2376 5480 ferre
2387 5409 2493 5477 invo-

480 5502 1461 5605 soit,qiroodistabatoctonostrismiliaribusaloroso-
1513 5515 1695 5592 cantibus,
1728 5526 1760 5581 et
1784 5512 1938 5603 recipere
1962 5534 2039 5595 eos,
2073 5526 2109 5582 et
2130 5511 2280 5582 aeternis
2303 5510 2409 5578 bonis
2431 5534 2492 5578 or-

477 5617 584 5708 lyma.
636 5607 789 5697 Fuitque
810 5602 1058 5674 ³m⁰⁰¹¹i⁸⁸l¹1¹⁸
1078 5624 1159 5690 Pars
1181 5604 1290 5675 totius
1305 5607 1452 5685 Palesti-
1512 5639 1607 5684 nare.
1658 5610 1814 5697 Agamus
1835 5613 1945 5701 igitur
1963 5610 2039 5683 Deo
2063 5613 2191 5701 gratias
2214 5634 2278 5700 pro
2301 5603 2359 5678 bis
2391 5624 2491 5701 pate-

474 5739 559 5800 nae,
584 5740 689 5809 quam
700 5720 821 5800 postea
839 5704 951 5777 tribus
968 5696 1138 5796 Ephraim
1158 5707 1325 5795 possedit.
1509 5711 1739 5794 factionibus,
1765 5726 1799 5780 et
1815 5714 1966 5784 sciamus
1981 5736 2038 5782 eas
2059 5716 2103 5782 ad
2129 5734 2193 5781 nos
2214 5722 2355 5804 quoque
2381 5714 2494 5805 perti·
