6025 6775
479 722 552 795 aas
725 663 932 787 scurra
955 693 1032 774 ru.
1057 639 1591 769 amanuensem.
1616 672 1905 755 cremnos.
1931 672 2254 756 securarum
2426 686 2503 761 aas

487 888 609 964 scribit
620 874 719 957 Dion
735 903 756 950 a
773 885 909 968 spectro
924 868 1091 937 eductum
1108 879 1183 930 esse
1204 856 1244 925 in
1265 853 1389 939 locum}
1408 866 1468 924 tu·
1622 845 1670 922 Ut
1682 860 1799 920 autern
1815 860 1961 941 propter
1984 850 2171 940 religionis
2191 851 2343 945 speciem
2361 869 2396 927 et
2418 854 2504 947 plu-

490 996 617 1064 tiorem
638 1010 679 1056 ex
703 978 869 1051 cadomo
891 958 1121 1047 Antiochiae,
1156 959 1197 1028 in
1221 979 1328 1051 quam
1350 954 1472 1024 direr—
1502 964 1576 1023 ‘res
1590 960 1858 1034 concurrerent,
1881 961 1916 1019 et
1936 964 2111 1023 cresceret
2132 954 2299 1041 audacia,
2324 956 2393 1026 dur
2407 955 2505 1025 sedi-

492 1105 591 1164 terat.
1522 1053 1695 1124 tiosorum
1708 1047 1836 1120 tribuit
1849 1048 1918 1119 sibi
1932 1049 2077 1121 titulum
2092 1046 2285 1136 Messias,
2309 1068 2398 1127 etut
2413 1056 2507 1126 allu-

594 1179 643 1256 Ut
656 1177 765 1269 igitur
779 1172 970 1248 seditiones
984 1165 1023 1233 in
1039 1186 1080 1234 ea
1095 1159 1227 1230 vicinia
1246 1155 1475 1251 opprimeret,
1523 1155 1623 1224 deret
1654 1150 1699 1219 ad
1729 1147 1956 1219 vaticininmz‘
2004 1146 2157 1223 Orietur
2181 1159 2286 1226 stella
2316 1181 2358 1227 er
2392 1155 2513 1239 lacob,

495 1289 629 1363 bellum
649 1290 769 1351 movet
785 1288 907 1346 contra
920 1268 1120 1357 Agarenos,
1145 1258 1209 1354 qui
1227 1259 1374 1329 luerunt
1395 1275 1476 1349 pars
1524 1252 1729 1325 nominatus
1750 1260 1802 1319 est
1816 1244 2068 1337 RenCochab,
2092 1253 2129 1322 id
2150 1268 2223 1342 est,
2250 1258 2346 1328 filius
2373 1257 2511 1328 stellae.

497 1389 678 1465 Arabum,
704 1377 790 1448 dicti
804 1377 849 1446 ab
864 1373 981 1461 Agar,
1007 1364 1134 1436 ancilla
1149 1354 1328 1432 Abrabae.
1526 1352 1604 1427 Alii
1617 1349 1781 1421 scribunt
1795 1343 2028 1434 Barchobab,
2051 1356 2146 1444 quod
2163 1379 2308 1445 proteu,
2324 1359 2423 1427 idem
2447 1370 2514 1428 ρει,

601 1479 776 1555 Existimo
813 1488 932 1547 autern
965 1491 1007 1537 eo
1040 1461 1229 1536 colluviem
1265 1457 1477 1530 ludaeorum
1526 1454 1619 1525 Nam
1635 1445 1760 1523 etBsrr
1777 1444 1905 1521 etBar
1920 1450 2270 1540 significantlliliurn.
2307 1455 2379 1526 Hic
2394 1480 2515 1527 annos

503 1583 723 1662 confluxisse,
1445 1628 1449 1634 ,
1529 1555 1668 1646 aliquot
1698 1551 1736 1621 in
1760 1552 1837 1641 ipsa
1862 1549 1993 1621 Iudaea
2015 1554 2133 1624 tenuit
2159 1556 2414 1650 quinquaginta
2450 1581 2517 1627 ca-

604 1684 648 1756 ln
669 1681 744 1751 eius
761 1671 850 1747 belli
873 1679 1045 1762 apparatu
1066 1686 1147 1734 curn
1170 1659 1339 1750 coepisset
1358 1676 1482 1745 aegro·
1532 1655 1633 1726 stella
1657 1666 1693 1726 et
1718 1664 1918 1741 nongentos
1934 1665 1970 1723 et
1984 1654 2164 1743 octoginta
2177 1658 2290 1736 vicos,
2319 1671 2355 1730 et
2376 1658 2514 1727 muniit

505 1809 579 1863 tare
601 1781 762 1879 hydrope
776 1772 975 1850 Traianus,
1001 1767 1178 1874 ppofectus
1191 1761 1231 1829 in
1247 1756 1409 1831 Ciliciam
1431 1753 1483 1824 ibi
1532 1755 1704 1850 oppidum
1713 1746 1909 1839 Bethoron,
1923 1752 2032 1824 situm
2047 1752 2278 1826 inBeniamin
2288 1752 2517 1848 etEphraim,

505 1901 668 1961 mortuus
687 1894 740 1951 est
760 1898 856 1947 anuo
879 1870 1001 1942 aetatis
1020 1889 1103 1937 suae
1119 1860 1329 1951 sexagesimo
1346 1869 1486 1952 quarto,
1534 1857 1629 1949 quod
1645 1854 1732 1924 olim
1747 1851 1962 1924 etSalomon
1978 1854 2168 1931 munierat.
2216 1852 2271 1927 Ex
2286 1882 2325 1927 ea
2339 1881 2416 1928 arce
2431 1881 2517 1927 cum

506 2011 587 2063 cum
607 1988 812 2075 imperasset
835 1994 949 2044 annos
972 1970 1091 2039 decem
1113 1977 1148 2035 et
1167 1984 1315 2042 novem,
1349 1976 1487 2027 menses
1536 1955 1738 2045 eruptiones
1755 1954 1930 2036 iacerent,
1955 1977 2059 2045 saepe
2072 1953 2257 2038 Romanos
2272 1958 2518 2050 profligarunt.

508 2115 586 2173 sex,
612 2086 687 2155 dies
709 2074 926 2173 quindecim.
982 2069 1035 2139 lta
1059 2089 1138 2136 cum
1160 2075 1372 2154 postremam
1394 2053 1487 2127 hanc
1537 2056 1609 2130 Sed
1630 2054 1737 2125 rediit
1758 2054 1796 2122 in
1818 2052 1958 2149 Syriam
1976 2052 2176 2143 Adrianus,
2208 2072 2244 2130 et
2262 2059 2431 2149 oppidum
2442 2056 2518 2126 Be-

510 2185 769 2281 expeditionem
782 2178 827 2247 ad
843 2170 1031 2244 Orientem
1047 2167 1181 2236 multae
1195 2161 1408 2232 calamitates
1428 2179 1489 2226 er·
1536 2152 1670 2229 thoron
1691 2153 1830 2226 obsedit
1851 2178 1961 2225 annos
1981 2170 2051 2226 tres
2083 2169 2118 2227 et
2147 2180 2208 2229 sex
2236 2181 2383 2230 menses.
2457 2156 2516 2226 Ibi

419 2326 423 2332 ·
512 2287 687 2379 ceperint,
709 2279 812 2351 etiam
828 2276 867 2344 in
884 2270 952 2344 hoc
966 2268 1127 2362 principe
1142 2262 1299 2335 cernitur
1307 2259 1487 2331 Fortunae
1538 2282 1620 2330 curn
1642 2255 1746 2327 multi
1767 2255 1807 2324 in
1824 2255 1965 2348 praeliis
1988 2256 2192 2345 interirent,
2225 2274 2260 2332 et
2280 2261 2401 2353 plures
2424 2258 2519 2328 lame

512 2382 760 2459 inconstantia,
1540 2372 1575 2432 et
1600 2357 1803 2451 pestilentia
1830 2370 2072 2445 morerentur,
2108 2360 2248 2430 tandem
2278 2359 2452 2452 oppidum
2479 2356 2522 2424 vi

1540 2472 1680 2550 captum
1696 2472 1767 2542 est,
1793 2470 1828 2528 et
1842 2458 2045 2529 interiectus
2060 2472 2112 2529 est
2129 2461 2199 2529 dns
2219 2458 2404 2531 seditionis
2417 2456 2522 2527 Ben-

566 2591 674 2659 Anno
692 2578 818 2652 mundi
834 2587 957 2671 quater
970 2569 1158 2642 millesimo
1175 2561 1421 2655 octuagesimo.
1541 2554 1696 2645 cochab,
1736 2581 1841 2653 quem
1872 2572 1991 2650 postea
2014 2556 2136 2629 ludaei
2163 2561 2393 2631 nominarunt
2413 2556 2524 2626 Ben-

568 2692 676 2758 Anuo
690 2676 934 2755 urbisRomae
947 2669 1255 2762 octingentesimo,
1280 2661 1492 2753 sexagesimo
1542 2661 1666 2746 corba,
1691 2659 1730 2728 id
1745 2673 1815 2746 est,
1840 2659 1952 2729 filium
1972 2660 2168 2746 mendacii,
2192 2663 2287 2754 quod
2301 2661 2389 2730 ialso
2413 2659 2524 2729 iacti-

718 2791 854 2853 0ctevo.
1542 2774 1647 2833 tassct
1662 2784 1698 2831 εε
1711 2758 1880 2830 Messium
1894 2782 1987 2844 esse,
2013 2774 2046 2832 et
2063 2774 2341 2851 recuperatorem
2355 2757 2523 2831 Iudaeae.

567 2891 675 2958 Anno
690 2881 825 2957 Christi
843 2875 1035 2949 centesimo
1052 2869 1194 2943 decimu
1205 2880 1341 2941 octavo.
1627 2860 1804 2933 Numerus
1817 2861 2080 2932 interfectorum
2094 2861 2262 2932 scribitur
2275 2860 2394 2944 luisse,
2412 2848 2524 2950 quin-

1544 2964 1644 3057 quies
1658 2961 1697 3037 C.
1711 2962 1824 3032 millia
1841 2957 2036 3031 hominum.
2088 2956 2163 3030 Alii
2185 2962 2249 3056 qui
2268 2959 2463 3053 pestilentia
2484 2974 2523 3028 et

1543 3060 2416 3155 hmepuhmm,rmnpmmnmtmmumm
2475 3058 2525 3130 ln

618 3178 779 3256 Publius
796 3172 922 3246 Aelius
939 3166 1132 3241 Adrianus
1149 3164 1313 3239 successit
1326 3160 1495 3232 Traiano.
1544 3160 1613 3237 hoc
1625 3164 1720 3234 bello
1734 3161 2132 3255 potentialudaeorum,
2157 3177 2289 3256 quanta
2303 3161 2441 3254 reliqua
2454 3161 2526 3233 luit

407 3299 412 3313 “
519 3289 652 3365 Tenuit
666 3282 854 3376 imperium
870 3299 983 3348 annos
997 3271 1143 3364 viginti,
1166 3287 1303 3337 menses
1318 3262 1497 3347 undecim,
1544 3266 1653 3335 fracta
1675 3276 1745 3348 est,
1778 3277 1814 3334 et
1834 3263 2034 3356 exemplum
2055 3264 2278 3358 propositum
2303 3279 2355 3335 est
2374 3263 2526 3353 dignum

519 3397 613 3464 filius
621 3384 773 3460 Adriani
781 3378 981 3464 Senatoris,
1007 3374 1070 3469 qni
1082 3369 1316 3443 consobrinus
1330 3363 1397 3436 luit
1405 3360 1498 3433 Tra·
1546 3364 1845 3447 consideratione,
1889 3366 1984 3459 quod
2013 3365 2188 3452 ostendit,
2229 3366 2351 3460 quales
2385 3364 2525 3436 furores

521 3494 616 3577 iani,
640 3490 778 3580 fuitque
798 3497 942 3575 paterna
966 3476 1104 3567 origiue
1126 3497 1168 3543 ex
1192 3461 1497 3563 oppidoagriPi-
1546 3469 1618 3539 sint
1639 3465 1678 3535 in
1699 3466 1819 3558 impiis
1841 3462 1953 3536 a‘Deo'
1971 3466 2135 3551 abiectis,
2159 3490 2240 3537 curn
2255 3466 2425 3538 fatalibus
2441 3490 2526 3560 poe-

522 3595 599 3665 ceni
616 3583 749 3660 Adria.
1545 3570 1604 3638 nis
1619 3581 1802 3657 urgentur.
1835 3562 1883 3638 Et
1896 3568 2002 3639 simul
2016 3580 2154 3653 monet,
2178 3591 2223 3636 ne
2239 3568 2326 3638 salso
2343 3581 2526 3660 praetextu

622 3688 814 3761 Discedens
834 3682 1011 3752 Traianus
1030 3702 1070 3748 ex
1092 3673 1196 3770 Syria
1217 3692 1336 3761 aeger,
1374 3673 1498 3755 regen-
1547 3668 1733 3758 religionis
1773 3667 1963 3739 seditiones
2002 3681 2226 3748 moveantur,
2278 3669 2368 3741 sicut
2402 3682 2525 3740 nostro

410 3808 415 3820 '
524 3799 701 3865 dameam
722 3786 883 3856 Adriano
905 3782 1058 3853 dederat.
1117 3775 1237 3864 Quare
1258 3769 1431 3841 moriente
1457 3788 1497 3834 00
1547 3783 1706 3860 ternpore
1738 3768 1896 3841 lecerunt
1929 3765 2183 3861 Anabaptistae
2213 3767 2525 3854 Monasterienses,

524 3920 603 3967 cum
620 3906 654 3967 et
670 3887 840 3961 exercitus
863 3881 1041 3975 praecipui
1065 3877 1104 3945 in
1127 3876 1171 3944 iis
1193 3871 1280 3942 locis
1304 3879 1438 3950 essent,
1466 3880 1499 3937 et
1547 3892 1701 3964 qnorum
1723 3893 1782 3940 rex
1806 3893 1888 3940 vere
1908 3869 1976 3940 iuit
1998 3867 2223 3959 BcuCosba,
2262 3871 2394 3955 idest,
2431 3871 2528 3942 filius

523 4020 650 4087 magna
672 4003 761 4062 esset
781 3985 950 4058 autoritas
973 3977 1125 4052 Adriani
1154 3985 1298 4068 propter
1319 3968 1500 4058 cognatio-
1554 3970 1743 4041 mendacii.

509 4083 606 4167 xnem
624 4091 791 4174 Traiani,
816 4102 851 4158 et
872 4095 1016 4179 propter
1038 4079 1150 4172 ipsius
1166 4070 1377 4145 industriam
1396 4091 1500 4139 nuno
1650 4069 1772 4140 ludaei
1793 4070 1861 4162 ipsi
1880 4065 1972 4140 hanc
1995 4066 2180 4142 historiam
2201 4069 2412 4144 atrocissime
2436 4093 2531 4142 nar-

525 4201 558 4268 ei
574 4196 750 4288 praelatus
766 4203 827 4260 est.
877 4183 1160 4273 Etadoptatusa
1177 4176 1335 4246 Traiano
1358 4170 1502 4241 diceba-
1548 4186 1648 4256 rant,
1673 4169 1994 4242 etdicuntliellum
2019 4165 2086 4242 hoc
2107 4173 2345 4247 continuatum
2365 4191 2445 4240 esse
2470 4196 2529 4243 ser

523 4315 601 4385 tur,
624 4319 685 4369 seu
702 4316 803 4377 vere,
828 4284 889 4358 seu
907 4277 1228 4372 lingentePlotina,
1253 4268 1502 4361 coniugeTra-
1549 4294 1675 4348 annos.
1732 4268 1812 4364 lpse
1835 4267 2016 4343 Adrianus
2040 4274 2178 4366 scripsit
2196 4272 2239 4342 ad
2258 4269 2433 4343 Senatum
2449 4271 2529 4345 Ro-

524 4403 616 4486 iani,
642 4421 732 4493 quae
747 4392 887 4463 amabat
899 4381 1111 4456 Adriauum.
1162 4376 1311 4466 Scripsit
1333 4375 1378 4442 ad
1391 4370 1503 4443 Sena·
1550 4397 1717 4454 manum,
1741 4395 1787 4443 ne
1801 4367 1893 4442 hanc
1907 4373 2090 4444 victoriam
2112 4397 2219 4465 parvo
2239 4372 2364 4442 labore
2388 4388 2528 4465 partam

523 4518 599 4574 tum
616 4525 653 4571 se
668 4521 744 4569 non
758 4493 913 4583 accipere
936 4481 1124 4577 imperium
1133 4528 1146 4563 ‚
1172 4477 1242 4548 nisi
1256 4473 1449 4548 etSenatus
1466 4471 1501 4540 id
1526 4523 1529 4556 2
1552 4475 1807 4545 existimarent:
1834 4475 1926 4544 etad
1942 4496 2061 4566 pacem
2078 4471 2239 4545 Orientis
2260 4473 2391 4545 scirent
2410 4475 2527 4567 pluri·

523 4604 690 4672 iussisset,
1525 4562 1529 4636 Ι
1551 4597 1649 4644 mum
1665 4577 1861 4644 conducere
1875 4569 1982 4645 huius
1995 4574 2176 4645 seditionis
2191 4577 2472 4669 oppressionem.

629 4698 736 4769 lnitio
752 4690 893 4783 imperii
906 4699 948 4760 n't
963 4681 1225 4757 citiusliomam
1242 4675 1362 4747 venire
1377 4686 1504 4766 posset,
1651 4672 1725 4743 Nec
1742 4688 1878 4746 tantum
1893 4673 2083 4761 Romanis,
2109 4679 2170 4746 sed
2195 4679 2300 4748 etiam
2312 4672 2529 4748 Christianis

528 4814 564 4871 ct
595 4794 799 4891 provinciae
830 4790 870 4859 in
901 4784 1051 4859 Oriente
1083 4777 1347 4872 tranquilliores
1379 4787 1504 4859 essent,
1551 4774 1619 4846 init
1633 4768 1744 4847 hostis
1759 4775 1819 4844 ille
1833 4773 2024 4850 Bencosba.
2075 4775 2290 4873 Ubicunque
2307 4777 2399 4848 enim
2420 4800 2530 4846 occa-

529 4925 609 4973 cum
623 4894 739 4971 adhuc
754 4893 794 4963 in
810 4887 952 4986 Assyria
976 4895 1082 4968 esset,
1107 4881 1229 4950 volens
1250 4875 1353 4947 cessit
1374 4875 1419 4942 de
1434 4869 1504 4943 As-
1552 4877 1604 4947 sio
1619 4876 1705 4956 suit,
1730 4877 1969 4948 cmdelissime
1983 4878 2158 4950 interfecit
2172 4876 2389 4951 Christianos
2403 4878 2444 4946 in
2456 4874 2528 4948 Pa·

529 5001 639 5097 syria,
664 5016 697 5074 et
713 4991 947 5092 pacemiecit,
971 4997 1155 5057 contentus
1178 4978 1289 5051 reteri
1313 4973 1444 5059 limite,
1469 4987 1503 5045 et
1526 5002 1530 5064 5
1551 4977 1709 5048 laestina.
1772 4975 1863 5048 Cum
1893 4978 2002 5069 igitur
2031 4994 2149 5072 postca
2172 4970 2353 5050 Adrianus
2382 4978 2528 5073 pelleret

529 5103 654 5197 Syriae
682 5115 716 5172 et
744 5098 823 5168 aliis
856 5088 1047 5185 provinciis
1076 5099 1228 5157 rectores
1249 5080 1357 5152 dedit.
1427 5073 1503 5167 lpse
1552 5075 1720 5162 ludaeos,
1746 5078 1906 5150 distinxit
1928 5081 1974 5151 ab
1995 5076 2295 5152 eisChristianos:
2328 5094 2463 5153 etcum
2487 5082 2524 5148 in

528 5203 682 5277 Romam
705 5192 818 5280 venit',
853 5204 894 5265 ut
914 5193 966 5263 ibi
987 5188 1117 5260 iudicia
1139 5184 1337 5255 restitueret
1362 5190 1397 5248 et
1419 5202 1503 5268 pro-
1525 5212 1528 5257 ;
1553 5177 1788 5274 ierosolymae
1810 5176 1924 5248 ruinis
1945 5202 2069 5254 rursus
2089 5183 2264 5254 aedificari
2286 5184 2412 5254 urbem
2435 5182 2528 5250 sine-

526 5260 2528 5381 <mmmmmfflwfflfflfflmfflmssmwmmmfflmmmfflmmm

528 5414 614 5480 bant
636 5395 866 5477 tumultuari,
905 5389 1036 5461 lulium
1060 5385 1229 5457 Severum
1253 5406 1294 5451 ex
1315 5378 1501 5450 Britannia
1523 5375 1528 5513 ᾖ
1550 5380 1652 5450 cessit
1673 5393 1713 5450 ut
1732 5378 1782 5446 ibi
1799 5372 1995 5453 Christiani
2018 5376 2230 5459 habitarent.
2280 5383 2440 5478 Fuitque
2458 5385 2531 5476 pri·

443 5534 448 5538 ·
527 5505 728 5588 accersivit,
753 5494 841 5567 etin
853 5490 992 5586 Syriam
1006 5485 1120 5569 midi,
1150 5495 1191 5552 Ul
1209 5480 1357 5553 1ῦᾶὃωῦ
1378 5479 1501 5570 oppri·
1522 5531 1526 5576 3
1549 5503 1628 5553 mus
1648 5474 1844 5571 Episcopus
1865 5477 2108 5566 ibiMarcus,
2142 5511 2216 5556 non
2238 5510 2278 5556 es
2304 5485 2449 5556 ludaeis
2462 5511 2532 5578 pa-

525 5622 658 5696 mmt,
681 5604 743 5700 qui
759 5619 832 5669 non
846 5612 952 5663 ausus
968 5607 1093 5676 magna
1106 5583 1235 5675 praelia
1251 5583 1364 5653 iacere
1388 5591 1422 5649 et
1442 5581 1499 5650 di·
1521 5580 1526 5671 ἒ
1547 5579 1706 5650 rentibus
1722 5593 1835 5652 natus.
1887 5580 1988 5654 Adeo
2004 5585 2114 5676 igitur
2128 5601 2212 5660 tunc
2225 5599 2358 5657 mutata
2374 5600 2431 5660 est
2446 5588 2534 5657 urbs

526 5714 654 5783 micare
677 5731 758 5780 cum
778 5689 1019 5771 audacissimis
1039 5685 1255 5768 latronibus,
1296 5677 1402 5754 traxit
1422 5681 1499 5750 bel·
1520 5676 1524 5771 i
1545 5678 1775 5771 lerosolyma,
1805 5695 1844 5754 ut
1867 5707 1932 5753 nec
1953 5684 2044 5757 ritus
2064 5711 2131 5757 nec
2152 5690 2245 5759 cives
2268 5685 2444 5771 ludaeos,
2469 5712 2534 5756 nec

524 5811 609 5883 lum.
654 5811 793 5882 Interea
809 5799 901 5872 vires
915 5786 1125 5867 Iudaeorum
1139 5786 1365 5860 confirmatae
1378 5795 1471 5855 sunt.
1517 5783 1523 5876 ‚⁷
1545 5803 1675 5850 nomen
1694 5798 1792 5855 retus
1810 5785 2077 5866 retinuerit‚·ut
2098 5789 2200 5860 clare·
2215 5789 2372 5881 conspici
2400 5806 2534 5884 posset,

854 3025 1159 3098 Adrianus
